2897 4318
1197 192 1316 276 359
159 264 1213 348 l'avoir serrée sur sa poitrine, après que leurs larmes
157 337 1210 403 se furent mêlées, il s'en sépara brusquement et sortit.
207 386 447 452 Où allait-il?
196 439 1204 503 Madame Doulens, absorbée par les soins que ré¬
157 487 1211 565 clamait sa fille, ne se le demanda pas longtemps;
163 551 1208 611 d'ailleurs, Jean-Marie et elle avaient pleuré ensemble,
157 597 1210 662 leurs cœurs avaient battu l'un contre l’autre, c’était
150 653 1213 712 là un pacte d’union sacré, bien que tacite, auquel
159 695 736 767 Jean-Marie ne pouvait faillir.
192 752 1208 809 En effet, près de ce petit lit où madame Dourlens
150 807 1210 860 avait abjuré toute haine, Jean-Marie, lui, avait fait
159 856 1202 919 un autre serment; il avait fait le serment d’y amener
157 910 1204 972 ses deux autres sœurs, et ce serment, il l'accomplit.
192 961 1210 1021 Les raisons puissantes, les paroles de conviction,
156 1006 1204 1076 les appels éloquents que lui inspira sa sainte mission,
157 1063 1210 1125 personne ne nous les a révélés, mais Dieu lui-même
150 1118 1202 1179 dut mettre sur ses lèvres la persuasion qui ébranle
150 1171 1204 1228 et entraîne, car, après trois conférences, la tante
145 1221 1204 1283 Louise prit son chapeau et son châle, et l’accompagna
150 1274 1204 1325 chez la tante Aline, qui n’hésita point une minute à
150 1319 1202 1383 faire ce que faisait sa sœur, de sorte que, quelques
146 1376 1195 1433 instants plus tard, tous trois entraient chez madame
145 1424 351 1486 Dourlens.
187 1475 1204 1543 Anna-Cécile dormait. Quand elle rouvrit les yeux,
1288 285 2335 410 elle aperçut et reconnut, veillant sur son sommeil,
1283 351 1936 428 sa mère, son oncle et ses tantes !
1330 397 2008 479 « Le beau rêve! » murmura-t-elle.
1330 450 2333 533 Mais comme elle se sentit les joues et les mains
1288 512 2326 589 couvertes de baisers et de larmes; elle se dressa sur
1294 556 2337 633 son séant, elle palpa les quatre têtes qui se penchaient
1296 619 2333 686 vers elle, comprit que ce n’était point un rêve, et
1294 651 2333 754 l'excès du bonheur la fit retomber défaillante sur son
1340 765 2339 838 Un grand cri, formé de quatre cris déchirants,
1288 818 2342 886 retentit dans la petite chambre. Sa mère, son oncle et
1286 867 1874 935 ses tantes la croyaient morte.
1338 919 2339 988 Elle rouvrit sa paupière appesantie où parlait une
1283 963 1429 1034 larme.
1336 1027 2337 1103 « Vous n’êtes plus fâchés, murmura-t-elle, Dieu me
1286 1056 1768 1144 fera la grâce de vivre! »
1327 1127 2335 1202 Et elle vécut; et six semaines après ceci, faisant,
1297 1179 2337 1252 par une faveur spéciale, cette première communion
1288 1239 2324 1296 qu’elle n’avait pu faire en grande pompe, mais à la¬
1286 1283 2333 1354 quelle, néanmoins, toute la ville assista, l’ineffable
1288 1330 2344 1405 douceur lui fut donnée de voir auprès d'elle, à la
1283 1380 2344 1455 sainte table, sa mère, son oncle Jean-Marie et ses
1283 1433 2337 1504 tantes Aline et Louise, dorénavant et à jamais unis
1285 1482 1691 1550 en Dieu et par elle!
1770 1486 2227 1556 Mme ADAM BOISGONTIER.
503 1845 1975 1960 LES BATONS FLOTTANTS
1261 1997 2247 2094 De loin c'est quelque chose, et de près ce n'est rien !
654 2167 689 2198 I
190 2251 1195 2313 C’était vers la fin de l’hiver, au moment où les réu¬
148 2302 1204 2370 nions, les fêtes et les plaisirs redoublent de fréquence
145 2359 1195 2414 et d’éclat; le printemps allait arriver, les lustres des
143 2408 1195 2470 salons jetaient leurs derniers feux, et les fleurs des
145 2465 1190 2522 champs, les fleurs des jardins allaient remplacer ces
148 2509 1202 2566 pauvres arbustes mercenaires, produits maladifs de
139 2562 1195 2617 l’industrie parisienne, qui étalent dans les vestibules
145 2613 1199 2677 et les escaliers leurs fleurs sans parfum, et vivent
148 2661 567 2732 l’espace d’une soirée.
183 2710 1195 2769 Deux jeunes filles en Herlette de bal étaient debout
150 2763 1191 2822 dans un petit Salon de travail; à en juger par l’impa¬
148 2816 1193 2869 tience que la plus jeune témoignait franchement, elles
150 2869 1191 2932 devaient attendre depuis quelque temps déjà, et ce¬
157 2919 1193 2985 pendant elles n’étaient point assises. S’asseoir, en toi¬
148 2968 1200 3029 lette de bal! risquer de froisser ces robes de tulle
154 3020 1190 3082 blanc, dont la fraîcheur était le seul ornement! Cepen¬
145 3076 1199 3135 dant l’aspect de ce petit Salon était bien fait pour
148 3135 1193 3179 engager au repos, et il offrait mille ressources pour
145 3177 1195 3230 tromper l’attente et faire passer doucement les heures.
145 3224 1199 3285 Un grand feu brillait dans la cheminée; une table
145 3279 1199 3336 ronde était chargée de livres, d'ouvrages commencés
150 3327 1204 3384 et d'albums de dessins; un petit piano ouvert portait
150 3384 1204 3429 sur son pupitre une sonate de Haydn dont le titre
154 3418 1190 3488 disparaissait à moitié sous un quadrille des Lanciers
205 3481 1202 3536 Tous ces objets chers et familiers attirèrent enfin
150 3530 1195 3583 l’attention de l’aînée des jeunes filles, et elle se dirigea
157 3579 1208 3631 vers un fauteuil placé près de la table, qu'éclairait
159 3623 1211 3708 une grande lampe à abat-jour de porcelaine; elle
1277 2119 2322 2222 s’asseyait déjà, lorsqu’un petit cri d’effroi poussé par
1279 2203 2244 2266 sa sœur, lui fit quitter précipitamment son siége.
1321 2253 2328 2317 « Pauline, ta robe ! Tu oublies ta robe! Vois quels
1283 2293 2328 2368 plis a déjà pris ta troisième jupe ! Peux-tu songer à
1277 2361 1464 2427 t’asseoir?
1332 2392 2324 2461 — Je suis fatiguée de ne rien faire, et j’aime mieux
1279 2461 2322 2522 attendre en travaillant. Fais comme moi, tu n’es pas
1285 2509 2322 2567 encore gantée, prends ton ouvrage et tu attendras
1279 2558 2322 2622 plus paisiblement l’arrivée de notre père. Tu sais bien
1285 2611 2319 2674 que, lorsqu’il est en affaire, on ne peut jamais prévoir
1285 2661 1658 2732 quand il sera libre.
1372 2701 2322 2769 C’est parce que je le sais, que je me désespère.
1285 2763 2322 2815 O mon Dieu ! il me semble, en te voyant tranquillement
1277 2816 2309 2864 assise et travaillant, qu’il faut en prendre son parti,
1279 2875 2320 2923 et renoncer au bal; je ne puis t’imiter, ma broderie
1279 2913 2315 2974 irait de travers, et je ne pourrais lire une demi-bage.
1288 2970 2315 3025 Nous allions partir, mon père était là, tout prêt, tous
1285 3014 2317 3082 ganté, son chapeau à la main, lorsqu’un étranger
1279 3074 2317 3142 sonne, entre, l’enlève sous nos yeux et le séquestre
1279 3122 1810 3179 depuis.... depuis un siècle !
1330 3171 2317 3230 — Depuis dix minutes, dit Pauline en souriant et en
1283 3219 2315 3283 indiquant la pendule; quant à cet étranger, tu sais
1279 3267 2315 3332 bien qu'il s'est fait annoncer comme un vieil ami!
1283 3321 2315 3375 et qu'au seul son de sa voix notre père nous a quittées
1285 3369 2119 3439 précipitamment et s'est jeté dans ses bras.
1369 3415 2315 3475 — Je sais tout cela, mais enfin je ne puis m'empê¬
1283 3464 2328 3537 cher de me demander de quel droit on retient un père
1288 3519 1649 3587 loin de ses filles...
1374 3574 2333 3645 Et celles-ci loin du bal, dit M. Bertaux en ouvrant
1279 3623 1638 3702 la porte du salon.
