2822 3966
1582 168 1684 237 38
680 210 1135 317 Cy ensuit le noble Romant
674 302 1093 366 Du Pélerin, bon et utile,
671 349 1151 408 Composé bien élégamment,
675 398 1232 464 Par Guillaume de Déguilleville,
672 432 1203 512 Moyne de l’ordre de Cisteaux ;
675 491 1215 549 Distingué par voye très-subtile
672 532 1118 614 En trois livres espéciaulx.
675 645 1146 716 Le premier, du pélerinaige
672 691 1276 752 De l’homme, durant qu’est en vie ;
670 733 1180 789 L’autre de l’aame, de la caige
667 780 1195 846 De son corps desjà despartie?
667 836 1167 886 Le tiers déclaire et annuncie
667 866 1103 926 Le pélerinaige du Christ,
662 915 1179 969 Depuys qu’il fut né de Marie
658 959 1251 1040 Jusqu’à l’envoy du Sainct-Esprit.
584 1036 1588 1121 Nous ne parlerons ici que du premier de ces trois
545 1123 1588 1176 poèmes allégoriques et moraux : le peu que nous en
541 1171 1574 1251 dirons sera plus que suffisant pour faire juger des au¬
541 1224 641 1288 tres.
592 1241 1565 1345 L’auteur, autrement dit le pèlerin, voit en song
534 1329 1582 1391 la Jérusalem céleste, représentée dans un miroir qui
545 1377 1582 1440 en reproduit fidèlement toutes les merveilles. Ce
548 1438 1325 1489 spectacle divin l’exalte et le transporte :
584 1485 1584 1534 « Oh! s’écrie-t-il, je veux partir, partir à l’instant
536 1542 1279 1589 même pour cette ville miraculeuse. »
584 1584 1577 1643 Tandis qu’il se procure le costume obligé de tout
534 1634 1570 1703 pèlerin, arrive une dame de la plus rare beauté, qui
537 1691 1576 1744 s’offre à lui servir de guide. Cette dame a nom Grâce
536 1739 1570 1801 de Dieu. Une autre dame, Nature, survient à son
533 1786 1572 1846 tour, interrompt Grâce de Dieu et la contredit avec
528 1836 1576 1918 aigreur. Mais Grâce de Dieu la reprend, l’humilie et
525 1881 1269 1948 l’oblige enfin à lui demander pardon.
574 1940 1570 1997 En poursuivant son voyage, le pèlerin rencontre
533 1985 1558 2050 sur sa route les différentes passions auxquelles l’hu-
529 2044 1576 2105 manité se trouve en proie. Chacune lui dit son nom
529 2102 1573 2154 et lui trace elle-même son portrait. De là, il est
528 2145 1573 2212 reçu dans un couvent où il subit trente-neuf ans
528 2192 751 2260 d’épreuves.
573 2248 1570 2318 Envie, Trahison, Scylla avec ses chiens, s'introdui-
524 2310 1574 2371 sent dans le monastère, se jettent brutalement sur le
524 2366 1584 2450 poète, le chargent de coups et le laissent à demi mort
523 2404 769 2468 sur la place.
574 2462 1561 2530 Quelque temps après, comme notre homme, re¬
533 2513 1574 2581 venu de son évanouissement, était en train de panser
523 2565 1573 2635 ses blessures, Ovide se montre à lui, semble prendre
524 2609 1572 2688 part à ses maux, et se met à lui réciter des vers la¬
523 2678 1576 2752 tins pour le consoler et le guérir; puis, tout à coup,
527 2721 1574 2800 l’auteur des Métamorphoses disparaît comme il est
529 2776 1577 2850 venu, sans qu’on sache trop ni pourquoi ni comment.
569 2822 1577 2904 A la fin, maître Guillaume (il va sans dire que nous
529 2891 1570 2956 passons une foule de détails, tous plus insipides les
525 2942 1566 3025 uns que les autres), maître Guillaume, disons-nous,
528 2984 1554 3070 se trouve face à face avec Infirmité et Mort sa com
525 3041 1574 3119 pagne. Cette rencontre lui déplaît singulièrement; il
528 3094 1561 3170 veut fuir, mais en vain. Infirmité le saisit, et Miséri-
534 3142 1576 3233 corde le conduit dans une infirmerie dont Crainte de
537 3187 1562 3277 Dieu est la portière. Malgré toute sa bonne volonté
532 3247 1557 3343 celle-ci ne peut empêcher la Mort de se présenter
529 3300 1564 3379 avec sa faux. La terrible moissonneuse lève le bras.
528 3342 1576 3443 assène un coup vigoureux de son instrument sur la
530 3386 1564 3507 tête du pèlerin, et le tue... c’est-à-dire le réveille.
528 3456 1574 3545 car il ne faut pas oublier que tout cela n’est qu’un
530 3505 1501 3601 songe. Écoutons une dernière fois le vieil auteur :
637 3602 1170 3690 La mort laissa sa faulx courir.
1796 231 2289 312 Et me fit du corps départir,
1789 297 2341 366 Ce me sembla, en ce moment;
1796 354 2286 406 Si que de l'espouvantement
1798 397 2221 459 Esveillé et desdormy fu,
1789 442 2259 507 Et me trouvay si esperdu
1797 493 2294 552 Qu’aviser je ne me pouvoye
1788 530 2312 597 Si jà mort ou en vie j’estoye,
1789 574 2340 641 Jusqu’à tant que j’ouis sonner
1788 623 2329 674 L’horloge de nuit pour lever ;
1788 656 2385 728 Et aussi lors chantoyent les coqs,
1784 716 2389 771 Pour quoy lever me cuiday lors :
1784 771 2286 826 Mais ne pus, car fus retenu
1792 810 2305 865 De la grand'pensée où je fu
1785 861 2358 914 Pour le mien aventureux songe,
1784 908 2419 968 Auquel si quelqu’une mensonge (1)
1786 946 2257 1007 Estoit meslée ou contenue,
1784 996 2296 1049 Ou qui fust de peu de value,
1786 1042 2324 1097 Nul esmerveiller ne s’en doit;
1792 1078 2362 1147 Car jamais froument on ne voit
1786 1130 2375 1187 Croistre, qu’entour paille n’y ait
1788 1178 2367 1253 Jusques que dehors on l’en trait.
1707 1284 2715 1371 C’est une petite leçon d’indulgence que maître Guil-
1663 1357 2704 1431 laume nous donne, sur la fin de cette tirade. Profi
1664 1414 2721 1505 tons-en et passons outre, sans nous amuser davantage
1659 1468 2302 1529 à démêler la paille du froument.
1710 1500 2716 1580 On a d’un certain Jehan de Castel, qui vivait sous
1667 1560 2716 1627 Louis XI, le Mirouër des pécheurs et péchereses. Ce
1658 1627 2720 1679 miroir, c’est la mort. L’auteur veut que tout le monde
1662 1672 2710 1744 s’y contemple, à commencer par les Dames et Damoy
1658 1733 2720 1785 selles, qui doivent y regarder sans cesse ce qu’elles
1662 1785 2723 1847 seront un jour. En somme, l’ouvrage de Castel est un
1658 1838 2720 1903 commentaire prolixe de ces paroles de l’Écriture
1658 1891 2721 1958 sainte : Souvenez-vous de votre dernière fin, et vous
1659 1922 2029 1992 ne pécherez point.
1708 1963 2719 2052 Le poète nous apprend qu’il a composé son œuvre
1658 2025 2720 2107 allégorique et morale à la requeste de révérend père
1664 2090 2706 2149 en Dieu messire Jehan du Bellay, noble homme, éves
1664 2147 2725 2202 que de Poictiers (de 1462 à 1478), l'an de grâce mil
1671 2196 2724 2260 quatre cens soixante et huict. Il s’y nomme religieux
1664 2248 2720 2305 de l’ordre de sainct Benoist et chroniqueur de France.
1710 2290 2720 2366 Les vers de Castel sont mélangés de latin et de
1664 2342 2711 2406 français. Ils sont ordinairement de cinq pieds, et ré-
1666 2404 2720 2460 partis en stances dont chacune les présente alignés
1664 2462 2715 2525 sept par sept, ce qui, à la longue, ne laisse pas d’être
1664 2505 2723 2576 un peu monotone. Une chose très-rare à cette époque,
1663 2569 2720 2626 c’est qu’un certain nombre de pièces sont en vers
1659 2605 1923 2678 alexandrins.
1710 2664 2721 2721 Dans l’Abusé de Cour, ouvrage anonyme du même
1659 2720 2723 2777 temps, Abus et Fol-Cuider conduisent l’Abusé auprès
1659 2772 2723 2840 de dame la Cour. La fortune semble d’abord sourire
1659 2818 2721 2878 à notre apprenti courtisan ; il obtient un emploi dans
1662 2875 2721 2938 la fauconnerie. Mais sa brillante position ne tarde
1659 2922 2155 3008 pas à lui tourner la tête.
1704 3046 2598 3117 Dans le palais des rois cette plainte est commune
1704 3094 2586 3171 On n’y connaît que trop les jeux de la Fortune...
1700 3133 2402 3190 Il est bien malaisé de régler ses désirs ;
1694 3180 2484 3271 Le plus sage s’endort sur la foi des zéphyrs-
1700 3269 2708 3359 Ainsi devait parler La Fontaine, près de trois siècles
1662 3347 2702 3431 plus tard, à propos d’un autre Abusé de Cour, le mal-
1651 3399 2712 3479 heureux Fouquet. Hélas! les hommes et les choses
1695 3564 2710 3656 (1) Mensonge, ici, est féminin, à l’exemple de l‘italien
1649 3646 1845 3725 menzogna.
