2897 4318
1250 227 1357 327 121
163 293 1262 381 conté, une foule joyeuse de faucheurs travaillant, et
160 377 1027 432 chantant les louanges de leur souveraine.
260 428 1265 493 Eh! se dit-il en lui-même, je serais curieux de
156 482 1266 549 faire la connaissance de cette princesse, et si elle
160 539 1265 599 m’offre à rafraîchir dans son château de verre, je
152 596 1258 663 n’aurai garde de refuser son invitation, car sa cave
160 642 1258 716 doit être bien montée : les navires qui apportent les
160 708 1259 776 vins d’Espagne et de France et qui périssent chaque
153 766 1270 817 année sur nos récifs lui fournissent sans doute une
152 817 1259 878 nombreuse collection de bouteilles de choix et à bon
158 865 334 927 marché.
199 917 1261 976 Tout en se livrant à ces réflexions, Pierre marchait
153 973 1257 1029 au hasard, et sans se demander s’il suivait le bon
160 1026 1259 1077 chemin pour atteindre l’endroit où se trouvaient les
160 1077 1257 1137 âmes prisonnières. Cette idée lui étant venue, il s’ar¬
153 1134 1254 1197 rêta, regarda autour de lui et aperçut, à peu de dis¬
160 1186 1258 1254 tance, les murs étincelants du palais de l’ondine. Il
152 1245 1250 1304 se dirigea de ce côté, et en arrivant devant le péris¬
153 1300 1251 1365 tyle, il en vit sortir une femme très-richement vêtue,
153 1352 1254 1421 mais vieille, laide, au visage jaune et ridé, qui, en
160 1411 1250 1469 grimaçant, de sa bouche édentée, un Conideux sourire,
153 1460 1254 1525 lui fit signe d’approcher. Il obéit, bien qu’avec la plus
160 1516 1251 1572 grande répugnance, et fit un effort sur lui-même pour
156 1567 1248 1654 la prier poliment de vouloir bien lui dire où étaient
156 1619 331 1689 les potc.
199 1683 1254 1746 « — Je te les montrerai si tu veux m'épouser, dit
147 1725 1244 1801 la vieille en étendant vers lui sa grande main sèche.
154 1776 742 1850 N'es-tu pas venu pour cela?
249 1847 1213 1900 - Hum! pas précisément, grommela Pierre. -
147 1890 1248 1953 Sans doute je ne dis pas que... enfin... vous me faites
156 1940 1042 2014 bien de l'honneur... mais... je voudrais... »
196 1993 1251 2061 En balbutiant ces causes incohérentes, notre
147 2053 1241 2118 homme reculait avec horreur, cherchant à éviter
147 2109 1226 2157 l’étreinte de cette vilaine main qui s’allongeait, —
153 2170 1238 2223 s’allongeait toujours et paraissait près de le saisir.
150 2213 1240 2274 Enfin il fit un saut de côté et aperçut alors les trois
160 2271 1241 2337 vases. En deux bonds, il les eut atteints; mais ici
150 2325 1241 2394 grande fut sa perplexité. Il songea qu’il avait oublié de
147 2381 1238 2439 demander au vieillard lequel il lui fallait lever. Une
147 2437 1238 2492 sueur froide mouilla son front, et il eut un moment
146 2487 1244 2541 d’angoisse inexprimable. Mais son hésitation pouvait
146 2530 1233 2605 le perdre. Déjà la vieille s’avançait d’un air courroucé,
147 2592 1240 2659 en brandissant son sceptre d’une façon terrible qui
142 2645 1236 2701 rappela au pauvre Pierre les évolutions que dame
140 2691 1226 2763 Marthe exécutait sur son dos avec son manche à ba¬
145 2742 1230 2816 lai. En même temps, tous les moissonneurs accou¬
135 2801 1226 2869 raient avec des cris menaçants. Il fallait prendre
135 2855 1225 2923 un parti. Le malheureux, à tout hasard, souleva le
135 2912 1233 2977 pot du milieu, et il lui sembla entendre sortir de ce
140 2966 1226 3036 vase un glapissement pareil à la voix irritée de la
138 3014 1230 3082 défunte; il voulut le replacer, car l’idée que l‘âme de
129 3065 1223 3140 dame Marthe allait s’échapper de cette prison et re¬
135 3122 1226 3193 venir sur la terre pour le tourmenter, traversa son
131 3187 1222 3254 esprit comme un éclair sinistre. Mais les cris redou¬
128 3226 1225 3305 blaient autour de lui; les pelles, les fourches et les
128 3282 1218 3350 faux étaient levées sur sa tête ou dirigées contre sa
132 3335 1218 3424 poitrine; dans son trouble et dans sa frayeur, il laissa
131 3394 1225 3476 tomber le pot, qui se brisa en morceaux. Lui-même
125 3439 1220 3519 trébuchs, sa vue s'obscurcit, la respiration lui man¬
131 3497 1225 3571 qua; il se débattit d'abord dans le vide; puis, à ce
131 3563 1219 3633 qu'il crut sentir du moins, dans les flots bouillon¬
115 3622 1220 3697 rants... enfin sa tête heurta contre un galet, et ce coup
126 3653 758 3728 lui rendit l'usage de ses sens...
158 3710 1220 3784 En ouvrant les yeux, il se retrouva couché sur le
124 3779 1209 3838 sable, les membres engourdis par le froid, les vête¬
125 3820 1209 3909 ments humides, la tête endolorie, les paupières
1354 320 2445 423 lourdes. — A l’Orient, l‘aube commençait à blanchir
1347 375 2441 475 le ciel. Pierre se leva, chercha autour de lui le salaire
1355 441 2438 531 qu'il attendait pour son expédition sous-marine : il le
1355 495 2423 592 chercha vainement. Il regarda à son doigt, et n’y
1355 549 2442 639 vit d'autre anneau que le gage de son union avec
1357 598 1514 673 Marthe.
1391 662 2442 742 « — Ah! scélérat de fantôme, s'écria-t-il, tu m'as
1357 713 2448 790 trompé. — M'engager dans une entreprise aussi pé¬
1346 776 2441 845 rilleuse, me mouiller à me rendre perclus de rhu¬
1348 828 2257 891 matismes pendant le reste de ma vie, —
2287 835 2449 902 et tout
1347 878 2441 948 cela gratis! — Pierre, mon ami, tu n’es qu’un sot! »
1389 920 2441 1004 Et il reprit tristement le chemin de sa cabane. Le
1340 992 2446 1056 soleil n'était pas encore levé lorqu'il y arriva, et il ne
1340 1045 2445 1126 fut pas médiocrement surpris de voir briller à travers
1341 1091 2444 1177 les vitres une lumière qu’éclipsait de moment en
1346 1152 2438 1218 moment une ombre allant et venant dans la chambre.
1382 1194 2435 1272 Saisi de frayeur, il colla son oreille à la porte et il
1341 1240 2435 1326 écouta. Une voix, hélas! trop connue de lui, débitait
1336 1302 2441 1380 à son adresse des imprécations et des épithètes bles¬
1339 1369 2430 1433 santes : il n’en put douter , dame Marthe était re¬
1344 1416 1500 1480 venue !
1384 1469 2439 1547 « — Hélas! murmura-t-il, j’aurais dû m’y attendre,
1340 1510 2438 1594 et prévoir que la mer ne voudrait pas la garder. Je
1339 1589 2441 1643 suis sûr qu’elle querellait et battait les poissons, toute
1332 1639 2441 1710 morte qu’elle était!... Mais j’y pense : ne serait-ce
1344 1699 2439 1757 pas moi, malheureux, qui l’aurais délivrée tout à
1329 1743 2434 1822 l’heure? — Oui, c’est bien cela! — Ce pot que j’ai levé
1329 1806 2427 1871 au hasard, sans savoir qui était dessous, c’était la pri¬
1329 1858 2432 1924 son où sa méchanceté, je gage, avait obligé le gouver¬
1329 1922 2439 1979 nement de l'endroit à l'enfermer; — ce coassement
1333 1968 2424 2028 criard que j’ai entendu, c’était sa voix ! — Ah! misé¬
1329 2014 2427 2077 rable, que ne suis-je resté plutôt à sa place au fond
1332 2074 2423 2135 de la mer! Que n’ai-je consenti à épouser la vieille
1326 2120 2424 2185 reine ! Assurément je n’aurais pas perdu au change !...»
1371 2175 2417 2255 Le pauvre Pierre ne put modérer l’expression de
1322 2228 2414 2305 son désappointement, et il éleva assez la voix pour
1333 2284 2416 2344 que, de l’intérieur, sa femme l‘entendit. Elle sortit
1326 2338 2424 2407 tout à coup, le saisit au collet, et l’attirant dans la
1323 2388 1511 2458 maison :
1365 2452 2421 2528 « — Ah! mauvais garnement, lui cria-t-elle de sa
1323 2505 2414 2563 voix la plus aigre, te voilà enfin ! D'où viens tu en¬
1326 2551 1439 2620 core?
1412 2598 2417 2674 - Hé quoi ! répondit l’ivrogne : c’est ainsi que tu
1323 2649 2413 2733 me remercies, moi qui viens du fin fond de la mer
1323 2724 2414 2783 où tu étais prisonnière, et qui t’ai délivrée au risque
1320 2758 1508 2829 de périr!
1434 2813 2414 2881 Que me contes-tu là? — As-tu perdu le peu de
1309 2879 2417 2936 raison qui te restait, ou crois-tu m'en donner à garder
1315 2922 2011 2987 avec tes contes de l'autre monde?
1362 2977 2405 3050 « — Mais toi-même, ma chère femme, dit-il, qu'es¬
1316 3023 2407 3097 tu devenue pendant ce temps, et comment se fait-il...
1407 3093 2406 3164 - Je suis devenue ce que bon m'a semblé, et cela
1305 3141 2399 3207 ne te regarde pas, interrompit brusquement Marthe;
1320 3194 2399 3250 — mêle-toi de tes affaires, et laisse-moi tranquille.
1350 3246 2402 3304 Pierre ne souffla plus mot et demeura perdu dans
1311 3300 2402 3360 ses réflexions jusqu'à ce que sa femme, ayant pris ses
1305 3365 2217 3417 filets et ses agrès, sortit comme de coutume.
1357 3414 2401 3475 L'aventure, vous le pensez bien, mesdemoiselles, fit
1311 3457 2394 3528 du bruit dans le village où, pendant plusieurs se¬
1300 3508 2396 3574 maines, on ne parla que de la disparition de dame
1305 3571 2399 3638 Marthe, de sa rés Verrection et de la méprise grotesque
1298 3633 2394 3695 de Pierre. — Et c’était à qui se moquerait du pauvre
1298 3682 2391 3752 homme. Lui, persuadé qu’il était bien réellement des¬
1302 3735 2394 3785 cendu au fond de la mer, soutenait que tout son mal¬
1291 3789 2394 3838 heur venait uniquement de ce qu’il s’était trompé de
1300 3849 2396 3924 pot; que s’il eût renversé celui de droite ou de gauche
