2946 4158
1575 102 1682 200 310
484 203 1590 268 de vous, j’en suis sûre, qu’on me parle dans cette
484 265 624 337 lettre.
586 319 981 391 De moi, madame?
588 375 1352 439 Oui, n'a-t-on pas fait votre portrait?
591 430 1499 498 Oui, madame, mais comment savez-vous?
533 461 1586 543 — Mon Dieu, par celui-là même qui l'a fait. Voici
485 522 1586 590 ce que mon mari m’écrivit il y a quelques jours à
483 581 1487 653 Poitiers où je devais l'attendre dans ma famille :
532 628 1583 707 « Dans mes excensions aux environs de Bordeaux,
484 696 1582 761 » j’ai découvert une gentille paysanne dont les fraits
487 744 1588 821 » réguliers et gracieux me seront d’une grande utilité
484 797 1585 865 » pour le tableau que je veux faire cet hiver; pour la
487 867 1581 916 » remercier de sa complaisance à me laisser prendre
478 907 1586 970 » plusieurs esquisses de son joli visage, j'ai fait son
478 965 1585 1029 » portrait, je veux que tu le voies car c'est un des
481 1019 1583 1080 » meilleurs que j’ai faits jusqu’à présent. Viens donc
481 1070 1583 1137 » me chercher, nous retournerons ensemble à Poi¬
481 1133 1449 1191 » tiers; demande la ferme de Saint-Saturnin. »
580 1181 1578 1259 Pourriez-vous me dire où je le trouverai, made¬
481 1229 690 1311 moiselle?
529 1283 1586 1356 — Le voilà qui revient de sa promenade, madame,
488 1358 1582 1404 répondit Rose d’une voix troublée, je vous laisse avec
484 1400 1298 1463 lui; et elle s’enfuit dans sa chambre. »
535 1459 1590 1523 Le désillionnement était complet, la déception
497 1507 1586 1565 était cruelle; tous ces beaux rêves dont la jeune fille
484 1564 1588 1619 se berçait depuis plusieurs jours, s'évanouissaient; en
487 1617 1586 1675 y réfléchissant bien, Rose comprenait qu'elle n’avait
500 1672 1586 1723 de reproches à adresser qu’à elle-même, qu‘elle avait
494 1723 1586 1785 nourri dans son esprit un espoir auquel sa vanité
490 1777 1586 1837 seule avait servi d’aliment. C’était là surtout ce qui
502 1829 1583 1891 torturait son cœur et ce qui la décida à rester enfer¬
494 1888 1586 1948 mée toute la journée : elle ne voulait pas qu’on fût
490 1942 1586 2001 témoin de ses pleurs, elle ne descendit donc que le
484 1990 1586 2052 soir, alors que l’étranger était parti. Son père étai
481 2055 1586 2120 avec le curé, qui venait, disait-il, rendre compte de
487 2103 1581 2162 l’emploi de l’argent qu’il lui avait donné pour venir
485 2158 1125 2220 au secours de la pauvre veuve.
529 2217 1583 2283 « Ah! te voilà donc enfin, lui dit son père, qu’es-tu
484 2269 1585 2324 devenue depuis ce matin? Ce monsieur qui a fait ton
494 2312 1582 2378 portrait voulait te remercier avant de partir... mais
483 2374 1581 2450 tu as les yeux tout rouges, qu’est-ce qui t’esl donc
478 2420 639 2494 arrivé?
542 2465 943 2543 — Rien, mon père.
583 2537 1198 2595 Mais si, tu as quelque chose.
580 2592 1583 2674 Je vous assure, mon père, que je n'ai rien du
487 2638 588 2704 tout.
586 2703 1581 2766 Rose, dit le curé, vous feriez mieux d’avouer vos
484 2748 1585 2815 torts, car nous pourrions croire que la leçon vous
483 2797 687 2870 profitera.
591 2866 1487 2926 Mes torts, monsieur le curé, je n'en ai pas.
601 2906 1586 2985 Vous n'en avez pas de graves, je le sais, mais
485 2974 1585 3038 votre coquetterie vous a trompée, et voyez, mon en¬
478 3026 1406 3098 fant, jusqu'où la vanité peut nous entraîner.
572 3072 995 3154 Monsieur le curé...
1774 169 2796 257 Je sais tout, mon enfant, et j'ai deviné, dans ce
1681 234 2796 312 qu'on m'a dit et dans ce que j'ai vu, ce qui se passait
1672 303 2796 367 dans votre cœur. Vous vous êtes laissée prendre aux
1667 358 2796 421 flatteries d'un peintre qui n'appréciait en vous que ce
1675 419 2796 467 qui pouvait être utile à son art; il vous admirait
1670 461 2790 531 comme une belle statue, comme une belIe peinture;
1678 517 2796 583 votre vanité vous faisait croire que vous étiez pour
1675 570 2799 639 lui l'objet d'un attachement dévoué, alors que vous
1670 627 2793 694 n'étiez qu'un modèle qu'il faisait poser pour illustrer
1678 683 1963 761 ses pinceaux.
1771 725 2303 796 Oh! monsieur le curé!..
1717 799 2793 858 — Et cette folle idée vous a tellement aveuglée, que
1667 847 2799 914 cet espoir de briller dans un monde plus éclatant vous
1670 906 2793 965 a fait dédaigner vos compagnes, vos amis, vous a fait
1670 961 2793 1030 repousser rudement un brave garçon qui vous aimait
1670 1029 2793 1074 réellement, lui, et qui vous offrait un sort heureux
1672 1067 2790 1132 dans le pays qui vous a vu naître, où vous êtes aimée,
1675 1125 2796 1188 chérie, admirée; vous auriez sans regret quitté votre
1672 1187 2796 1236 vieux père, cette ferme où vous avez été élevée; Dieu
1670 1233 2797 1291 ne l’a pas voulu, il vous a frappée par où vous avéz
1679 1288 2796 1353 péché, il a puni votre indifférence pour celui qui
1684 1348 2793 1410 vous proposait son cœur pur et sa main laborieuse,
1671 1396 2801 1471 par l'indifférence de celui de qui vous attendiez le
1675 1456 2793 1510 luxe et les plaisirs. Remerciez-le, mon enfant, il n’a
1681 1509 2801 1575 pas voulu que la vanité, la coquetterie étouffassent
1674 1566 2793 1626 tout ce qu'il y a de bon dans votre cœur; comme je
1671 1624 2796 1682 vous le disais le jour où vous m’avez généreusement
1672 1664 2793 1730 donné l’argent que vous destiniez à votre Herlette, pour
1681 1727 2796 1789 venir au secours de l’indigence, il vous a remis dans
1672 1781 2796 1839 la bonne voie dont vous alliez vous écarter, car je le
1681 1837 2794 1894 vois à vos larmes, vous regrettez ce qui s’est passé et
1672 1888 2175 1957 cette leçon vous servira
1778 1933 2329 2014 Oh ! oui monsieur le curé.
1780 1996 2796 2060 Et voyez, mon enfant, de quel malheur vous
1665 2052 2790 2115 auriez pu être la cause. Dans son désespoir de votre
1667 2110 2794 2162 abandon, ce pauvre Joseph était parti pour aller se
1674 2158 1928 2231 faire soldat.
1765 2214 2049 2286 Grand Dieu!
1774 2272 2786 2334 — Je l’ai rejoint et je l‘ai ramené en lui parlant du
1675 2330 2791 2382 chagrin de son père et de sa mère, qui vous auraient
1667 2382 2790 2449 maudite si vous aviez été la cause de la perte de leur
1667 2430 2791 2502 fils unique. Voilà cependant ce que peuvent amener
1672 2497 2789 2556 de malheurs une imagination trop vive, et un désir
1665 2540 2667 2616 de briller que la raison ne sait pas modérer. »
1713 2711 2780 2776 La leçon profita; Rose devint aussi bonne qu’elle
1670 2766 2783 2830 était jolie; la vue de son portrait, qui ornait la
1672 2821 2779 2880 chambre de son père, fut pour elle comme un préser¬
1675 2876 2783 2928 vatif, car, en lui rappelant sa cruelle déception, il la
1670 2931 2783 2992 mettait en garde contre les petits retours de vanité
1672 2985 2790 3055 qui voulaient renaître dans son cœur. A quelques
1670 3041 2783 3103 mois de là, on célébrait la noce de Rose avec Joseph.
2436 3092 2653 3160 A. JADIN.
