2840 4318
1243 288 1348 375 59 -
126 361 1223 446 s’y brûler les ailes; ce ne fut pas le cas de notre can¬
121 434 1220 512 tatrice. Paris, au lieu de la brûler, la fit étinceler
124 499 1230 560 encore plus vivement. Le jugement de Prague, de
122 541 1230 613 Vienne et de Berlin fut confirmé à l’unanimité. Elle
124 594 1223 678 débuta dans le rôle de Desdemona : Shakespeare
121 669 1226 724 commenté par Rossini, tout un monde ! Le succès fut
115 714 1234 788 immense, et il n’est pas un seul des spectateurs ayant
117 774 1223 823 assisté à ce triomphe qui ne s’en souvienne parfaite¬
120 823 1218 881 ment aujourd’hui. Nous devons ajouter que l’excel¬
120 872 1215 962 lent cœur de la cantatrice lui avait valu aussi des
111 930 1180 986 admirations dans toutes les sphères de la société. -
117 979 1223 1047 Un soir, en revenant de l’Opéra, elle aperçut, aux
117 1034 1220 1112 lueurs tremblantes d’un réverbère lointain, un groupe
111 1086 1219 1165 lamentable, blotti dans un angle de mur; une pauvre
110 1158 1211 1223 mère et sa fille grelottant à demi nues sous l’âpre
117 1205 1215 1272 bise d’hiver. La grande artiste, émue, fait arrêter sa
117 1264 1215 1327 voiture, descend, et reconnaît dans la femme arrivée
117 1312 1208 1376 ainsi au dernier degré de la misère une actrice
124 1372 1208 1443 qu’elle avait vue autrefois, lorsqu‘elle-même, âgée
114 1419 1205 1480 de onze ans à peine, jouait sur le théâtre de Darms¬
114 1472 1212 1553 tadt. L’infortunée, dans cette belle jeune femme, ne
108 1525 1215 1605 retrouva pas la petite fille qu’elle avait rencontrée
104 1572 1212 1650 jadis devant la rampe; elle ne vit qu’un ange secou¬
108 1650 1213 1714 rable envoyé par le ciel : une bourse bien garnie
114 1693 1212 1763 para aux premières nécessités, et ensuite on dit à la
108 1756 1215 1854 pauvre actrice que si elle retournait dans son pays,
1316 391 2412 475 elle n’y manquerait de rien. En effet, une pension lui
1316 453 2407 539 fut assurée, et sa fille, mise au Conservatoire, est de¬
1318 516 2402 584 venue, depuis, une des plus grandes cantatrices de
1309 563 2403 638 l’Allemagne. Le secret de cette bonne action, religieu¬
1316 634 2409 710 sement gardé, n’a été découvert que longtemps après
1308 677 1626 749 et par hasard.
1357 730 2412 787 Ainsi, à travers l’enivrement du succès, mademoi¬
1308 787 2419 842 selle Sontag trouvait le temps de servir de Providence
1304 831 2417 906 au malheur, et pourtant c’était une vie bien remplie
1314 883 2107 966 que la vie d’artiste en ce beau temps !
1352 933 2410 1016 De grandes batailles lyriques se livraient alors au
1304 966 2410 1083 Théâtre-Italien, entre Sontag et Malibran, luttes glo¬
1305 1059 2414 1127 rieuses où personne n’était vaincu et oÙ la victoire
1308 1112 1761 1175 avait deux couronnes.
1355 1166 2401 1250 Cette loyale rivalité tournait au profit de l’art, car
1307 1215 2402 1304 les deux camps finissaient par se confondre dans un
1300 1283 2402 1347 enthousiasme réciproque; les partisans de Sontag
1300 1327 2405 1398 battaient des mains à Malibran, les champions de
1300 1380 2410 1439 Malibran criaient : bis! à Sontag. Entrer aux Ita-
1301 1433 2413 1507 liens, même en payant le triple de sa place, était une
1293 1501 2403 1560 faveur rare, et la queue réunissait souvent Meyerbeer,
1301 1542 2409 1626 Halévy, Auber, Rossini; temps regrettables où l’art
1298 1604 2406 1683 occupait toutes les têtes et absorbait touts les pas-
1289 1647 1429 1735 sions.
1942 1708 2284 1779 MARIE LASSAVEUR.
1708 1768 2334 1860 (La suite à un autre Numéro.)
862 1914 1650 2020 REVUE MUSICALE
158 2045 1207 2132 Venise, le palais des doges, une bohémienne au teint
111 2120 1202 2173 rose, de fières comtesses et de fringants cavaliers, enfin un
104 2160 1205 2230 libretto vif, spirituel, plein d’étrangetés, une belle et bonne
108 2209 1202 2271 musique d’opéra, une cantatrice qui fait ébranler la salle
108 2266 1208 2319 sous des tonnerres d’applaudissements, des décors à faire
104 2316 1200 2377 envie aux plus splendides toiles de Cicéri; voilà ce qu’on
107 2349 1198 2412 voit, ce qu’on entend, et ce qu'on admire au Théâtre Lyri¬
108 2405 1200 2473 que toutes les fois que l’affiche annonce la représentation
108 2449 473 2513 de la Reine Topaze.
140 2492 1200 2570 Il y a dans le canevas de ce petit poème je ne sais quoi
97 2526 1200 2619 de bizarre, dont il serait difficile de donner l’analyse. La
108 2585 1200 2654 facture s’éloigne des règles habituelles de l’art de conven¬
108 2642 1201 2708 tion; mais dans sa singularité, elle est pleine d’attraits et
101 2685 1194 2762 d’imprévu. Il s’y trouve jun pêle-mêle de sentiments, un
104 2744 1195 2811 tohu-bohu de situations qui font marcher le public d’éton¬
101 2797 1194 2863 nements en étonnements et d’émotions en émotions. C’était
107 2836 1191 2908 une mine féconde à exploiter pour M. Massé, dont la verve
106 2890 1197 2944 étincelante a trouvé dans cet ouvrage de quoi défrayer
107 2933 1200 3016 un grand opéra. Mais en signalant cette richesse, ne
104 2983 1188 3055 signalons-nous paa une exagération des compositeurs mo-
107 3020 1198 3104 dernes qui, accumulant les noires sur les blanches et les
106 3071 1197 3140 croches sur les doubtless croches, veulent donner à l’opéra
107 3129 1187 3186 comique les proportions gigantesque» des oeuvres de Ros-
106 3169 1194 3248 sini et de Meyerbeer ? Nous aimerions que la musique fût
101 3219 1190 3285 moins tapageuse, les motifs plus détachés, les floritures
107 3273 1188 3339 plus rares, et nous croyons que les ouvrages modernes ne
107 3323 1194 3417 perdraient rien à être exécutés sans autant de bruit et
107 3357 638 3436 compris sans tant de fatigue.
140 3401 1187 3485 Nous citerons dans l’introduction, le sextuor des jeunes
95 3433 1188 3528 seigneurs : Ah! quelle féte! ah! quel plaisir! morceau
95 3511 1182 3583 d’une couleur chevaleresque qui a fait le plus grand plai-
95 3551 1180 3638 sir ; puis les couplets de Montjauze : Je suis capitaine d’a¬
95 3615 1184 3678 venture, dont l’accompagnement, qui cherche à imiter le
95 3654 1184 3731 galop d’un cheval, a plu au public, toujours avide de cette
96 3709 1180 3777 musique à effet que nous n’aimons, nous, que fort modéré¬
96 3749 1182 3818 ment. Le duo entre Meillet et Montjauze a de la verve, du
93 3806 1184 3873 cachet et de l’originalité. Mais l‘entrée de la reine Topaze
96 3853 1176 3917 suivie de ses deux bohémiens mérite une mention spéciale.
96 3881 1190 3973 Ici se trouve une chanson à boire entonnée par les seigneurs
1297 2043 2396 2141 et qui s’alterne d’une façon bizarre avec la complainte
1297 2125 1546 2186 du bohémien.
1329 2141 2392 2238 Le duo scénique : Il est là, les charmants couplets ad¬
1287 2227 2389 2289 mirablement chantés par madame Miolan : Je vous aime:
1291 2282 2394 2345 une barcarolle en chœur, et un air dramatique dans lequel
1289 2314 2388 2409 la reine Topaze accomplit des miracles de vocalisation
1289 2363 1806 2435 complètent le premier acte.
1325 2409 2391 2491 Le chœur à trois temps qui sert de début au deuxième
1284 2480 2391 2535 acte ne nous a pas paru empreint du cachet de distinction
1290 2521 2384 2578 qui se remarque dans la plupart des morceaux de cette
1286 2567 2382 2626 composition. Les couplets que Topaze et Raphaël répètent
1282 2601 2381 2680 tour à tour : Rira bien qui rira le dernier ont produit un
1286 2663 2384 2720 effet saisissant ; mais nous avous trouvé que ces éclats stri-
1289 2705 2391 2781 dents et amers rappelaient trop la joie satanique de Mé¬
1289 2758 2376 2822 phistophéles; or, nous n’aimons rien de l’enfer. Une ro¬
1283 2813 2380 2866 mance dont Meillet a tiré le meilleur parti, et qu’il a su
1282 2844 2381 2923 chanter avec une grâce inimitable, a été fort applaudie.
1279 2897 2388 2959 Son duetto avec la comtesse Filonnelle a de l’entrain et
1283 2948 2381 3007 du charme tout à la fois. Vient ensuite un septuorsurchargé
1283 3004 2382 3072 de modulations instrumentales qui a semblé un peu trop
1284 3048 2098 3105 long, quoiqu’il ne soit pas sans mérite.
1318 3091 2374 3150 Les varlations de Paganini (le Carnaval de Venise) trans-
1277 3141 2374 3201 crites pour la voix de madame Miolan-Carvalho ont été sans
1276 3196 2364 3240 contredit le grand événement, la véritable merveille de la
1279 3237 2369 3287 soirée. Ces gammes audacieuses lancées comme autant de
1283 3282 2367 3337 fusées étincelantes, ces traits d’une hardiesse infinie, cette
1279 3333 2370 3387 sûreté d’intonation, ces difficultés vaincues, tout cela ne
1283 3386 2371 3443 peut se traduire. Il faut entendre les trépignements de la
1276 3428 2370 3482 salle, il faut voir la pluie de fleurs qui tombe des avant¬
1270 3474 2374 3546 scènes, il faut s’électriser de l’immense enthousiasme qui
1279 3533 2370 3589 exalte les spectateurs pour s’en rendre compte. Ce mor¬
1279 3581 2373 3640 ceau est un véritable triomphe pour la cantatrice. Le
1279 3624 2370 3695 chœur des bohémiens, et la scène du mariage qui terminent
1273 3682 2371 3743 cet acte, ont passé presque inaperçus tant les émotions
1270 3729 2371 3784 avaient été soulevées par les merveilleuses variation de
1270 3763 1458 3824 Paganini,
1305 3803 2369 3888 Au troisième acte, la cavatine de la reine Topaze, dite
1273 3867 2360 3925 par madame Miolan avec une verve et une finesse incroya¬
1279 3916 2359 3978 bles, lui a valu trois nouvelles salves d’applaudissements.
