<?xml version="1.0" encoding="UTF-8" standalone="yes"?><PcGts xmlns="http://schema.primaresearch.org/PAGE/gts/pagecontent/2013-07-15"><Metadata><Creator>prov=READ-COOP:name=TrHtr:version=2.42.0:model_id=356425:date=06_05_2026_09:55</Creator><Created>2026-03-06T16:36:48.953+01:00</Created><LastChange>2026-06-20T13:23:35.535+02:00</LastChange><TranskribusMetadata docId="14756063" pageId="115166678" pageNr="111" userId="187713" imgUrl="https://files.transkribus.eu/Get?fileType=view&amp;id=ZJMISMYATFXXDKXGEKTRQJMR" imageId="97254157"/></Metadata><Page imageFilename="115166678.jpg" imageWidth="2897" imageHeight="4318"><ReadingOrder><OrderedGroup><RegionRefIndexed index="0" regionRef="r_2"/><RegionRefIndexed index="1" regionRef="r_3"/><RegionRefIndexed index="2" regionRef="r_4"/><RegionRefIndexed index="3" regionRef="r_5"/><RegionRefIndexed index="4" regionRef="r"/><RegionRefIndexed index="5" regionRef="r_6"/><RegionRefIndexed index="6" regionRef="r_1"/></OrderedGroup></ReadingOrder><TextRegion id="r_2" custom="readingOrder {index:0;} structure {type:page-number;}"><Coords points="1228,227 1334,227 1334,309 1228,309"/><TextLine id="r_2_tl_1" custom="readingOrder {index:0;}"><Coords points="1220,292 1237,288 1276,306 1333,315 1325,210 1273,230 1263,240 1244,237 1240,242 1217,242"/><Baseline points="1228,280 1269,283 1313,286 1334,286"/><TextEquiv><Unicode>97</Unicode></TextEquiv></TextLine><TextEquiv><Unicode></Unicode></TextEquiv></TextRegion><TextRegion id="r_3" custom="readingOrder {index:1;} structure {type:heading;}"><Coords points="540,383 2015,383 2015,722 540,722"/><TextLine id="r_3_tl_1" custom="readingOrder {index:0;}"><Coords points="677,569 1155,587 1257,537 1453,628 1899,610 1895,478 1791,446 1579,491 1378,452 1255,499 675,467"/><Baseline points="686,549 728,558 773,561 818,561 863,561 907,561 952,561 997,564 1042,564 1086,564 1131,564 1137,563 1170,563 1218,567 1263,567 1307,567 1352,570 1397,573 1442,576 1487,576 1531,576 1576,576 1621,579 1666,579 1711,579 1755,582 1800,579 1845,579 1890,579 1902,579"/><TextEquiv><Unicode>Ідаййо гตרเбеФо</Unicode></TextEquiv></TextLine><TextLine id="r_3_tl_2" custom="readingOrder {index:1;}"><Coords points="1109,724 1156,712 1188,721 1243,701 1343,709 1404,735 1444,721 1442,677 1381,660 1334,672 1301,653 1272,662 1260,651 1231,668 1107,666"/><Baseline points="1116,692 1161,692 1206,695 1251,695 1295,698 1340,698 1385,701 1430,704 1448,704"/><TextEquiv><Unicode>DOGE DE VENISE.</Unicode></TextEquiv></TextLine><TextEquiv><Unicode></Unicode></TextEquiv></TextRegion><TextRegion id="r_4" custom="readingOrder {index:2;} structure {type:heading;}"><Coords points="649,943 1928,943 1928,1125 649,1125"/><TextLine id="r_4_tl_1" custom="readingOrder {index:0;}"><Coords points="713,1103 1851,1115 1836,1009 712,1004"/><Baseline points="722,1060 767,1060 812,1060 857,1060 901,1063 946,1063 991,1063 1036,1066 1080,1066 1125,1066 1170,1069 1215,1069 1260,1069 1304,1072 1349,1075 1394,1072 1439,1075 1484,1075 1528,1075 1573,1075 1618,1078 1663,1078 1708,1080 1752,1080 1797,1083 1842,1089 1854,1089"/><TextEquiv><Unicode>Explication de l'Énigme Historique de Mars.</Unicode></TextEquiv></TextLine><TextEquiv><Unicode></Unicode></TextEquiv></TextRegion><TextRegion id="r_5" custom="readingOrder {index:3;} structure {type:paragraph;}"><Coords points="99,1167 1259,1180 1215,3919 72,3895"/><TextLine id="r_5_tl_1" custom="readingOrder {index:0;}"><Coords points="158,1231 1209,1263 1228,1184 1120,1147 672,1182 403,1132 157,1180"/><Baseline points="167,1218 212,1215 256,1215 301,1215 346,1218 391,1218 435,1218 480,1221 525,1221 570,1221 615,1221 659,1224 704,1224 749,1227 794,1224 839,1227 883,1227 928,1230 973,1230 1018,1230 1063,1230 1107,1233 1152,1233 1197,1233 1233,1239"/><TextEquiv><Unicode>Marino Faliero, ou Falier, descendait d’une des</Unicode></TextEquiv></TextLine><TextLine id="r_5_tl_2" custom="readingOrder {index:1;}"><Coords points="126,1293 1229,1313 1228,1257 1179,1252 126,1235"/><Baseline points="134,1275 179,1272 223,1272 268,1272 313,1272 358,1272 403,1275 447,1275 492,1275 537,1278 582,1278 627,1278 671,1278 716,1281 761,1281 806,1284 851,1284 895,1284 940,1284 985,1287 1030,1287 1075,1290 1119,1287 1164,1290 1209,1290 1230,1295"/><TextEquiv><Unicode>plus anciennes familles de Venise, et dès sa jeunesse</Unicode></TextEquiv></TextLine><TextLine id="r_5_tl_3" custom="readingOrder {index:2;}"><Coords points="114,1339 1225,1366 1194,1305 114,1288"/><Baseline points="122,1328 167,1328 212,1325 256,1328 301,1331 346,1328 391,1331 435,1331 480,1331 525,1334 570,1334 615,1334 659,1334 704,1334 749,1337 794,1337 839,1340 883,1340 928,1340 973,1340 1018,1340 1063,1340 1107,1340 1152,1343 1197,1343 1227,1346"/><TextEquiv><Unicode>il servit sa patrie dans les armes, les conseils et les</Unicode></TextEquiv></TextLine><TextLine id="r_5_tl_4" custom="readingOrder {index:3;}"><Coords points="117,1403 1219,1403 1179,1352 117,1352"/><Baseline points="125,1382 170,1382 215,1382 259,1382 304,1385 349,1385 394,1385 438,1385 483,1388 528,1388 573,1388 618,1388 662,1388 707,1391 752,1391 797,1391 842,1391 886,1391 931,1394 976,1394 1021,1394 1066,1394 1110,1394 1155,1394 1200,1394 1221,1397"/><TextEquiv><Unicode>négociations. Son élévation sur le trône ducal parais¬</Unicode></TextEquiv></TextLine><TextLine id="r_5_tl_5" custom="readingOrder {index:4;}"><Coords points="117,1444 1214,1460 1184,1407 117,1403"/><Baseline points="125,1439 170,1439 215,1439 259,1439 304,1442 349,1442 394,1442 438,1442 483,1442 528,1442 573,1442 618,1445 662,1445 707,1445 752,1445 797,1445 842,1445 886,1448 931,1448 976,1448 1021,1448 1066,1448 1110,1448 1155,1451 1200,1451 1218,1451"/><TextEquiv><Unicode>sait terminer glorieusement une noble carrière. Ve¬</Unicode></TextEquiv></TextLine><TextLine id="r_5_tl_6" custom="readingOrder {index:5;}"><Coords points="123,1505 1229,1529 1185,1460 123,1465"/><Baseline points="131,1496 176,1493 220,1493 265,1496 310,1496 355,1496 400,1496 444,1496 489,1496 534,1499 579,1499 624,1499 668,1499 713,1499 758,1499 803,1499 848,1499 892,1502 937,1502 982,1502 1027,1502 1072,1502 1116,1502 1161,1505 1206,1505 1233,1508"/><TextEquiv><Unicode>nise ne devait pas s’attendre à voir son prince à la tête</Unicode></TextEquiv></TextLine><TextLine id="r_5_tl_7" custom="readingOrder {index:6;}"><Coords points="126,1555 1217,1573 1177,1521 125,1517"/><Baseline points="134,1546 179,1546 223,1549 268,1549 313,1549 358,1549 403,1549 447,1549 492,1549 537,1549 582,1552 627,1552 671,1552 716,1552 761,1552 806,1555 851,1555 895,1555 940,1558 985,1558 1030,1558 1075,1558 1119,1558 1164,1561 1209,1561 1221,1561"/><TextEquiv><Unicode>d'une conjuration. Elle fut entreprise par un homme</Unicode></TextEquiv></TextLine><TextLine id="r_5_tl_8" custom="readingOrder {index:7;}"><Coords points="120,1619 1229,1632 1229,1579 1121,1570 120,1574"/><Baseline points="128,1603 173,1603 217,1603 262,1603 307,1603 352,1603 397,1603 441,1606 486,1606 531,1606 576,1606 621,1606 665,1606 710,1609 755,1609 800,1609 845,1609 889,1612 934,1612 979,1612 1024,1612 1069,1615 1113,1615 1158,1618 1203,1618 1233,1618"/><TextEquiv><Unicode>qui, parvenu à la première dignité de sa patrie, et à</Unicode></TextEquiv></TextLine><TextLine id="r_5_tl_9" custom="readingOrder {index:8;}"><Coords points="114,1681 1209,1695 1223,1643 113,1622"/><Baseline points="122,1657 167,1657 212,1657 256,1657 301,1657 346,1657 391,1657 435,1657 480,1660 525,1660 570,1660 615,1663 659,1663 704,1663 749,1663 794,1666 839,1666 883,1669 928,1666 973,1669 1018,1669 1063,1669 1107,1669 1152,1672 1197,1672 1227,1678"/><TextEquiv><Unicode>l'âge de quatre-vingts ans, n'avait rien à regretter</Unicode></TextEquiv></TextLine><TextLine id="r_5_tl_10" custom="readingOrder {index:9;}"><Coords points="105,1719 1208,1745 1206,1686 105,1687"/><Baseline points="113,1714 158,1711 203,1711 247,1711 292,1714 337,1714 382,1714 427,1714 471,1714 516,1714 561,1717 606,1717 650,1717 695,1717 740,1720 785,1720 830,1720 874,1723 919,1723 964,1723 1009,1723 1054,1723 1098,1723 1143,1726 1188,1726 1212,1728"/><TextEquiv><Unicode>dans le passé, rien à attendre de l'avenir, et ce vieil¬</Unicode></TextEquiv></TextLine><TextLine id="r_5_tl_11" custom="readingOrder {index:10;}"><Coords points="99,1772 1155,1812 1208,1794 1208,1743 97,1725"/><Baseline points="107,1767 152,1767 197,1767 241,1767 286,1767 331,1767 376,1767 421,1770 465,1770 510,1773 555,1773 600,1773 645,1773 689,1773 734,1773 779,1776 824,1776 868,1776 913,1779 958,1779 1003,1779 1048,1779 1092,1782 1137,1782 1182,1782 1212,1785"/><TextEquiv><Unicode>lard était un doge, ému par un sujet frivole, s'alliant</Unicode></TextEquiv></TextLine><TextLine id="r_5_tl_12" custom="readingOrder {index:11;}"><Coords points="105,1844 1024,1867 1214,1857 1214,1812 103,1777"/><Baseline points="113,1827 158,1824 203,1821 247,1821 292,1824 337,1824 382,1824 427,1824 471,1827 516,1827 561,1827 606,1827 650,1830 695,1830 740,1833 785,1830 830,1830 874,1833 919,1833 964,1833 1009,1836 1054,1836 1098,1836 1143,1836 1188,1839 1218,1842"/><TextEquiv><Unicode>pour exterminer le patriciat, à des inconnus, aux</Unicode></TextEquiv></TextLine><TextLine id="r_5_tl_13" custom="readingOrder {index:12;}"><Coords points="108,1897 1202,1908 1200,1854 106,1841"/><Baseline points="116,1884 161,1878 206,1878 250,1878 295,1881 340,1881 385,1881 430,1881 474,1881 519,1884 564,1884 609,1884 653,1884 698,1884 743,1887 788,1887 833,1887 877,1890 922,1890 967,1890 1012,1893 1057,1893 1101,1893 1146,1893 1191,1896 1206,1893"/><TextEquiv><Unicode>premiers mécontents que le hasard lui avait pré¬</Unicode></TextEquiv></TextLine><TextLine id="r_5_tl_14" custom="readingOrder {index:13;}"><Coords points="100,1944 128,1947 143,1961 167,1944 190,1947 213,1961 225,1947 246,1944 245,1892 216,1897 195,1889 178,1895 161,1888 131,1902 99,1894"/><Baseline points="107,1932 152,1932 197,1932 241,1938 250,1938"/><TextEquiv><Unicode>sentés.</Unicode></TextEquiv></TextLine><TextLine id="r_5_tl_15" custom="readingOrder {index:14;}"><Coords points="146,2002 1211,2014 1147,1962 774,1972 502,1921 146,1944"/><Baseline points="155,1991 200,1988 244,1988 289,1988 334,1988 379,1991 424,1991 468,1991 513,1994 558,1994 603,1994 647,1994 692,1997 737,1997 782,1997 827,1997 871,1997 916,2000 961,2000 1006,2000 1051,2003 1095,2003 1140,2003 1185,2003 1215,2003"/><TextEquiv><Unicode>Le doge donnait une fête pour célébrer une solen¬</Unicode></TextEquiv></TextLine><TextLine id="r_5_tl_16" custom="readingOrder {index:15;}"><Coords points="105,2054 1211,2081 1209,2029 1156,2016 1037,2046 852,2008 105,2010"/><Baseline points="113,2042 158,2042 203,2045 247,2045 292,2045 337,2048 382,2045 427,2048 471,2048 516,2048 561,2051 606,2051 650,2051 695,2051 740,2051 785,2051 830,2054 874,2054 919,2054 964,2054 1009,2057 1054,2057 1098,2057 1143,2057 1188,2057 1215,2060"/><TextEquiv><Unicode>nité: un jeune noble, appelé Michel Steno, se con¬</Unicode></TextEquiv></TextLine><TextLine id="r_5_tl_17" custom="readingOrder {index:16;}"><Coords points="105,2116 1211,2130 1211,2080 1127,2073 105,2067"/><Baseline points="113,2099 158,2096 203,2099 247,2099 292,2099 337,2099 382,2102 427,2102 471,2102 516,2102 561,2105 606,2105 650,2105 695,2105 740,2105 785,2105 830,2108 874,2108 919,2108 964,2111 1009,2111 1054,2111 1098,2111 1143,2111 1188,2114 1215,2117"/><TextEquiv><Unicode>duisit d'une manière peu convenable; Faliero, offensé</Unicode></TextEquiv></TextLine><TextLine id="r_5_tl_18" custom="readingOrder {index:17;}"><Coords points="105,2165 1208,2183 1170,2125 105,2122"/><Baseline points="113,2153 158,2153 203,2153 247,2153 292,2153 337,2153 382,2153 427,2156 471,2156 516,2156 561,2156 606,2159 650,2159 695,2161 740,2159 785,2159 830,2161 874,2161 919,2161 964,2161 1009,2164 1054,2164 1098,2164 1143,2164 1188,2167 1212,2167"/><TextEquiv><Unicode>de ce manque de respect, le fit sortir aussitôt. Le</Unicode></TextEquiv></TextLine><TextLine id="r_5_tl_19" custom="readingOrder {index:18;}"><Coords points="100,2236 1209,2236 1208,2183 1153,2177 99,2169"/><Baseline points="107,2212 152,2206 197,2206 241,2206 286,2206 331,2209 376,2209 421,2209 465,2209 510,2209 555,2212 600,2212 645,2212 689,2212 734,2212 779,2215 824,2215 868,2215 913,2218 958,2218 1003,2218 1048,2218 1092,2221 1137,2221 1182,2224 1212,2224"/><TextEquiv><Unicode>jeune homme, le cœur ulcéré par cet affront, eut la</Unicode></TextEquiv></TextLine><TextLine id="r_5_tl_20" custom="readingOrder {index:19;}"><Coords points="99,2274 1063,2297 1202,2291 1202,2244 97,2238"/><Baseline points="107,2260 152,2260 197,2260 241,2260 286,2260 331,2263 376,2263 421,2263 465,2263 510,2266 555,2266 600,2266 645,2266 689,2269 734,2269 779,2269 824,2269 868,2272 913,2272 958,2272 1003,2272 1048,2272 1092,2275 1137,2275 1182,2275 1206,2281"/><TextEquiv><Unicode>malheureuse pensée, en se retirant, d’entrer dans la</Unicode></TextEquiv></TextLine><TextLine id="r_5_tl_21" custom="readingOrder {index:20;}"><Coords points="93,2335 1202,2343 1202,2300 1085,2285 93,2283"/><Baseline points="101,2320 146,2317 191,2317 235,2317 280,2317 325,2317 370,2317 415,2320 459,2320 504,2320 549,2320 594,2320 639,2323 683,2323 728,2323 773,2323 818,2323 863,2326 907,2326 952,2326 997,2329 1042,2329 1086,2329 1131,2332 1176,2332 1206,2332"/><TextEquiv><Unicode>salle du conseil et d'écrire, sur le siége ducal, une</Unicode></TextEquiv></TextLine><TextLine id="r_5_tl_22" custom="readingOrder {index:21;}"><Coords points="93,2401 221,2378 853,2410 831,2335 759,2356 93,2343"/><Baseline points="101,2379 146,2374 191,2374 235,2374 280,2374 325,2371 370,2374 415,2374 459,2374 504,2374 549,2374 594,2376 639,2376 683,2376 728,2376 773,2379 818,2379 857,2382"/><TextEquiv><Unicode>phase insultante pour la dogaresse.</Unicode></TextEquiv></TextLine><TextLine id="r_5_tl_23" custom="readingOrder {index:22;}"><Coords points="135,2446 1203,2458 1202,2411 1115,2394 135,2393"/><Baseline points="143,2427 188,2427 232,2427 277,2427 322,2427 367,2427 412,2427 456,2430 501,2430 546,2430 591,2430 636,2430 680,2433 725,2433 770,2433 815,2433 860,2433 904,2436 949,2436 994,2436 1039,2436 1083,2439 1128,2439 1173,2439 1206,2442"/><TextEquiv><Unicode>Cette phrase fut lue et devint un sujet de scandale.</Unicode></TextEquiv></TextLine><TextLine id="r_5_tl_24" custom="readingOrder {index:23;}"><Coords points="94,2495 1196,2522 1194,2469 1048,2449 93,2454"/><Baseline points="101,2481 146,2481 191,2481 235,2481 280,2481 325,2481 370,2484 415,2484 459,2484 504,2484 549,2484 594,2484 639,2487 683,2487 728,2487 773,2487 818,2490 863,2490 907,2490 952,2493 997,2493 1042,2493 1086,2496 1131,2496 1176,2496 1200,2499"/><TextEquiv><Unicode>On informa contre l’auteur, et l‘on n’eut pas de peine</Unicode></TextEquiv></TextLine><TextLine id="r_5_tl_25" custom="readingOrder {index:24;}"><Coords points="87,2545 1194,2575 1205,2518 85,2501"/><Baseline points="95,2538 140,2535 185,2538 229,2538 274,2535 319,2535 364,2535 409,2538 453,2538 498,2538 543,2541 588,2541 633,2541 677,2541 722,2541 767,2541 812,2544 857,2544 901,2544 946,2547 991,2547 1036,2547 1080,2547 1125,2550 1170,2550 1209,2553"/><TextEquiv><Unicode>à le découvrir. Steno, arrêté, avoua sa faute avec une</Unicode></TextEquiv></TextLine><TextLine id="r_5_tl_26" custom="readingOrder {index:25;}"><Coords points="87,2601 1115,2627 1199,2620 1199,2574 85,2551"/><Baseline points="95,2589 140,2589 185,2589 229,2589 274,2589 319,2589 364,2589 409,2591 453,2591 498,2591 543,2591 588,2591 633,2594 677,2594 722,2594 767,2597 812,2597 857,2597 901,2597 946,2600 991,2600 1036,2600 1080,2600 1125,2603 1170,2603 1203,2606"/><TextEquiv><Unicode>ingénuité qui ne put désarmer le prince et l'époux</Unicode></TextEquiv></TextLine><TextLine id="r_5_tl_27" custom="readingOrder {index:26;}"><Coords points="93,2664 1196,2668 1196,2621 989,2601 93,2615"/><Baseline points="101,2645 146,2642 191,2642 235,2645 280,2645 325,2645 370,2645 415,2645 459,2645 504,2645 549,2645 594,2645 639,2648 683,2648 728,2648 773,2648 818,2651 863,2651 907,2651 952,2654 997,2654 1042,2654 1086,2654 1131,2657 1176,2657 1200,2657"/><TextEquiv><Unicode>offensé. Le jeune homme fut condamné à deux mois</Unicode></TextEquiv></TextLine><TextLine id="r_5_tl_28" custom="readingOrder {index:27;}"><Coords points="87,2708 1199,2720 1199,2671 87,2665"/><Baseline points="95,2699 140,2696 185,2699 229,2699 274,2699 319,2699 364,2699 409,2699 453,2699 498,2699 543,2699 588,2699 633,2702 677,2702 722,2702 767,2705 812,2702 857,2705 901,2705 946,2708 991,2708 1036,2708 1080,2708 1125,2708 1170,2711 1203,2714"/><TextEquiv><Unicode>de prison et à une année d'exil; mais cette peine ne</Unicode></TextEquiv></TextLine><TextLine id="r_5_tl_29" custom="readingOrder {index:28;}"><Coords points="102,2775 1190,2778 1174,2723 102,2715"/><Baseline points="110,2756 155,2753 200,2753 244,2756 289,2756 334,2756 379,2756 424,2756 468,2756 513,2756 558,2756 603,2756 647,2756 692,2756 737,2759 782,2759 827,2759 871,2762 916,2762 961,2762 1006,2762 1051,2762 1095,2762 1140,2765 1185,2765 1194,2768"/><TextEquiv><Unicode>parut point satisfaisante au doge ; il la regarda</Unicode></TextEquiv></TextLine><TextLine id="r_5_tl_30" custom="readingOrder {index:29;}"><Coords points="94,2828 1190,2845 1188,2795 1041,2778 93,2772"/><Baseline points="101,2806 146,2806 191,2806 235,2809 280,2809 325,2809 370,2809 415,2809 459,2809 504,2809 549,2812 594,2812 639,2812 683,2812 728,2812 773,2812 818,2812 863,2812 907,2815 952,2815 997,2815 1042,2818 1086,2818 1131,2821 1176,2821 1194,2824"/><TextEquiv><Unicode>comme une nouvelle injuré. Sur ces entrefaites, un</Unicode></TextEquiv></TextLine><TextLine id="r_5_tl_31" custom="readingOrder {index:30;}"><Coords points="90,2883 1191,2889 1159,2834 90,2823"/><Baseline points="98,2869 143,2860 188,2863 232,2863 277,2863 322,2866 367,2866 412,2866 456,2866 501,2866 546,2866 591,2866 636,2866 680,2866 725,2869 770,2866 815,2869 860,2869 904,2869 949,2872 994,2872 1039,2872 1083,2872 1128,2875 1173,2875 1194,2875"/><TextEquiv><Unicode>patron de l'arsenal, nommé Israël Bertuccio, vint lui</Unicode></TextEquiv></TextLine><TextLine id="r_5_tl_32" custom="readingOrder {index:31;}"><Coords points="87,2925 1193,2944 1135,2886 87,2883"/><Baseline points="95,2917 140,2914 185,2917 229,2917 274,2917 319,2920 364,2920 409,2920 453,2920 498,2920 543,2923 588,2923 633,2923 677,2923 722,2923 767,2923 812,2926 857,2926 901,2926 946,2926 991,2926 1036,2929 1080,2929 1125,2929 1170,2932 1197,2932"/><TextEquiv><Unicode>demander justice d'un patricien qui l'avait frappé au</Unicode></TextEquiv></TextLine><TextLine id="r_5_tl_33" custom="readingOrder {index:32;}"><Coords points="87,2979 1177,3000 1177,2953 922,2934 87,2939"/><Baseline points="95,2971 140,2971 185,2971 229,2971 274,2974 319,2974 364,2974 409,2977 453,2977 498,2977 543,2977 588,2977 633,2980 677,2980 722,2977 767,2980 812,2980 857,2980 901,2980 946,2983 991,2983 1036,2983 1080,2983 1125,2983 1170,2986 1182,2989"/><TextEquiv><Unicode>visage. « Comment veux-tu que je te fasse justice?</Unicode></TextEquiv></TextLine><TextLine id="r_5_tl_34" custom="readingOrder {index:33;}"><Coords points="84,3039 1177,3039 1120,3000 84,2997"/><Baseline points="92,3027 137,3024 182,3027 226,3027 271,3027 316,3030 361,3030 406,3030 450,3030 495,3030 540,3033 585,3033 630,3030 674,3030 719,3033 764,3033 809,3033 854,3036 898,3036 943,3036 988,3036 1033,3036 1078,3036 1122,3036 1167,3033 1182,3033"/><TextEquiv><Unicode>dit le doge; je ne puis l'obtenir pour moi-même! —</Unicode></TextEquiv></TextLine><TextLine id="r_5_tl_35" custom="readingOrder {index:34;}"><Coords points="81,3099 1184,3114 1184,3050 79,3049"/><Baseline points="89,3081 134,3081 179,3081 223,3081 268,3084 313,3084 358,3084 403,3084 447,3084 492,3084 537,3084 582,3087 627,3087 671,3087 716,3087 761,3087 806,3087 851,3090 895,3090 940,3090 985,3090 1030,3090 1075,3090 1119,3090 1164,3093 1188,3093"/><TextEquiv><Unicode>Ah ! répondit le patron dans sa colère, il ne tiendrait</Unicode></TextEquiv></TextLine><TextLine id="r_5_tl_36" custom="readingOrder {index:35;}"><Coords points="81,3140 1012,3167 1177,3158 1177,3111 79,3108"/><Baseline points="89,3135 134,3135 179,3135 223,3135 268,3138 313,3138 358,3138 403,3138 447,3141 492,3141 537,3141 582,3141 627,3141 671,3141 716,3141 761,3141 806,3144 851,3144 895,3144 940,3147 985,3144 1030,3150 1075,3147 1119,3147 1164,3147 1182,3153"/><TextEquiv><Unicode>qu’à nous de punir ces insolents ! » Le doge, loin de</Unicode></TextEquiv></TextLine><TextLine id="r_5_tl_37" custom="readingOrder {index:36;}"><Coords points="82,3201 1094,3222 1170,3217 1170,3181 81,3140"/><Baseline points="89,3189 134,3186 179,3186 223,3189 268,3189 313,3192 358,3192 403,3195 447,3192 492,3195 537,3195 582,3195 627,3198 671,3198 716,3198 761,3198 806,3198 851,3198 895,3201 940,3201 985,3201 1030,3201 1075,3201 1119,3204 1164,3204 1173,3204"/><TextEquiv><Unicode>réprimander le plébéien qui se permettait une sem¬</Unicode></TextEquiv></TextLine><TextLine id="r_5_tl_38" custom="readingOrder {index:37;}"><Coords points="91,3262 1177,3274 1176,3213 90,3201"/><Baseline points="98,3239 143,3239 188,3239 232,3239 277,3242 322,3242 367,3245 412,3248 456,3248 501,3251 546,3251 591,3251 636,3251 680,3251 725,3251 770,3254 815,3254 860,3254 904,3257 949,3254 994,3254 1039,3257 1083,3257 1128,3257 1173,3260 1182,3263"/><TextEquiv><Unicode>blable menace, le questionna à l'écart, lui témoigna</Unicode></TextEquiv></TextLine><TextLine id="r_5_tl_39" custom="readingOrder {index:38;}"><Coords points="87,3301 1177,3333 1176,3289 1006,3271 87,3266"/><Baseline points="95,3293 140,3290 185,3290 229,3293 274,3293 319,3296 364,3299 409,3302 453,3302 498,3305 543,3305 588,3308 633,3308 677,3308 722,3308 767,3308 812,3311 857,3308 901,3311 946,3311 991,3314 1036,3314 1080,3314 1125,3314 1170,3317 1182,3320"/><TextEquiv><Unicode>un vif intérêt, enfin l'encouragea à tel point, que cet</Unicode></TextEquiv></TextLine><TextLine id="r_5_tl_40" custom="readingOrder {index:39;}"><Coords points="82,3356 1176,3391 1174,3341 1121,3325 316,3306 272,3338 81,3300"/><Baseline points="89,3344 134,3344 179,3344 223,3344 268,3347 313,3347 358,3350 403,3353 447,3356 492,3356 537,3359 582,3362 627,3362 671,3362 716,3365 761,3365 806,3365 851,3365 895,3365 940,3365 985,3368 1030,3368 1075,3368 1119,3368 1164,3371 1179,3371"/><TextEquiv><Unicode>homme, attroupant quelques-uns de ses camarades,</Unicode></TextEquiv></TextLine><TextLine id="r_5_tl_41" custom="readingOrder {index:40;}"><Coords points="90,3406 1180,3438 1179,3388 1101,3380 90,3356"/><Baseline points="98,3398 143,3395 188,3398 232,3398 277,3398 322,3398 367,3401 412,3404 456,3407 501,3410 546,3410 591,3413 636,3416 680,3416 725,3416 770,3416 815,3419 860,3419 904,3419 949,3419 994,3419 1039,3419 1083,3419 1128,3422 1173,3425 1185,3425"/><TextEquiv><Unicode>se montra dans les rues avec des armes, annonçant</Unicode></TextEquiv></TextLine><TextLine id="r_5_tl_42" custom="readingOrder {index:41;}"><Coords points="84,3456 1159,3505 1174,3443 82,3411"/><Baseline points="92,3449 137,3449 182,3449 226,3449 271,3449 316,3452 361,3452 406,3454 450,3457 495,3460 540,3463 585,3463 630,3469 674,3469 719,3469 764,3472 809,3472 854,3472 898,3472 943,3472 988,3472 1033,3472 1078,3475 1122,3475 1167,3478 1179,3481"/><TextEquiv><Unicode>hautement le dessein de se venger du noble qui l'avait</Unicode></TextEquiv></TextLine><TextLine id="r_5_tl_43" custom="readingOrder {index:42;}"><Coords points="81,3516 110,3511 157,3519 163,3514 170,3520 183,3513 202,3520 218,3520 225,3513 243,3516 242,3467 227,3464 216,3475 192,3481 184,3473 170,3476 151,3462 126,3458 105,3471 79,3473"/><Baseline points="89,3502 134,3502 179,3505 223,3505 247,3508"/><TextEquiv><Unicode>offensé.</Unicode></TextEquiv></TextLine><TextLine id="r_5_tl_44" custom="readingOrder {index:43;}"><Coords points="123,3564 1176,3596 1161,3529 122,3517"/><Baseline points="131,3556 173,3559 217,3559 262,3559 307,3559 352,3559 397,3559 441,3562 486,3565 531,3565 576,3568 621,3571 665,3574 710,3577 755,3577 800,3580 845,3580 889,3580 934,3580 979,3583 1024,3583 1069,3583 1113,3583 1158,3586 1179,3586"/><TextEquiv><Unicode>Le doge, loin de réprimer ces premières tentatives</Unicode></TextEquiv></TextLine><TextLine id="r_5_tl_45" custom="readingOrder {index:44;}"><Coords points="82,3631 1167,3654 1171,3598 79,3561"/><Baseline points="89,3616 134,3613 179,3613 223,3613 268,3613 313,3613 358,3613 403,3613 447,3613 492,3616 537,3616 582,3619 627,3622 671,3625 716,3628 761,3631 806,3634 851,3634 895,3634 940,3634 985,3634 1030,3637 1075,3637 1119,3640 1164,3640 1176,3640"/><TextEquiv><Unicode>de révolte, s'entretint nuitamment avec ces hommes</Unicode></TextEquiv></TextLine><TextLine id="r_5_tl_46" custom="readingOrder {index:45;}"><Coords points="82,3683 1164,3706 1162,3662 1104,3648 81,3631"/><Baseline points="89,3670 134,3670 179,3670 223,3670 268,3670 313,3670 358,3667 403,3670 447,3667 492,3670 537,3670 582,3672 627,3672 671,3675 716,3678 761,3681 806,3684 851,3687 895,3687 940,3690 985,3690 1030,3690 1075,3693 1119,3693 1164,3693 1167,3696"/><TextEquiv><Unicode>et discuta avec eux les moyens d'exterminer la no¬</Unicode></TextEquiv></TextLine><TextLine id="r_5_tl_47" custom="readingOrder {index:46;}"><Coords points="78,3733 1165,3762 1164,3707 76,3681"/><Baseline points="86,3723 131,3720 176,3723 220,3726 265,3723 310,3723 355,3723 400,3723 444,3723 489,3723 534,3723 579,3723 624,3726 668,3726 713,3729 758,3732 803,3735 848,3738 892,3741 937,3741 982,3744 1027,3744 1072,3747 1116,3747 1161,3750 1167,3753"/><TextEquiv><Unicode>blesse vénitienne. Il organisa un plan dont la réus¬</Unicode></TextEquiv></TextLine><TextLine id="r_5_tl_48" custom="readingOrder {index:47;}"><Coords points="82,3783 1156,3824 1167,3764 81,3750"/><Baseline points="89,3777 134,3774 179,3780 223,3780 268,3780 313,3780 358,3780 403,3777 447,3777 492,3777 537,3777 582,3777 627,3780 671,3783 716,3783 761,3786 806,3789 851,3789 895,3792 940,3795 985,3798 1030,3798 1075,3801 1119,3801 1164,3807 1170,3804"/><TextEquiv><Unicode>site semblait assurée : le signal serait donné au</Unicode></TextEquiv></TextLine><TextLine id="r_5_tl_49" custom="readingOrder {index:48;}"><Coords points="81,3852 1130,3878 1170,3831 79,3797"/><Baseline points="89,3831 134,3828 179,3831 223,3834 268,3837 313,3837 358,3837 403,3837 447,3837 492,3837 537,3834 582,3834 627,3834 671,3834 716,3837 761,3837 806,3840 851,3840 895,3843 940,3846 985,3849 1030,3849 1075,3852 1119,3855 1164,3858 1173,3861"/><TextEquiv><Unicode>point du jour par la cloche de Saint-Marc, que le doge</Unicode></TextEquiv></TextLine><TextLine id="r_5_tl_50" custom="readingOrder {index:49;}"><Coords points="75,3896 1170,3937 1168,3881 1114,3867 75,3856"/><Baseline points="83,3879 128,3879 173,3885 217,3887 262,3890 307,3893 352,3893 397,3893 441,3893 486,3893 531,3890 576,3890 621,3890 665,3890 710,3890 755,3890 800,3890 845,3893 889,3896 934,3899 979,3899 1024,3902 1069,3905 1113,3905 1158,3908 1173,3905"/><TextEquiv><Unicode>seul pouvait faire sonner; alors les conjurés, se réu¬</Unicode></TextEquiv></TextLine><TextEquiv><Unicode></Unicode></TextEquiv></TextRegion><TextRegion id="r" custom="readingOrder {index:4;} structure {type:footer;}"><Coords points="264,3909 926,3909 926,4000 264,4000"/><TextLine id="r_tl_1" custom="readingOrder {index:0;}"><Coords points="278,3967 376,3967 450,3998 577,3963 678,3975 748,3955 788,3981 893,3983 893,3914 856,3908 741,3932 677,3913 278,3913"/><Baseline points="286,3953 331,3953 376,3953 421,3956 465,3956 510,3953 555,3953 600,3953 645,3953 689,3953 734,3953 779,3950 824,3953 868,3953 895,3959"/><TextEquiv><Unicode>VINGT-CINQUIÉME ANNÉE. — N° IV.</Unicode></TextEquiv></TextLine><TextEquiv><Unicode></Unicode></TextEquiv></TextRegion><TextRegion id="r_6" custom="readingOrder {index:5;} structure {type:paragraph;}"><Coords points="1296,1174 2449,1177 2401,3921 1255,3934"/><TextLine id="r_6_tl_1" custom="readingOrder {index:0;}"><Coords points="1319,1252 2417,1292 2414,1215 1317,1211"/><Baseline points="1328,1239 1373,1236 1418,1239 1463,1239 1508,1239 1552,1242 1597,1242 1642,1245 1687,1245 1731,1248 1776,1248 1821,1248 1866,1251 1911,1251 1955,1254 2000,1254 2045,1254 2090,1257 2135,1260 2179,1263 2224,1266 2269,1269 2314,1272 2359,1275 2403,1278 2421,1278"/><TextEquiv><Unicode>nissant, devaient crier que la flotte génoise arrivait</Unicode></TextEquiv></TextLine><TextLine id="r_6_tl_2" custom="readingOrder {index:1;}"><Coords points="1319,1298 2404,1348 2416,1292 1317,1255"/><Baseline points="1328,1293 1373,1293 1418,1293 1463,1295 1508,1295 1552,1298 1597,1298 1642,1298 1687,1301 1731,1301 1776,1304 1821,1304 1866,1304 1911,1304 1955,1307 2000,1307 2045,1310 2090,1310 2135,1313 2179,1313 2224,1316 2269,1319 2314,1322 2359,1325 2403,1328 2421,1331"/><TextEquiv><Unicode>dans les lagunes, courir vers le palais, où les sons de</Unicode></TextEquiv></TextLine><TextLine id="r_6_tl_3" custom="readingOrder {index:2;}"><Coords points="1320,1360 2420,1395 2359,1334 1319,1298"/><Baseline points="1328,1346 1373,1346 1418,1346 1463,1349 1508,1349 1552,1352 1597,1352 1642,1352 1687,1355 1731,1355 1776,1355 1821,1358 1866,1358 1911,1358 1955,1361 2000,1361 2045,1364 2090,1367 2135,1367 2179,1370 2224,1370 2269,1373 2314,1373 2359,1379 2403,1379 2424,1382"/><TextEquiv><Unicode>la cloche auraient amené les patriciens, et profiter du</Unicode></TextEquiv></TextLine><TextLine id="r_6_tl_4" custom="readingOrder {index:3;}"><Coords points="1311,1409 2387,1457 2422,1395 1310,1360"/><Baseline points="1319,1400 1364,1400 1409,1400 1454,1403 1499,1403 1543,1406 1588,1406 1633,1406 1678,1409 1723,1409 1767,1412 1812,1412 1857,1415 1902,1415 1946,1415 1991,1415 2036,1418 2081,1418 2126,1421 2170,1424 2215,1424 2260,1427 2305,1427 2350,1430 2394,1433 2427,1436"/><TextEquiv><Unicode>trouble de cet instant pour les massacrer tous. Ce</Unicode></TextEquiv></TextLine><TextLine id="r_6_tl_5" custom="readingOrder {index:4;}"><Coords points="1313,1463 2423,1512 2422,1447 1311,1424"/><Baseline points="1319,1454 1364,1454 1409,1454 1454,1457 1499,1457 1543,1457 1588,1460 1633,1460 1678,1460 1723,1463 1767,1466 1812,1466 1857,1466 1902,1469 1946,1469 1991,1472 2036,1472 2081,1475 2126,1475 2170,1478 2215,1478 2260,1481 2305,1481 2350,1484 2394,1484 2424,1490"/><TextEquiv><Unicode>dessein pouvait réussir, mais un Bergamasque nommé</Unicode></TextEquiv></TextLine><TextLine id="r_6_tl_6" custom="readingOrder {index:5;}"><Coords points="1314,1527 2425,1556 2423,1511 2337,1501 1313,1470"/><Baseline points="1322,1508 1367,1508 1412,1511 1457,1511 1502,1513 1546,1513 1591,1516 1636,1513 1681,1516 1726,1519 1770,1519 1815,1519 1860,1522 1905,1522 1949,1525 1994,1525 2039,1525 2084,1528 2129,1528 2173,1531 2218,1531 2263,1534 2308,1537 2353,1537 2397,1540 2427,1543"/><TextEquiv><Unicode>Bertram, à qui un noble avait rendu des services, ne</Unicode></TextEquiv></TextLine><TextLine id="r_6_tl_7" custom="readingOrder {index:6;}"><Coords points="1311,1593 2404,1609 2402,1565 2241,1546 1310,1535"/><Baseline points="1319,1564 1361,1564 1406,1567 1451,1567 1496,1567 1540,1567 1585,1570 1630,1570 1675,1573 1720,1573 1764,1576 1809,1576 1854,1576 1899,1579 1943,1579 1988,1582 2033,1582 2078,1582 2123,1585 2167,1585 2212,1588 2257,1588 2302,1591 2347,1591 2391,1594 2406,1594"/><TextEquiv><Unicode>put se résoudre à voir périr son protecteur. Il le sup¬</Unicode></TextEquiv></TextLine><TextLine id="r_6_tl_8" custom="readingOrder {index:7;}"><Coords points="1314,1646 2397,1676 2410,1609 1313,1593"/><Baseline points="1322,1621 1367,1621 1412,1621 1457,1621 1502,1621 1546,1624 1591,1624 1636,1627 1681,1627 1726,1630 1770,1630 1815,1630 1860,1633 1905,1633 1949,1636 1994,1636 2039,1639 2084,1639 2129,1639 2173,1642 2218,1642 2263,1642 2308,1645 2353,1648 2397,1651 2415,1651"/><TextEquiv><Unicode>plia, en termes couverts, de ne pas sortir de chez lui,</Unicode></TextEquiv></TextLine><TextLine id="r_6_tl_9" custom="readingOrder {index:8;}"><Coords points="1316,1692 2414,1719 2413,1675 1314,1648"/><Baseline points="1322,1675 1367,1675 1412,1675 1457,1675 1502,1678 1546,1681 1591,1681 1636,1681 1681,1684 1726,1684 1770,1687 1815,1687 1860,1687 1905,1690 1949,1690 1994,1693 2039,1693 2084,1696 2129,1696 2173,1696 2218,1699 2263,1699 2308,1702 2353,1702 2397,1702 2418,1705"/><TextEquiv><Unicode>quelque rumeur qu'il entendît, et n'en voulut pas</Unicode></TextEquiv></TextLine><TextLine id="r_6_tl_10" custom="readingOrder {index:9;}"><Coords points="1310,1756 2404,1771 2402,1714 2321,1708 1308,1695"/><Baseline points="1316,1728 1361,1728 1406,1731 1451,1731 1496,1734 1540,1734 1585,1734 1630,1737 1675,1737 1720,1737 1764,1740 1809,1740 1854,1740 1899,1743 1943,1743 1988,1746 2033,1746 2078,1749 2123,1749 2167,1749 2212,1752 2257,1752 2302,1752 2347,1755 2391,1755 2406,1755"/><TextEquiv><Unicode>dire davantage; mais le noble, inquiété par cette demi¬</Unicode></TextEquiv></TextLine><TextLine id="r_6_tl_11" custom="readingOrder {index:10;}"><Coords points="1308,1800 2411,1829 2410,1783 2254,1762 1308,1756"/><Baseline points="1316,1788 1361,1785 1406,1788 1451,1788 1496,1788 1540,1791 1585,1791 1630,1791 1675,1791 1720,1794 1764,1794 1809,1797 1854,1797 1899,1797 1943,1800 1988,1800 2033,1803 2078,1803 2123,1806 2167,1806 2212,1809 2257,1809 2302,1809 2347,1812 2391,1812 2415,1818"/><TextEquiv><Unicode>révélation, s'empara de lui et le força, par les prières</Unicode></TextEquiv></TextLine><TextLine id="r_6_tl_12" custom="readingOrder {index:11;}"><Coords points="1310,1856 2391,1886 2408,1833 1308,1807"/><Baseline points="1316,1839 1361,1839 1406,1842 1451,1842 1496,1842 1540,1842 1585,1845 1630,1848 1675,1848 1720,1848 1764,1848 1809,1851 1854,1851 1899,1851 1943,1854 1988,1854 2033,1857 2078,1857 2123,1860 2167,1860 2212,1863 2257,1863 2302,1866 2347,1866 2391,1866 2412,1866"/><TextEquiv><Unicode>et les menaces, à révéler son secret tout entier. Dès</Unicode></TextEquiv></TextLine><TextLine id="r_6_tl_13" custom="readingOrder {index:12;}"><Coords points="1305,1908 2408,1932 2407,1889 2285,1876 1305,1865"/><Baseline points="1313,1896 1358,1896 1403,1896 1448,1896 1493,1899 1537,1899 1582,1899 1627,1902 1672,1902 1717,1902 1761,1905 1806,1905 1851,1905 1896,1908 1941,1908 1985,1911 2030,1911 2075,1914 2120,1914 2164,1914 2209,1917 2254,1917 2299,1917 2344,1920 2388,1920 2412,1923"/><TextEquiv><Unicode>qu'il connut de la conjuration ce que le Bergamasque</Unicode></TextEquiv></TextLine><TextLine id="r_6_tl_14" custom="readingOrder {index:13;}"><Coords points="1299,1965 2402,1985 2401,1946 2334,1934 1299,1914"/><Baseline points="1307,1949 1352,1949 1397,1949 1442,1949 1487,1952 1531,1952 1576,1952 1621,1955 1666,1955 1711,1958 1755,1958 1800,1961 1845,1961 1890,1961 1935,1961 1979,1964 2024,1964 2069,1964 2114,1967 2159,1967 2203,1970 2248,1970 2293,1970 2338,1973 2382,1973 2406,1976"/><TextEquiv><Unicode>lui-même en savait, il courut avertir le conseil des</Unicode></TextEquiv></TextLine><TextLine id="r_6_tl_15" custom="readingOrder {index:14;}"><Coords points="1301,2031 2390,2040 2388,1988 2178,1973 1299,1964"/><Baseline points="1307,2006 1352,2006 1397,2006 1442,2006 1487,2006 1531,2006 1576,2009 1621,2009 1666,2009 1711,2012 1755,2012 1800,2012 1845,2015 1890,2015 1935,2015 1979,2018 2024,2018 2069,2021 2114,2021 2159,2021 2203,2024 2248,2024 2293,2024 2338,2024 2382,2027 2394,2027"/><TextEquiv><Unicode>dix. Les mesures les plus énergiques suspendirent aus¬</Unicode></TextEquiv></TextLine><TextLine id="r_6_tl_16" custom="readingOrder {index:15;}"><Coords points="1299,2070 2361,2108 2401,2043 1298,2032"/><Baseline points="1307,2063 1352,2060 1397,2060 1442,2060 1487,2060 1531,2063 1576,2063 1621,2063 1666,2063 1711,2066 1755,2066 1800,2066 1845,2069 1890,2069 1935,2069 1979,2072 2024,2072 2069,2072 2114,2075 2159,2075 2203,2078 2248,2078 2293,2078 2338,2081 2382,2084 2403,2087"/><TextEquiv><Unicode>sitôt l’effort des conjurés : Israël Bertuccio, Philippe</Unicode></TextEquiv></TextLine><TextLine id="r_6_tl_17" custom="readingOrder {index:16;}"><Coords points="1299,2119 2384,2162 2382,2099 1299,2070"/><Baseline points="1307,2117 1352,2114 1397,2114 1442,2117 1487,2117 1531,2117 1576,2117 1621,2117 1666,2120 1711,2120 1755,2120 1800,2123 1845,2123 1890,2123 1935,2126 1979,2126 2024,2126 2069,2129 2114,2129 2159,2129 2203,2132 2248,2132 2293,2132 2338,2135 2382,2135 2388,2132"/><TextEquiv><Unicode>Calendaro et huit des autres conspirateurs furent ar¬</Unicode></TextEquiv></TextLine><TextLine id="r_6_tl_18" custom="readingOrder {index:17;}"><Coords points="1293,2191 2375,2206 2375,2156 2329,2140 1293,2143"/><Baseline points="1301,2170 1346,2170 1391,2170 1436,2170 1481,2170 1525,2170 1570,2173 1615,2173 1660,2173 1705,2173 1749,2176 1794,2176 1839,2176 1884,2176 1929,2179 1973,2179 2018,2179 2063,2182 2108,2182 2153,2182 2197,2185 2242,2185 2287,2185 2332,2185 2376,2188 2379,2188"/><TextEquiv><Unicode>rêtés, mis à la torture et pendus devant le palais du</Unicode></TextEquiv></TextLine><TextLine id="r_6_tl_19" custom="readingOrder {index:18;}"><Coords points="1305,2236 2378,2256 2378,2206 2318,2189 2221,2218 1305,2188"/><Baseline points="1313,2227 1358,2224 1403,2224 1448,2227 1493,2224 1537,2224 1582,2227 1627,2227 1672,2227 1717,2227 1761,2230 1806,2230 1851,2233 1896,2233 1941,2233 1985,2233 2030,2236 2075,2236 2120,2236 2164,2239 2209,2239 2254,2239 2299,2239 2344,2242 2382,2245"/><TextEquiv><Unicode>cal; le doge fut retenu prisonnier, et dans la nuit</Unicode></TextEquiv></TextLine><TextLine id="r_6_tl_20" custom="readingOrder {index:19;}"><Coords points="1293,2289 2393,2308 2391,2262 2291,2244 1293,2238"/><Baseline points="1301,2278 1346,2281 1391,2278 1436,2281 1481,2278 1525,2278 1570,2281 1615,2281 1660,2281 1705,2284 1749,2284 1794,2284 1839,2287 1884,2287 1929,2287 1973,2290 2018,2290 2063,2290 2108,2293 2153,2293 2197,2293 2242,2293 2287,2296 2332,2296 2376,2299 2397,2299"/><TextEquiv><Unicode>amené devant le conseil des dix, il fut interrogé. Il</Unicode></TextEquiv></TextLine><TextLine id="r_6_tl_21" custom="readingOrder {index:20;}"><Coords points="1296,2346 2353,2369 2384,2321 1295,2300"/><Baseline points="1304,2338 1349,2335 1394,2335 1439,2335 1484,2335 1528,2335 1573,2335 1618,2335 1663,2338 1708,2338 1752,2338 1797,2341 1842,2341 1887,2341 1932,2341 1976,2344 2021,2344 2066,2347 2111,2347 2156,2347 2200,2347 2245,2350 2290,2350 2335,2350 2379,2353 2388,2353"/><TextEquiv><Unicode>avoua tout, et, à l'unanimité des voix, il fut condamné</Unicode></TextEquiv></TextLine><TextLine id="r_6_tl_22" custom="readingOrder {index:21;}"><Coords points="1290,2397 2302,2426 2378,2422 2378,2366 1777,2381 1288,2341"/><Baseline points="1298,2391 1343,2388 1388,2388 1433,2391 1478,2388 1522,2388 1567,2388 1612,2391 1657,2391 1702,2391 1746,2394 1791,2397 1836,2394 1881,2397 1926,2397 1970,2397 2015,2400 2060,2400 2105,2400 2150,2403 2194,2403 2239,2403 2284,2403 2329,2403 2374,2409 2382,2406"/><TextEquiv><Unicode>à mort. Le lendemain, 17 avril 1355, il fut amené</Unicode></TextEquiv></TextLine><TextLine id="r_6_tl_23" custom="readingOrder {index:22;}"><Coords points="1287,2457 2384,2474 2382,2428 2324,2420 1287,2410"/><Baseline points="1295,2445 1340,2445 1385,2442 1430,2445 1475,2445 1519,2445 1564,2445 1609,2445 1654,2445 1699,2445 1743,2448 1788,2448 1833,2448 1878,2451 1923,2451 1967,2454 2012,2454 2057,2454 2102,2454 2147,2457 2191,2457 2236,2457 2281,2457 2326,2460 2371,2460 2388,2463"/><TextEquiv><Unicode>revêtu des insignes de sa dignité, au haut de l'escalier</Unicode></TextEquiv></TextLine><TextLine id="r_6_tl_24" custom="readingOrder {index:23;}"><Coords points="1288,2515 2384,2530 2382,2484 2296,2469 1287,2472"/><Baseline points="1295,2499 1340,2499 1385,2499 1430,2499 1475,2499 1519,2499 1564,2499 1609,2499 1654,2502 1699,2502 1743,2502 1788,2505 1833,2505 1878,2505 1923,2508 1967,2508 2012,2508 2057,2508 2102,2511 2147,2511 2191,2511 2236,2511 2281,2511 2326,2514 2371,2517 2388,2520"/><TextEquiv><Unicode>des Géants, où les doges reçoivent la couronne ; on</Unicode></TextEquiv></TextLine><TextLine id="r_6_tl_25" custom="readingOrder {index:24;}"><Coords points="1281,2569 2384,2583 2384,2537 2254,2527 1281,2519"/><Baseline points="1290,2556 1334,2553 1379,2553 1424,2553 1469,2553 1513,2553 1558,2553 1603,2553 1648,2556 1693,2556 1737,2559 1782,2559 1827,2559 1872,2559 1917,2559 1961,2562 2006,2562 2051,2565 2096,2565 2141,2565 2185,2565 2230,2565 2275,2565 2320,2565 2365,2568 2388,2571"/><TextEquiv><Unicode>lui ôta le bonnet et le manteau ducal, et un moment</Unicode></TextEquiv></TextLine><TextLine id="r_6_tl_26" custom="readingOrder {index:25;}"><Coords points="1290,2630 2381,2645 2381,2583 2317,2575 1290,2577"/><Baseline points="1298,2609 1343,2606 1388,2606 1433,2609 1478,2609 1522,2606 1567,2606 1612,2609 1657,2609 1702,2609 1746,2612 1791,2612 1836,2612 1881,2612 1926,2615 1970,2615 2015,2615 2060,2615 2105,2618 2150,2618 2194,2618 2239,2618 2284,2618 2329,2618 2374,2621 2385,2621"/><TextEquiv><Unicode>après, le chef duconseil des Dix montra au peuple un</Unicode></TextEquiv></TextLine><TextLine id="r_6_tl_27" custom="readingOrder {index:26;}"><Coords points="1290,2680 2378,2690 2346,2632 1290,2630"/><Baseline points="1298,2666 1343,2663 1388,2663 1433,2663 1478,2663 1522,2663 1567,2666 1612,2663 1657,2663 1702,2663 1746,2663 1791,2666 1836,2666 1881,2666 1926,2666 1970,2669 2015,2669 2060,2669 2105,2669 2150,2669 2194,2672 2239,2672 2284,2672 2329,2672 2374,2675 2379,2678"/><TextEquiv><Unicode>glaive sanglant en s'écriant : « Justice a été faite du</Unicode></TextEquiv></TextLine><TextLine id="r_6_tl_28" custom="readingOrder {index:27;}"><Coords points="1287,2735 2373,2737 2373,2690 2315,2679 1287,2680"/><Baseline points="1295,2720 1340,2717 1385,2717 1430,2714 1475,2714 1519,2717 1564,2720 1609,2717 1654,2717 1699,2720 1743,2717 1788,2720 1833,2720 1878,2720 1923,2720 1967,2723 2012,2720 2057,2723 2102,2723 2147,2723 2191,2723 2236,2726 2281,2726 2326,2726 2371,2729 2376,2729"/><TextEquiv><Unicode>traître ! » Le peuple se précipita vers le palais et vit</Unicode></TextEquiv></TextLine><TextLine id="r_6_tl_29" custom="readingOrder {index:28;}"><Coords points="1276,2779 2253,2795 2215,2734 1275,2725"/><Baseline points="1284,2771 1328,2771 1373,2771 1418,2771 1463,2771 1508,2771 1552,2771 1597,2771 1642,2771 1687,2771 1731,2771 1776,2771 1821,2771 1866,2771 1911,2774 1955,2774 2000,2774 2045,2774 2090,2774 2135,2777 2179,2777 2224,2780 2257,2780"/><TextEquiv><Unicode>la tête blanche du doge roulant sur les degrés.</Unicode></TextEquiv></TextLine><TextLine id="r_6_tl_30" custom="readingOrder {index:29;}"><Coords points="1328,2837 2376,2846 2358,2805 2137,2790 1328,2788"/><Baseline points="1337,2824 1382,2824 1427,2824 1472,2824 1516,2824 1561,2824 1606,2824 1651,2824 1696,2824 1740,2824 1785,2824 1830,2824 1875,2824 1920,2827 1964,2827 2009,2827 2054,2827 2099,2830 2144,2830 2188,2830 2233,2833 2278,2836 2323,2833 2368,2836 2379,2833"/><TextEquiv><Unicode>Dans la salle du palais où sont réunis tous les por¬</Unicode></TextEquiv></TextLine><TextLine id="r_6_tl_31" custom="readingOrder {index:30;}"><Coords points="1278,2895 2353,2912 2378,2852 1276,2831"/><Baseline points="1284,2881 1328,2878 1373,2878 1418,2878 1463,2878 1508,2881 1552,2881 1597,2881 1642,2881 1687,2881 1731,2881 1776,2881 1821,2881 1866,2881 1911,2881 1955,2881 2000,2884 2045,2884 2090,2884 2135,2887 2179,2887 2224,2887 2269,2890 2314,2890 2359,2893 2382,2893"/><TextEquiv><Unicode>traits des doges, à la place que devait occuper celui</Unicode></TextEquiv></TextLine><TextLine id="r_6_tl_32" custom="readingOrder {index:31;}"><Coords points="1276,2939 2177,2968 2375,2957 2375,2912 1275,2895"/><Baseline points="1284,2935 1328,2935 1373,2935 1418,2935 1463,2935 1508,2935 1552,2935 1597,2935 1642,2935 1687,2932 1731,2935 1776,2935 1821,2935 1866,2935 1911,2935 1955,2938 2000,2938 2045,2938 2090,2941 2135,2941 2179,2941 2224,2944 2269,2944 2314,2944 2359,2947 2379,2947"/><TextEquiv><Unicode>de Faliero, on voit un cadre voilé d’un crêpe avec ces</Unicode></TextEquiv></TextLine><TextLine id="r_6_tl_33" custom="readingOrder {index:32;}"><Coords points="1279,3000 2204,3035 2375,3012 2375,2968 1278,2957"/><Baseline points="1287,2992 1331,2989 1376,2989 1421,2989 1466,2989 1511,2989 1555,2989 1600,2989 1645,2986 1690,2989 1734,2989 1779,2989 1824,2989 1869,2992 1914,2992 1958,2995 2003,2995 2048,2995 2093,2998 2138,2998 2182,3001 2227,3001 2272,3001 2317,3001 2362,3001 2379,3004"/><TextEquiv><Unicode>mots : Place de Marino Faliero, décapité pour ses</Unicode></TextEquiv></TextLine><TextLine id="r_6_tl_34" custom="readingOrder {index:33;}"><Coords points="1270,3056 1304,3061 1317,3053 1330,3064 1337,3058 1387,3061 1403,3053 1412,3061 1424,3059 1424,3020 1409,3015 1393,3021 1339,3004 1322,3017 1316,3012 1298,3018 1270,3015"/><Baseline points="1278,3048 1293,3045 1337,3045 1382,3045 1427,3045"/><TextEquiv><Unicode>crimes.</Unicode></TextEquiv></TextLine><TextLine id="r_6_tl_35" custom="readingOrder {index:34;}"><Coords points="1316,3109 2236,3132 2358,3125 2358,3073 1314,3056"/><Baseline points="1325,3099 1370,3099 1415,3099 1460,3099 1505,3099 1549,3099 1594,3099 1639,3099 1684,3099 1728,3099 1773,3102 1818,3102 1863,3102 1908,3102 1952,3105 1997,3105 2042,3105 2087,3105 2132,3105 2176,3105 2221,3108 2266,3105 2311,3105 2356,3108 2362,3108"/><TextEquiv><Unicode>Cet événement bizarre et sinistre a inspiré plus</Unicode></TextEquiv></TextLine><TextLine id="r_6_tl_36" custom="readingOrder {index:35;}"><Coords points="1270,3178 2352,3172 2309,3117 1270,3119"/><Baseline points="1278,3156 1322,3153 1367,3153 1412,3153 1457,3153 1502,3153 1546,3153 1591,3153 1636,3156 1681,3156 1726,3156 1770,3156 1815,3156 1860,3159 1905,3159 1949,3159 1994,3159 2039,3159 2084,3159 2129,3159 2173,3159 2218,3159 2263,3159 2308,3156 2353,3156 2356,3156"/><TextEquiv><Unicode>d'une fois les romanciers et les poètes. Byron et Ca¬</Unicode></TextEquiv></TextLine><TextLine id="r_6_tl_37" custom="readingOrder {index:36;}"><Coords points="1267,3216 2346,3213 2346,3179 1267,3181"/><Baseline points="1275,3210 1319,3210 1364,3210 1409,3210 1454,3210 1499,3210 1543,3210 1588,3210 1633,3213 1678,3210 1723,3210 1767,3213 1812,3213 1857,3213 1902,3213 1946,3213 1991,3213 2036,3213 2081,3213 2126,3213 2170,3210 2215,3210 2260,3207 2305,3207 2350,3207"/><TextEquiv><Unicode>simir Delavigne y ont trouvé tous deux le sujet d'une</Unicode></TextEquiv></TextLine><TextLine id="r_6_tl_38" custom="readingOrder {index:37;}"><Coords points="1270,3271 2349,3272 2349,3222 1597,3249 1270,3220"/><Baseline points="1278,3263 1322,3263 1367,3263 1412,3263 1457,3266 1502,3266 1546,3266 1591,3266 1636,3266 1681,3266 1726,3266 1770,3266 1815,3266 1860,3266 1905,3266 1949,3266 1994,3263 2039,3263 2084,3263 2129,3263 2173,3260 2218,3260 2263,3257 2308,3257 2353,3260"/><TextEquiv><Unicode>tragédie. Byron s'est tenu strictement à l'histoire; il</Unicode></TextEquiv></TextLine><TextLine id="r_6_tl_39" custom="readingOrder {index:38;}"><Coords points="1264,3327 2346,3315 2337,3266 1266,3278"/><Baseline points="1272,3320 1275,3320 1319,3320 1364,3320 1409,3320 1454,3320 1499,3320 1543,3320 1588,3320 1633,3320 1678,3320 1723,3320 1767,3320 1812,3320 1857,3320 1902,3317 1946,3317 1991,3317 2036,3314 2081,3314 2126,3311 2170,3314 2215,3311 2260,3311 2305,3311 2350,3311"/><TextEquiv><Unicode>n’a mêlé aucun élément étranger au drame tout pré¬</Unicode></TextEquiv></TextLine><TextLine id="r_6_tl_40" custom="readingOrder {index:39;}"><Coords points="1264,3395 2347,3382 2349,3316 1266,3351"/><Baseline points="1272,3380 1278,3380 1322,3377 1367,3374 1412,3377 1457,3374 1502,3374 1546,3374 1591,3374 1636,3374 1681,3374 1726,3374 1770,3374 1815,3374 1860,3371 1905,3371 1949,3368 1994,3368 2039,3365 2084,3365 2129,3365 2173,3362 2218,3362 2263,3365 2308,3365 2353,3368"/><TextEquiv><Unicode>paré que lui fournissaient les annales de Venise. Le</Unicode></TextEquiv></TextLine><TextLine id="r_6_tl_41" custom="readingOrder {index:40;}"><Coords points="1266,3444 2353,3433 2353,3382 2311,3374 1267,3400"/><Baseline points="1275,3428 1281,3431 1325,3428 1370,3428 1415,3428 1460,3428 1505,3428 1549,3425 1594,3425 1639,3425 1684,3425 1728,3422 1773,3422 1818,3422 1863,3419 1908,3419 1952,3419 1997,3416 2042,3416 2087,3416 2132,3416 2176,3416 2221,3416 2266,3416 2311,3416 2356,3419"/><TextEquiv><Unicode>caractère fougueux, fier et cependant généreux du</Unicode></TextEquiv></TextLine><TextLine id="r_6_tl_42" custom="readingOrder {index:41;}"><Coords points="1267,3496 2347,3487 2349,3437 1269,3453"/><Baseline points="1275,3487 1278,3484 1322,3481 1367,3481 1412,3481 1457,3478 1502,3481 1546,3478 1591,3475 1636,3475 1681,3475 1726,3472 1770,3472 1815,3472 1860,3469 1905,3469 1949,3469 1994,3466 2039,3466 2084,3466 2129,3466 2173,3466 2218,3469 2263,3469 2308,3469 2353,3472"/><TextEquiv><Unicode>vieux doge, les figures variées des plébéiens et surtout</Unicode></TextEquiv></TextLine><TextLine id="r_6_tl_43" custom="readingOrder {index:42;}"><Coords points="1264,3549 2334,3543 2352,3491 1264,3497"/><Baseline points="1272,3538 1278,3538 1322,3535 1367,3535 1412,3535 1457,3535 1502,3532 1546,3529 1591,3529 1636,3526 1681,3526 1726,3526 1770,3526 1815,3523 1860,3523 1905,3520 1949,3520 1994,3520 2039,3520 2084,3520 2129,3520 2173,3523 2218,3523 2263,3523 2308,3526 2353,3526"/><TextEquiv><Unicode>le caractère ravissant de la jeune dogaresse, lui ont</Unicode></TextEquiv></TextLine><TextLine id="r_6_tl_44" custom="readingOrder {index:43;}"><Coords points="1258,3610 2346,3599 2346,3543 1258,3554"/><Baseline points="1266,3592 1275,3592 1319,3589 1364,3589 1409,3589 1454,3586 1499,3586 1543,3583 1588,3583 1633,3580 1678,3580 1723,3577 1767,3577 1812,3574 1857,3574 1902,3574 1946,3574 1991,3574 2036,3574 2081,3574 2126,3574 2170,3577 2215,3577 2260,3580 2305,3583 2350,3586"/><TextEquiv><Unicode>fourni ces scènes élevées et pathétiques auxquelles on</Unicode></TextEquiv></TextLine><TextLine id="r_6_tl_45" custom="readingOrder {index:44;}"><Coords points="1261,3654 1832,3630 2340,3663 2340,3596 1261,3611"/><Baseline points="1269,3646 1313,3643 1358,3643 1403,3640 1448,3640 1493,3637 1537,3634 1582,3634 1627,3631 1672,3631 1717,3628 1761,3628 1806,3628 1851,3628 1896,3628 1941,3628 1985,3628 2030,3628 2075,3631 2120,3631 2164,3634 2209,3634 2254,3634 2299,3637 2344,3637"/><TextEquiv><Unicode>ne pourrait reprocher peut-être qu'un peu d'unifor¬</Unicode></TextEquiv></TextLine><TextLine id="r_6_tl_46" custom="readingOrder {index:45;}"><Coords points="1258,3707 1704,3681 2337,3721 2337,3668 2057,3637 2022,3666 1801,3637 1258,3662"/><Baseline points="1266,3699 1310,3696 1355,3693 1400,3693 1445,3687 1490,3687 1534,3687 1579,3684 1624,3681 1669,3681 1714,3681 1758,3681 1803,3678 1848,3678 1893,3678 1938,3678 1982,3681 2027,3684 2072,3684 2117,3687 2161,3690 2206,3690 2251,3693 2296,3693 2341,3693"/><TextEquiv><Unicode>mité. Les sentiments toujours nobles, le langage tou¬</Unicode></TextEquiv></TextLine><TextLine id="r_6_tl_47" custom="readingOrder {index:46;}"><Coords points="1258,3773 2334,3765 2314,3716 2064,3695 1258,3715"/><Baseline points="1266,3762 1307,3750 1352,3747 1397,3744 1442,3741 1487,3741 1531,3741 1576,3738 1621,3735 1666,3735 1711,3735 1755,3732 1800,3732 1845,3735 1890,3735 1935,3735 1979,3738 2024,3738 2069,3741 2114,3741 2159,3744 2203,3744 2248,3747 2293,3750 2338,3753"/><TextEquiv><Unicode>Jours lyrique, rendent cette pièce agréable à la lecture,</Unicode></TextEquiv></TextLine><TextLine id="r_6_tl_48" custom="readingOrder {index:47;}"><Coords points="1258,3811 2346,3815 2346,3771 1258,3782"/><Baseline points="1266,3807 1275,3807 1319,3801 1364,3801 1409,3798 1454,3795 1499,3792 1543,3792 1588,3789 1633,3789 1678,3789 1723,3789 1767,3789 1812,3789 1857,3789 1902,3792 1946,3792 1991,3795 2036,3795 2081,3798 2126,3798 2170,3801 2215,3801 2260,3801 2305,3801 2350,3804"/><TextEquiv><Unicode>mais il lui manque l'animation indispensable au</Unicode></TextEquiv></TextLine><TextLine id="r_6_tl_49" custom="readingOrder {index:48;}"><Coords points="1261,3872 2337,3873 2337,3826 2178,3811 2113,3841 1739,3802 1261,3823"/><Baseline points="1269,3858 1310,3855 1355,3852 1400,3852 1445,3849 1490,3846 1534,3846 1579,3843 1624,3843 1669,3843 1714,3843 1758,3843 1803,3846 1848,3846 1893,3846 1938,3849 1982,3852 2027,3852 2072,3855 2117,3855 2161,3855 2206,3855 2251,3855 2296,3852 2341,3852"/><TextEquiv><Unicode>théâtre. Casimir Delavigne, au contraire, a fait mou¬</Unicode></TextEquiv></TextLine><TextLine id="r_6_tl_50" custom="readingOrder {index:49;}"><Coords points="1264,3929 2343,3917 2318,3873 1264,3870"/><Baseline points="1272,3911 1316,3908 1361,3905 1406,3905 1451,3902 1496,3899 1540,3899 1585,3896 1630,3899 1675,3899 1720,3899 1764,3899 1809,3899 1854,3902 1899,3902 1943,3905 1988,3908 2033,3908 2078,3911 2123,3908 2167,3908 2212,3908 2257,3908 2302,3905 2347,3905"/><TextEquiv><Unicode>voir dans sa tragédie tous les ressorts des passions :</Unicode></TextEquiv></TextLine><TextEquiv><Unicode></Unicode></TextEquiv></TextRegion><TextRegion id="r_1" custom="readingOrder {index:6;} structure {type:footer;}"><Coords points="2104,3924 2164,3924 2164,3984 2104,3984"/><TextEquiv><Unicode></Unicode></TextEquiv></TextRegion></Page></PcGts>