2822 3966
1577 77 1701 198 154
1243 322 2056 617 Correspondance.
521 722 2734 843 PLANCHE V. — 1, Quart d'un mouchoir — 2, écusson pour moucheir — 3, 4 et 5, Col et deux garnitures assorties —
593 797 2729 899 6, H. P.—7, Ottilie — 8, Entre-deux — 9, Garniture — 10, Quart d’un mouchoir — 11, Écusson pour moucloir
598 843 2737 973 12, Col — 13, Garniture assortie — 14, Entre-deux — 15, Anthelmine — 16, Laure — 17, Bas de jupon — 18, Louise
598 904 2737 1012 —19, Annette — 20, Proserpine — 21, Devant d’une robe d‘enfant — 22, 23, 24 et 25, Devant du corsage, garniture du
590 951 2729 1086 tablier, garniture du corsage, entre-deux des manches — 26, V. B. enlacés — 27, A. B., R. P. — 28, Semé pour bouil¬
584 992 2737 1133 lons — 29, Entre-deux — 30, G. S., avec couronne de baron — 31, E. B. — 32, Quart d’un mouchoir — 33, H. B.—
590 1045 2734 1182 34, Dessus d’une pelote duchesse — 35, L. C. — 36, L, P. — 37, Henriette — 38, H. C C.  — 39 et 40, Petit et grand
587 1114 2740 1238 alphabet — 41 à 43, Patron et dessin d’un mantelet-châle — 44, Croquis du manteiet — 45, Talma de poupée — 46 et
587 1174 2734 1284 47, Col et manchette idem — 48, 49, 50, 51, 52, 53, Patron d’un corsage de robe pour poupén— 54, Tapisserie par
593 1235 2737 1337 signes—55, R. D. C. enlacés avec couronne de baron—56, P. R. C., enlaces avec couronne de baronne — 57, R . F. —
587 1287 1568 1373 58, G. N. — 59, V. N.— 60, Félicité — 61, Léontine
1601 1304 2726 1433 — 62, D. M. — 63, Bénitier — 64, Porte-cigares — 65, Cache-
584 1337 2100 1430 pot — 66 et 67, Corbeille pour recevoir les cartes de visite — 68, Porte-allumettes.
623 1392 1549 1497 La petite édition finit au numéro 9 inclusivement.
548 1574 1574 1668 Tu te rappelles, ma chère Florence, cette réunion de
499 1626 1563 1723 la Société des Crèches, à laquelle toi et moi nous avons
496 1695 1560 1770 assisté l'an dernier, et qui nous a inspiré un si vif in¬
499 1731 1566 1816 térêt pour l'œuvre? Cette réunion a eu lieu de nouveau
502 1778 1571 1869 cette année, et, comme d’habitude, des comptes ont
488 1838 1568 1921 été rendus publiquement; il s’ensuit qu’en 1856, dans
485 1883 1560 1979 les crèches de Paris seulement, il y a eu 2,300 ad¬
496 1946 1560 2031 missions et 150,000 journées de présence. Ah! la be.le,
493 1990 1557 2081 la bonne, la vraie charité! que la voità bien comme
485 2042 1552 2131 je l'entends ! On donne de l'or, la belle affaire, dût-il
493 2103 1552 2177 vous coûter la privation d’un chiffon ! mais faire
482 2136 1560 2249 taire sa paresse et sa délicatesse; donner son temps
488 2197 1549 2279 et sa peine; aider à maintenir l’ordre et la pro¬
485 2257 1549 2343 preté au milieu de ces petits nids blancs; soute¬
474 2315 1541 2390 nir des pas qui s’essaient et chancellent; apprendre
477 2357 1552 2450 à de petites langues à se délier, à de petiles mains à
474 2409 1549 2508 se joindre et à prier; surveiller l’éclusion de ces
471 2464 1549 2558 intelligences enfantines; sans efforts, sans discours,
485 2514 1541 2607 par la seule puissance de l'exemple et de l’habitude,
482 2569 1538 2663 jeter dans ces jeunes âmes les fortes semences du
474 2621 1538 2701 bien; à la bonne heure ! c’est là, vraiment, marcher
471 2676 1532 2767 dans les sentiers de l’Evangile. Aussi, que de béné¬
469 2718 1538 2814 dictions amassées sur la tête de ces mères d’amour,
471 2776 1538 2861 par ces pauvres mères, obligées de s'éloigner du ber¬
460 2831 1532 2908 ceau de leur enfant pour gagner le pain quotidien
463 2878 1541 3002 Ces sortes de bonnes actions procurent deux moissons,
458 2930 1111 3002 l'une ici-bas, et l'autre au ciel !
499 2991 1535 3065 A cette réunion, présidée par monseigneur le car¬
458 3032 1521 3131 dinal Donnet, madame Viardot a chanté, mesdemoi¬
455 3101 1535 3178 selles Stella Colas et Montaigne ont fort bien joué un
452 3145 1530 3228 acte d’Esther, et mademoiselle Stella Colas, pension-
455 3211 1530 3296 naire de la Comédie-Française, comme tu sais, a dit,
466 3252 1527 3354 avec une sensibilité profonde, des vers d'à-propos.
466 3310 1535 3437 pleins de délicatesse et de grâce (les Deux Hirondelles),
460 3349 838 3429 dus à M. Legouvé.
496 3407 1532 3520 Tu me demandes, Florence, si-ce carême, ainsi que
447 3456 1527 3564 les précédents, a été fortile en concerts; hélas! que
447 3503 1527 3633 trop! Non-seulement les gosiers émérites et autres
435 3569 1524 3688 s'en sont comme toujours donné à cœur joie, mais,
1648 1582 2723 1690 comme toujours aussi, l’on nous a jeté à la tête les
1651 1676 2709 1739 arpéges, les trilles, les surprises, les difficultés gigan
1645 1714 2723 1794 tesques dont on se joue; on a tonné, stupéfié; mais
1645 1772 2720 1852 a-t-on chanté? nous a-t’on charmés? That is the
1651 1827 2715 1902 question ! J'ai entendu les maîtres; l’agilité de leurs
1648 1885 2715 1949 doigts et la sûreté de leur attaque m’ont toujours
1651 1924 2712 2001 paru quelque chose de prodigieux, mais qu’ont-ils
1640 1987 2707 2056 dit à mon âme? Vois-tu, le piano tuerait la mélo¬
1640 2031 2709 2114 die s’il ne lui restait, pour se communiquer aux
1640 2073 2704 2158 hommes, la voix et le violon, qui en est le plus
1629 2120 2707 2211 fidèle imitateur. En effet, la voix humaine, n’est-
1637 2191 2712 2263 ce pas là l’instrument parMence? Plutôt que de
1629 2241 2712 2326 faire maigrir de pauvres filles, trois ou quatre heures
1634 2299 2698 2370 durant, tous les jours, devant leur piano, que ne s’oc¬
1623 2354 2704 2431 cupe-t-on de leur voix? que ne la soigne-t—on? que
1626 2398 2696 2481 ne l’aide-t-on à se développer?... Je sais bien que, sé
1637 2450 2698 2525 cet instrument est le plus parfait, il est aussi le plus
1632 2505 2696 2574 fragile; mais on n'abandonnerait pas absolument le
1634 2552 2682 2629 piano, on empiéterait simplement, et avec toute rai¬
1623 2607 2690 2679 son, ce me semble, sur les heures qui lui sont consa¬
1618 2663 2696 2737 crées, et il y aurait là tout profit; nous en aurions
1626 2707 2687 2778 moins de tapoteurs et plus de musiciens. Par exemple,
1621 2759 2690 2833 il faudrait que, vis-à-vis des chanteurs, la sévérité fût
1618 2825 2693 2891 de mise, et qu’à un déluge de pianistes ne succédât
1618 2864 2693 2966 pas une averse de voix éraillées d’une justesse dou¬
1623 2922 2442 2985 teuse; le remède serait pire que le mal !
1659 2977 2687 3054 Au concert de mademoiselle Marie Ducrest, la bé¬
1615 3032 2690 3101 néficiaire a chanté avec cette méthode parfaite que
1610 3084 2685 3153 l’on reconnaît en elle dès les premiers sons; une pia¬
1612 3134 2693 3208 niste, mademoiselle Danvin, a fait tomber de ses
1618 3181 2682 3255 doigts blancs ses cascades habituelles de notes éunce¬
1615 3230 2690 3308 lantes; mais c'est à mademoiselle Humler, jeune fille
1615 3291 2676 3374 de quatorze à quinze ans, au maintien simple et in¬
1618 3343 2682 3429 génu, que reviennent les honneurs de la soirée ; l'in¬
1610 3407 2693 3467 strument de mademoiselle Humler est le violon, et
1612 3456 2685 3525 cet instrument a reconnu en elle un maître. Comme
1610 3520 2674 3605 sous l’audacieux archet de cette enfant le violon tom
1612 3561 2679 3633 à tour gémit et pleure, rit et chante, gazouille
1610 3624 2682 3704 comme la faurette, murmure comme le ruisseau,
