2897 4318
1219 341 1311 418 381
178 406 1222 477 les brides ensuite autour du rond cordonné, pour
180 476 1224 537 que le tulle ne fronce pas. On est presque toujours
178 527 1222 586 obligé de redoubler quelques-uns des points du rond
189 573 1218 639 pour arriver à l’endroit d’où l‘on doit passer à un
172 631 1218 694 autre rang. Il n’y a pas de réseaux entre les ronds,
175 694 1208 734 mais seulement quelques brides transversales appar¬
172 729 1214 794 tenant aux réseaux cordonnés. Tu vois que les ronds
168 782 1212 852 s’alternent. Quand, au bout d’un rang, il ne reste pas
168 842 1212 901 assez de réseaux pour faire un rond, on en fait ce
168 894 1212 948 qu’on peut; il y en a plusieurs dans le dessin qui ne
166 936 483 1018 sont pas entiers.
204 1003 1210 1073 62, S’il est un jour utile, c’est à coup sûr le point
163 1070 1208 1136 d'échelle, car on le fait dans tous les genre possibles
159 1118 1208 1182 de broderies. Je serais peu étonnée, toutefois, que tu
159 1176 1201 1237 ne susses pas le faire; il est un de ceux qui sont res¬
163 1226 1207 1290 tés du domaine des brodeuses de profession; je vais
153 1278 1101 1343 donc commencer aujourd’hui par te l’expliquer.
195 1327 1207 1386 Le point d'échelle ne s'exécute qu'après que les cor¬
155 1373 1203 1443 donnets sont faits. S’il suit une ligne droite, et dans
156 1429 1199 1512 le sens des fils, on en tire quelques-uns au milieu; le
156 1477 1197 1545 jour est alors plus ouvert, comme tu peux le voir
154 1533 1205 1595 dans une partie du dessin. On attache le fil sur le
147 1598 1195 1657 cordonnet et on en laisse dépasser un bout de toute
147 1637 1199 1698 la longueur du jour. Je te dirai tout à l’heure pour¬
154 1696 1199 1759 quoi ce fil. On prend quelques fils entre les deux
147 1748 1198 1802 cordonnets : ce sera une des petites brides ou, si l'on
150 1796 1195 1863 veut, un des petits échelons. On repasse l’aiguille
147 1842 1193 1908 comme si l’on voulait reprendre les mêmes fils, mais
145 1903 1197 1962 on la fait sortir dans les fils, contre le cordonnet, juste
141 1962 1190 2011 au-dessous des fils pris. On serre, et la bridge se forme
145 2003 1190 2062 en laissant, à droite et à gauche, un petit vide. On
147 2055 1185 2111 passe l’aiguille dans le second vide et on la fait sor¬
145 2108 1190 2166 tir encore contre le cordonnet, un peu plus loin
143 2162 1189 2225 que tout à l’heure. On procède de droite à gauche.
134 2216 1180 2257 A chaque point, on prend le fil flottant et on le cor¬
135 2264 1180 2317 donne ainsi peu à peu. Il est comme le tracé du cor¬
139 2312 1189 2374 donnet intérieur qui produit un si joli effet. Il ne
134 2371 1186 2442 s’agit plus maintenant que de répéter ce qu’on vient
139 2413 1178 2472 de faire. Il faut trois points pour chaque bridge : on
142 2467 1178 2523 prend d’abord quelques fils qui font la bridge, puis, on
133 2520 1177 2577 fait un deuxième point en passant l’aiguille à droite
130 2572 1174 2623 de la bridge et en la faisant sortir contre le cordon¬
133 2623 1178 2680 net ; enfin un troisième point en passant l’aiguille à
130 2680 1178 2730 gauche de la bride et en la faisant sortir encore contre
130 2723 1161 2786 le cordonnet. On prend de nouveau quelques fils (pre¬
122 2783 1176 2829 mier point), et l’on fait les deux autres points comme
124 2823 1176 2886 il vient d'être dit. Voilà une de ces choses bien faciles
126 2868 1177 2935 à faire, et qui, à dire ou à lire, sont pour la patience
130 2934 1176 2990 une véritable épreuve; mais, nous nous résignons, toi
124 2984 1176 3043 et moi, c'est convenu. J'allais oublier de te dire que
124 3032 1176 3086 lorsqu’on suit une ligne plus ou moins en biais, et
124 3077 1176 3142 qu'on ne peut tirer de fils, on procède absolument
126 3139 1173 3198 de même, mais alors le jour est moins ouvert. On
126 3189 1170 3248 prend les fils, en les écartant le plus possible, à égale
126 3232 600 3327 distance des cordonnets.
163 3299 1161 3377 63, Ce jour ne se voit que dans les belles brode¬
118 3362 1166 3422 ries sur mousseline, car bien que peu difficile, il est
124 3408 1164 3476 long à faire. Il se compose entièrement de réseaux
121 3462 1164 3527 tous faits de la même manière, mais les uns petits et
118 3510 1156 3582 les autres grands. Les grands réseaux forment les
124 3566 1157 3629 vides qui font ressortir le mat des œillets. On les fait
118 3624 1155 3694 en passant un, deux ou même trois petits réseaux, et,
112 3670 1159 3733 en surfilant, on prend deux ou trois fois la bride pour
117 3716 1152 3785 qu'elle soit bien tordue. Les œillets se font sur de pe¬
120 3764 1161 3844 tits réseaux disposés comme l'indique le dessin. Tu
1307 431 2345 521 comprends que ce jour, et le précédent, pourraient
1304 490 2333 577 très-bien se faire dans des espaces de moindre éten¬
1298 535 2341 626 due, tels que des demi-ronds et des demis-ovales, en
1297 596 2050 658 n'en prenant que la moitié ou le tiers.
1343 639 2341 729 64, Quand tu auras fait le numéro 57, rien qu'en
1304 707 2341 781 voyant le dessin tu comprendras celui-ci. Tu feras
1295 761 2343 831 d’abord dix réseaux en tendant les brides, puis
1294 797 2349 881 dix autres plus allongés que tu surfileras deux fois;
1294 846 2345 938 enfin, cinq seulement qui laisseront un petit vide au
1293 897 2347 984 centre. Sur le triangle que formera le surfil, entre
1290 952 2339 1034 chaque réseau, tu feras un petit rond festonné comme
1295 1014 2333 1090 je te l’ai déjà expliqué; les dents du deuxième tour
1291 1072 2334 1132 se rempliront en point d’esprit; tu doubleras, tu tri¬
1297 1119 2331 1195 pleras même les brides du premier rang, et tu les
1287 1173 2328 1243 festonneras. Il faut te servir pour ce jour de fil très¬
1290 1219 2325 1303 fin, et de même pour le suivant (n° 65), qui se com¬
1293 1268 2335 1347 pose de huit réseaux allongés et de hui petits réseaux
1282 1333 2328 1389 qu’on prend, non comme d’ordinaire dans la bridge
1282 1374 2329 1456 des réseaux précédents, mais dans le surfil qu’on a
1276 1428 2329 1494 soin de ne pas serrer. On triple le surfil du second
1285 1475 2330 1569 tour, puis on le festonne. A l’endroit où l‘on a pris le
1286 1523 2321 1581 surfil on fait une perle (rappelle-toi, je te prie, com¬
1281 1578 2329 1658 ment la perle se fait). Il reste, maintenant, à doubler
1277 1623 2312 1691 les brides du premier tour de réseaux et à les fes¬
1276 1670 2314 1756 tonner. Ces deux jours sont faciles autant que jolis.
1278 1737 2193 1815 Le troisième exercera ta patience un peu plus.
1318 1769 2310 1849 65, Ce jour ne se fait que dans la broderie en appli¬
1279 1846 2309 1919 cation imitant le point d’Angleterre ou le point ci-
1282 1903 2310 1957 çon. Il ne produirait pas un joli effet dans une bro¬
1269 1945 2310 2016 derie au plumetis. Après avoir pris ses mesures pour
1277 2000 2310 2050 s’assurer de ce que le compartiment peut contenir
1269 2042 2305 2117 de carreaux, et pour les disposer le plus régulière¬
1270 2096 2310 2161 ment possible, on tend des fils d’un sens, puis de
1270 2146 2310 2212 l’autre; en croisant, tu prendras le fil dans un point,
1265 2211 2304 2258 afin de consolider tout le quadrillé. Dans chaque car¬
1264 2255 2309 2324 reau, tu feras ensuite quatre réseaux, et au centre
1274 2303 2309 2371 des réseaux, un œillet festonné. Aie soin surtout de
1274 2363 2310 2412 ne pas tendre les brides des réseaux : elles peuvent
1265 2410 2303 2467 être trop longues sans inconvénient, mais il y en au¬
1265 2462 2307 2522 rait si elles étaient trop courtes ; il serait impossible
1265 2513 2305 2566 alors que les carreaux restassent bien formés. A tous
1258 2562 2313 2617 les endroits où les fils se croisent tu feras une
1258 2610 1389 2683 perle.
1578 2700 2017 2784 PLANCHE COLORIÉE.
1294 2813 2155 2868 Dans le milieu est un porte-journaux ou
2179 2818 2299 2881 porte-
1253 2865 2297 2926 lettres ; c’est une carcasse de carton dissimulée par de
1252 2914 2280 2981 la mousse de laine, émaillée de petites fleurs égale¬
1252 2978 2292 3031 ment en laine; le dos et le fond sont recouverts d’une
1265 3022 2280 3078 percaline placée verte. De chaque côté du porte-jour¬
1247 3068 2291 3122 naux se trouvent deux baguiers en chenille ombrée, l’un
1247 3134 2291 3178 a la forme d’une coquille, et l’autre représente une
1247 3173 2009 3227 coupe avec mélange de perles satinées.
1297 3228 2283 3274 Ces deux objets exigent des carcasses en fil de fer.
1256 3269 2284 3323 Viennent ensuite, à droite, un dessous de lampe, et
1241 3319 2272 3373 à gauche, un dessous de vase ou de flacon. Le des¬
1249 3366 2284 3430 sous de lampe a 16 centimètres de diamètre; le rond
1241 3418 2285 3483 du milieu est fait sur de la ficelle; la laine blanche
1247 3487 2280 3535 est lamée or, ainsi que la laine noire; tout autour
1241 3545 2279 3589 est un ornement en perle, pour l’arrangement du¬
1249 3575 2274 3639 quel notre dessin te servira de modèle. Point de dou¬
1241 3628 2167 3687 blure pour ce grillage en perles, il reste à jour.
1286 3677 2280 3744 Le dessous de flacon n'a que douze centimètres de
1241 3736 2285 3785 diamètre, il est fait sur canevas n° 24. Toutes les
1241 3786 2275 3861 couleurs des pensées sont en soie, le feuillage en laine,
