2897 4318
1270 339 1356 427 261
213 435 1278 494 c’est le cœur qui doit être prosterné devant Dieu, et
213 492 1274 563 ce n’est point la posture qui excite la ferveur; il ne
219 539 1278 606 faut rien de singulier quand on est à la vue de tout
208 597 422 660 le monde.
264 644 1278 703 » Ne les accoutumez pas à une grande diversité de
213 697 1278 760 lectures; sept ou huit livres qui sont en usage dans
219 751 1272 809 votre maison suffiraient pour toute leur vie, si elles
216 805 1262 857 ne lisaient que pour s’édifier : la curiosité est dange¬
213 858 594 925 reuse et insatiable.
258 901 1272 964 » Je ne vous ai pas assez expliqué le conseil que je
221 958 1274 1013 vous donne de les élever durement, et de ne rien
209 1013 1274 1069 faire cependant qui puisse nuire à leur santé. Il faut
208 1066 1274 1129 leur permettre très-rarement les veilles et les jeûnes,
216 1117 1278 1174 à cause de leur jeunesse, mais tâcher de les faire
219 1171 1272 1223 travailler à tout ce qui se présente; qu’elles mangent
216 1223 1278 1288 de tout, qu'elles soient sobres, qu’ellessoient couchées
216 1282 1274 1335 et assises durement, qu’elles ne s’appuient jamais,
216 1331 1269 1390 qu’elles ne se chauffent que dans le grand besoin,
221 1391 1274 1445 qu’elles balaient et fassent les lits, etc., etc.; elles en
213 1431 1269 1495 seront plus fortes, plus adroites et plus humbles... »
258 1483 1266 1533 « Il est vrai, écrit-elle plus loin à une autre maî¬
207 1529 1274 1605 tresse de classes, il est vrai que j’ai souvent reproché
209 1589 1272 1646 la lâcheté à Saint-Cyr, et qu’il me paraît qu‘il y en a
201 1643 1273 1699 beaucoup dans l’esprit et le corps. J’appelle lâcheté
209 1690 1267 1760 cette délicatesse sur les moindres réprimandes, ce dé¬
207 1752 1274 1803 couragement qui s’ensuit, ces ménagement qu’on
208 1801 1274 1859 désire, ces récompenses continuelles dès qu’on a fait
201 1848 1269 1911 la moindre partie de son devoir, cette envie d’être à
209 1907 1267 1957 son aise sans que rien ne nous coûte, ce chagrin
213 1957 1274 2021 contre soi-même quand on trouve des difficultés à se
208 2009 1274 2062 corriger; je crois, ma chère fille, que voilà une partie
209 2052 1267 2118 de la lâcheté de l’esprit. Venons à celle du corps :
208 2107 1272 2177 cette recherche continuelle des commodités, qui ferait
207 2170 1269 2221 établir des machines qui apportassent toutes les choses
207 2217 1266 2280 dont on a besoin sans étendre le bras pour les aller
213 2269 1262 2336 prendre; cette fraijeur des moindres incommodités,
204 2320 1259 2391 comme du vent, du froid, de la fumée, de le pous¬
205 2369 1266 2430 sière, des puanteurs, qui fait faire des plaintes et des
212 2430 1266 2491 primaces comme si tout était perdu, cette lenteur dans
208 2475 1262 2542 l’ouvrage, qu’on ne fait que par force et qu‘on ne se
205 2528 1259 2585 soucie pas d’avancer, cette peur d‘être grondée qui est
212 2575 1262 2646 la seule chose qui nous occupe, ce linge mal plié et
201 2632 1259 2688 rangé en désordre, ces portes et ces fenêtres mal fer¬
204 2684 1259 2746 mées pour ne pas s’en donner la peine, ce rayon de
200 2743 1261 2807 soleil qui met une classe en désordre et où ces demoi¬
201 2787 1261 2849 selles courent, soit dans la chambre ou au chœur,
209 2842 1265 2909 pour éviter cette incommodité, cette impossibilité de
201 2894 1262 2966 s’acquitter d’une commission parce qu’on s’en remet
207 2939 1257 3019 sur la première personne qu’on trouve sans se soucier
208 2979 1250 3067 jamais du fait, cette impatience de ne pouvoir atten¬
208 3033 511 3105 dre en paix... »
256 3082 1253 3176 Que de coups de pinceau madame de Maintenon
205 3140 1243 3216 pourrait ajouter aujourd’hui à ce portrait! Aujour-
207 3198 1255 3287 d'hui que les enfants sont des idoles devant lesquelles
207 3238 1245 3318 tout plie, aujourd’hui qu’une famille entière n’est oc¬
208 3303 1246 3372 cupée qu’à sauver l’enfant du froid, du vent, des con¬
208 3352 1257 3424 trariétés, à lui préparer une éléganteawtoilette, des
197 3409 1253 3489 mets délicats, des jouets ingénieux, et des methodes
197 3454 1251 3527 faciles, qui tuent à la fois le courage et la faculté de
199 3494 482 3562 l'application!
244 3561 1254 3628 Cependant, madame de Maintenon, elle aussi, était
201 3608 1250 3688 mère, elle chérissait tendrement ces pauvres filles
194 3668 1249 3743 confiées à ses soins, mais son amour était aussi éclairé
194 3713 1243 3796 que sincère. Écoutons le récit, fait par une élève,
199 3757 850 3825 d'une de ses visites à Saint-Cyr :
243 3812 1249 3895 « J'oubliais un fait remarquable de la journée
1363 443 2420 511 d’hier; c’est que la maîtresse générale vint chercher
1352 496 2401 570 madame de Maintenon, et comme elle n’osait l’inter¬
1353 555 2414 628 rompre, une de nos mères l’en avertit, parce qu’il y
1363 600 2422 665 avait déjà longtemps qu'elle attendait. La maîtresse
1363 660 2422 719 générale approcha donc, et madame de Maintenon lui
1352 705 2414 774 dit d’un air àgréable : — Eh bien! que voulez-vous?
1353 758 2418 818 Nous avons ici bien d’autres affaires? pourquoi nous
1360 807 2424 869 importuner? Elle lui répondit du même ton : — Je ne
1356 861 2420 917 savais pas, madame, que vous fussiez si bien occupée.
1356 913 2425 982 Madame de Maintenon, lui ayant répondu en fort peu
1355 967 2424 1034 de mots, reprit son occupation; mais comme en nous
1356 1014 2422 1088 levant pour laisser passer la maîtresse générale, il
1347 1076 2414 1147 s'était élevé beaucoup de poussière, madame de Lou¬
1353 1121 2421 1188 bert, notre première maîtresse, marqua à madame de
1352 1176 2421 1241 Maintenon la peine qu’elle en avait, laquelle reprit
1356 1238 2409 1290 aussitôt avec bonté : — Ces pauvres enfants, j'aime jus¬
1359 1289 2426 1355 qu'à leur poussière ! Nous fûmes toutes pénétrées de la
1352 1344 2424 1418 manière tendre dont elle dit ces paroles, et nous en
1360 1390 1795 1446 pensâmes pleurer... »
1402 1436 2421 1509 Ce mot n’est-il pas un mot maternel? C’était en ef¬
1353 1495 2426 1568 fet à Saint-Cyr, au milieu des filles de son adoption,
1353 1546 2426 1618 que madame de Maintenon oubliait les ennuis de la
1360 1604 2416 1670 cour de Louis XIV. Avec quelle force ne les dépeint¬
1361 1646 1533 1714 elle pas?
1403 1689 2424 1785 « Que ne donnerais-je pas pour que vos filles vissent
1355 1750 2425 1852 d’aussi près que je le vois combien nos jours sont longs
1353 1813 2414 1884 ici, je ne dis pas seulement pour les personnes reve¬
1347 1874 2424 1930 nues des folies de la jeunesse, je dis pour la jeumesse
1348 1922 2424 1992 même, qui meurt d’ennui parce qu’elle voudrait se
1360 1976 2421 2037 divertir continuellement, et qu'elle ne trouve rien
1360 2033 2416 2100 qui contente ce désir insatiable de plaisir. Je rame,
1352 2084 2412 2151 en vérité, pour amuser madame la duchesse de Bour¬
1356 2137 2422 2201 gogne. Il n’en serait pas ainsi si on ne voulait plaire
1353 2186 2414 2251 qu'à Dieu, travailler, et chanter ses louanges, comme
1356 2248 2418 2306 on fait chez vous; la paix que cette sorte de vie met
1356 2294 2261 2351 dans le cœur est une joie solide et durable. »
1390 2351 2409 2414 Cette piété, tendre, éclairée et profonde, qui la sou¬
1352 2402 2412 2473 tenait au milieu des dégoûts de sa position, était un
1356 2453 2402 2520 trésor qu’elle voulait léguer à ses filles. Elle leur écri¬
1355 2505 1466 2564 vait :
1392 2566 2408 2645 « Pratiquez ce que vous avez appris; soyez pieuses,
1341 2621 2401 2680 humbles, charitables, silencieuses, modestes; le chris¬
1352 2674 2409 2752 tianisme est la pratique de toutes les vertus, la piété
1351 2724 2408 2803 est utile à tous; une couronne sans piété ne ferait que
1347 2783 2399 2853 vous précipiter plus sûrement dans l’enfer. Que se¬
1341 2826 2408 2904 rait-ce que l’infortune de votre état sans piété? Vous
1345 2882 2402 2949 seriez peu heureuses en ce monde, et misérables pour
1340 2931 1737 3012 jamais dans l’autre.
1380 3004 2397 3069 » Faites donc une bonne provision de piété, mes
1348 3049 2399 3113 chères filles, qui vous soutienne contre les privations
1347 3116 2226 3187 et les périts où peut-être vous serez exposées.
1380 3177 2391 3222 » Voilà le fondement de votre salut, voilà ce que
1348 3216 2387 3270 vous devez chercher aux dépens de tout, et quand
1345 3270 2378 3330 vous l’aurez acquis, vous aurez sûrement la docilité,
1341 3316 2387 3387 qui est la seconde qualité que je vous désire. Ne soyez
1339 3373 2385 3435 point dédaigneuses, mais bonnes, simples, aimant à
1344 3418 2390 3491 plaire à vos maîtresses et à les soulager dans les peines
1339 3472 2394 3542 que vous leur donnez; jugez de votre naturel par les
1336 3533 2387 3588 répugnances que vous trouvez en vous pour ce qu'on
1339 3582 2387 3647 vous demande, par l'amitié que vous avez pour vos
1329 3621 2382 3690 maîtresses, par le goût pour les bonnes choses, par
1328 3679 2382 3754 l'amour pour la vérité, par la reconnaissance pour
1329 3735 2375 3790 les instructions et avertissements que l'on vous fait.
1339 3782 2379 3839 Que les bien nées se réjouissent et rendent grâce à
1328 3840 2374 3906 Dieu; que les mal nées ne se découragent pas, car
