2946 4158
1588 114 1709 212 314
497 207 1613 275 à une éternelle stabilité. Que veux-tu? Pour être heu¬
497 277 1610 340 reuse, la vue des mêmes lieux me suffit. Après cela,
508 339 1605 397 peut-être ton départ est-il la seule cause de cette bou¬
504 375 1607 446 tade, et, s’il s‘agissait de t’aller trouver â mon tour,
502 433 1610 505 peut-être aussi apprécierais-je les bienfaits d’une
508 494 905 560 rapide locomotion!
550 517 1605 611 Toi partie, je suis donc restée très-maussade;
497 586 1612 679 alors, comme distinction, on est venu proposer à ma
497 652 1602 717 bonne mère et à moi, de nous mener à la séance an¬
502 701 1606 769 nuelle des cinq académies réunies. Fort impertinem¬
508 758 1609 827 ment, je trouvais, à part moi, que la distinction n’é¬
505 827 1613 876 tait pas heureusement choisie. Messieurs les gens
504 865 1606 927 d'esprit criblent l'Académie de leurs épigrammes; ces
502 922 1610 989 épigrammes, on les recueille, on tes répète, on le s
497 979 1599 1033 colporte; on est tout aise et tout ravi de se moquer
497 1040 1605 1087 de la première société savante du monde; peut-être
497 1081 1603 1145 bien me suis-je quelquefois rendue coupable de ce
494 1153 1602 1204 crime?... toujours est-il que, le jour en question, en¬
502 1207 1592 1260 core imbue de toutes les sottises débitées sur les aca¬
498 1257 1595 1324 démiciens, je mis mon chapeau d’assez mauvaise
501 1305 638 1373 grâce.
548 1366 1586 1427 Nous arrivons; l’on nous place, fort bien même
500 1410 1599 1476 juste en face du petit bureau où chaque lecteur vient
497 1475 1599 1537 s’asseoir; cela ne me déride point; les académiciens
495 1521 1599 1593 sont assis; M. de Montalembert, le président, occupe
500 1579 1599 1640 son fauteuil, ayant trois académiciens à sa droite, et
497 1634 1596 1685 trois à sa gauche, et, parmi ces derniers, M. Ville¬
497 1688 1589 1741 main, dont nous avons lu ensemble le cours de lit¬
500 1744 1600 1802 térature, si magnifique de forme, si intéressant par le
490 1795 1596 1856 fond. M. de Montalembert, de sa place, lit un fort
488 1839 1588 1925 beau et bon et consolant discours, dans lequel il con¬
493 1894 1336 1972 state de générales tendances au progrès.
532 1959 1590 2027 Déjà je me gourmandais tout bas d’avoir fait la gri¬
484 2022 1599 2077 mace pour venir, lorsque quelque lutin ennemi de
488 2060 1585 2141 l’Académie s’en mêlant, on vient nous lire, coup sur
494 2125 1583 2179 coup, deux discours, dont un très-long sur l’arc d’O¬
483 2171 1590 2248 range, et l'autre sur feu M. Schinkle, architeete alle¬
497 2231 1586 2293 mand fort distingué. Ah! ma chère Florence, que ces
490 2278 1586 2354 deux discours ont exercé la patience de ton amie et
488 2336 1583 2415 celle de bien d’autres ! A ma gauche, une altesse
484 2382 1581 2461 dormait; plus loin et jusqu’aux côtés du président,
484 2440 1585 2508 l’on chuchottait, on souriait, pas du discours, j’en
484 2505 1441 2574 suis convaincue ; il n’y avait pas de quoi rire.
525 2554 1583 2625 Il en était ainsi, lorsque parut sur la sellette
485 2604 1581 2690 M. Amédée Thierry, le frère d’Augustin Thierri, l’au¬
477 2650 1579 2736 teur de la Conquête de l'Angleterre par les Normands,
477 2708 1579 2787 le grand écrivain que les lettres ont perdu l'an der¬
487 2767 1578 2831 nier, et dont les trop peu nombreuses pages sur l’his¬
485 2817 1581 2910 toire de France m’ont fait aimer l’histoire aussi pas¬
477 2876 1375 2940 sionnément qu’auparavant je l’aimais peu.
524 2931 1575 3006 A l’aspect de M. Amédée Thierry, l‘assemblée est
471 2990 1576 3057 prise d'un petit frémissement; on respire, on sait
476 3048 1571 3109 qu’il y a dans les feuilles que tient M. Thierry un fes¬
476 3088 1578 3158 tin délicat auquel on s'apprête à faire fête, et, en
471 3143 1581 3223 effet, M. Thierry nous ayant lu l'élection d'un évêque
464 3204 1569 3278 à Bourges au moyen âge, l'attente générale est encore
467 3261 1578 3331 surpassée. Quel beau style! quelle belle et simple
473 3305 1575 3369 élocution ! quel tableau mouvementé ! nous ne som¬
466 3362 1575 3434 mes plus à Paris ni au dix-neuvième siècle, nous
464 3424 1572 3491 sommes à Bourges, au quatrième siècle, et nous nous
473 3479 1492 3541 agitons pour que l’évêque de notre choix soit élu.
512 3527 1572 3596 L’histoire, présentée ainsi, est d’un attrait tout
477 3578 1571 3666 puissant. Lisez donc des romans après cela ! Pour ma
474 3618 974 3705 part, j'étais transportée !
512 3679 1574 3775 M. Viennet, avec une très-spirituelle épître, a
459 3736 1585 3843 la séance ; tu sauras que l'honorable académicien
1699 182 2820 265 maltraite la crinoline ; c'est bien de l'honneur pour
1702 241 2815 323 elle! Mais, hélas! à l’opposé de M. de Montalembert,
1702 303 2822 380 qui avait fini par de consolantes paroles, M. Viennet
1696 354 2817 426 termine par des vers dans lesquels il prétend que
1699 408 2175 480 tout va de mal en pis!
1747 467 2600 529 Est-ce la faute de la crinoline? Hum !...
1737 526 2815 601 En voilà peut-être bien long sur l’Académie, mais
1691 583 2814 644 en ce moment il est bien difficile de faire ma petite
1696 645 2813 706 Chronique parisienne. — Paris, en effet, pendant le
1691 692 2817 759 mois de septembre, a une physionomie particulière,
1696 749 2820 807 et qui ne ressemble en rien à son aspect durant les
1699 804 2760 875 onze autres mois, — c’est le mois des vacances,
1705 850 2752 930 vacances des colléges, — vacances des pensions,
1696 913 2775 967 vacances de la magistrature, — vacances partout;
1691 971 2814 1026 si bien qu’en l’absence des Parisiens, qui sont tous
1693 1029 2817 1081 aux bains de mer, à la campagne, en voyage, les
1696 1081 2807 1140 étrangers et la province envahissent Paris, remplis¬
1693 1142 2808 1202 sant lesebtaurants, garnissant les salles de spectacle,
1696 1193 2814 1249 curieux, affairés, ébahis, infatigables, s’arrêtant à
1696 1243 2817 1311 chaque pas pour admirer et jouir de tout. Dam! le
1699 1301 2544 1369 voyage est cher; — le temps passe vite :
1726 1360 2775 1425 Hâtons-nous, le temps presse et nous traîne avec soi,
1729 1411 2605 1473 Le moment où je parle est déjà loin de moi!
1686 1475 2549 1554 C'est Boileau qui a fait ces deux vers.....
1726 1534 2801 1596 Les boulevards de Paris, en septembre, sont émail¬
1682 1569 2807 1665 lés de figures étrangères. C’est une famille anglaise :
1691 1643 2799 1702 le père, grand, gros, gras et blond, coiffé d’une cas¬
1684 1702 2807 1760 quette de drap, portant en sautoir le petit sac de
1682 1754 2807 1829 voyage; Ia mère, le chef orné d’un chapeau Louis XIII,
1678 1805 2807 1868 surmonté d’une plume digantesque et d‘un voile en
1678 1861 2810 1928 soie verte; puis la jeune fille de dix-huit ans, habillée
1678 1912 2806 1983 à l’enfant... enfin, le petit garçon, le Baby, vêtu à
1678 1974 2793 2032 l’écossaise, et suspendu aux poches du twéen pater¬
1681 2029 2806 2110 nel. — Le père a sous son bras un dictionnaire de
1679 2082 2587 2151 poche et le guide de l'étranger dans Paris.
1720 2135 2796 2199 Plus loin, ce sont des Allemands rêveurs qui mar¬
1678 2199 2796 2269 chent la tête en l’air, le nez au vent, et vont se heurter
1678 2250 2793 2319 contre ce monsieur en habit noir et en cravate blan¬
1681 2298 2794 2357 che, qui doit être un solliciteur venant de chez le mi¬
1671 2344 1815 2413 nistre.
1726 2406 2799 2473 Là-bas, ce sont des Italiens, des Espagnols, voire
1675 2473 2796 2535 même des Japonais! Oui, des Japonais ! ressemblant
1684 2519 2783 2591 pas mal aux personnages des porcelaines de leur
1684 2567 1914 2638 pays natal.
1715 2625 2786 2684 Je ne sais pas si c'est flatter l'amour-propre étran¬
1674 2684 2786 2748 ger, mais c’est un fait digne de remarque que les
1672 2739 2783 2818 spectacles tout ce mois, ont vécu du produit de la lit¬
1678 2783 2073 2851 térature étrangère.
1717 2839 2783 2904 La Porte-Saint-Martin donne sous le titre des Che¬
1667 2900 2791 2962 valiers du Brouillard, une quasi traduction d’un
1665 2948 2734 3030 drame anglais : the Adventurers of Jack Scheppard.
1706 3007 2619 3074 Au Circue, c’est le Roi Léar de Shakspeare.
1708 3065 2783 3127 Al’Odéon, ce conservatoire des alexandrins classiques
1667 3125 2777 3192 on joue Louise Miller, le drame allemand de Schiller.
1716 3165 2784 3252 Avouons que les étrangers doivent avoir une triste
1672 3215 2293 3294 opinion de notre imagination.
1713 3268 2782 3352 Heureusement qu’ils en font autant chez eux; une
1665 3315 2782 3403 de nos amies m'écrivait qu'elle avait vu représenter
1667 3383 2783 3460 à Londres, sous le titre de the Girl of the Miser, la
1658 3439 2782 3517 Fille de l'Avare; en Italie, une autre avait lu cette
1658 3507 2783 3586 affiche triomphante des Trois Mousquetaires (ou la
1658 3541 2060 3624 Dame assassinée) :
1960 3582 2481 3697 I TRE MOSCHETTIERI
1977 3664 2447 3738 O LAheronna AMMAZATA,
1806 3697 2611 3792 Dramma nuovissimo dell’ illustrissimo
1929 3769 2512 3860 Signore ALESSANDRO DUMAS.
