2897 4318
1166 240 1334 331 289
768 491 1729 622 UNE EXPIATION
981 706 1522 771 RÉCIT DU IVe SlÈCLE
666 947 709 977 I
205 1022 1218 1090 La mystérieuse volonté de la Providence avait ouvert
162 1080 1218 1142 aux Barbares les portes de l’empire romain; et il se
165 1153 1219 1203 passait peu de jours, depuis le commencement du qua¬
169 1190 1221 1250 trième siècle, sans qu'une incursion nouvelle répandit
160 1241 1211 1303 la terreur et le ravage dans quelque partie de cet em¬
162 1294 1211 1358 pire démesuré qui, miné par la corruption, par les
162 1341 1214 1400 discordes civiles, penchait vers sa ruine et n’avait
160 1392 1203 1451 souvent pour le défendre que des ambitieux sans ta¬
160 1446 1218 1510 lent ou des généraux toujours prêts à trahir leurs
160 1495 1213 1563 maîtres. Il avait fallu diviser l’empire entre deux Cé¬
160 1552 1214 1609 sars, l’un possesseur de l‘ sucident, l'autre de l'Orient.
160 1603 1203 1655 Partout la révolte sévissait, quand les ennemis du de¬
160 1651 1203 1708 hors, les Goths, les Alains, les Burgundes, les alle¬
160 1713 1219 1767 mands, les Calédoniens, les Perses, les Maures, les
165 1764 1215 1820 Quades, les Sarmates et surtout les Huns, laissaient
160 1808 1218 1868 un moment respirer les troupes romaines déchues de
160 1861 1218 1920 leur antique valeur et de la discipline qui jadis les
160 1921 1214 1976 avait rendu si redoutables. Un empereur de vingt
160 1976 1214 2026 ans, Gratien, avec son frère bien plus jeune encore,
172 2018 1218 2073 Valentinien II, tenait d’une main mal affermie les
164 2065 1209 2135 rênes de cet Empire qui s’affaissait de toute part. Réu¬
169 2123 1219 2175 nis dans une haine commune contre les Romains, les
160 2177 1214 2231 Barbares d’au delà du Danube brûlaient, détruisaient
160 2225 1203 2279 la petite scythie, la Thrace, la Macédoine, la Darda¬
160 2280 1210 2343 nie, la Dace, la Mésie, et faisaient des incursion heu¬
160 2328 1214 2392 reuses jusque dans la Pannonie, la Dalmatie, l’Épire
169 2383 1214 2442 et l’Achaïe. Le sang romain coulait de Constantinople
160 2447 1206 2493 aux Alpes juliennes; les prêtres étaient traînés en es¬
160 2484 1206 2545 clavage ou tués avec leurs évêques, les églises chan¬
172 2536 1199 2597 gées en écuries, les corps des marturs déterrés. L'au¬
165 2591 1211 2645 dace des Goths était arrivée à un tel point, que leur
162 2645 1213 2694 roi, Fritigera, s’écriait en voyant tout fuir devant lui :
160 2690 1210 2746 « Je m’étonne de l’impudence des Romains, qui se
162 2752 1209 2804 prétendent maîtres d’un pays qu’ils ne savent pas dé¬
169 2800 1213 2854 fendre et qu'ils possèdent sans doute au même titre
169 2848 1197 2906 que les troupeaux possèdent la prairie où ils pais¬
165 2899 305 2955 sent. »
201 2951 1206 3009 Il fallait un sauveur à l’empire. Gratien jeta les
177 2998 1202 3063 yeux sur le digne fils du grand général qui, après
168 3062 1202 3124 avoir vaillamment combattu dans la plupart des pro¬
172 3103 1203 3164 vinces, avait péri victime d'une Intrigue de palais.
170 3148 1209 3232 Comme son père, ce glorieux héritier se nommait
165 3199 370 3268 Théodose
648 3305 727 3365 II
200 3407 1206 3477 Dans le pays des Vaccéens (1) s'élevait une villa
157 3472 1202 3537 somptueuse, entourée de jardins magnifiques où de
200 3618 1206 3696 (1) Les villes principales occupées par les Vaccéens
162 3672 1206 3746 étaient Valentia et Cauca, et leur pays correspondait aux
162 3721 1048 3795 provinces modernes de Léon et de Vieille-Castille.
338 3775 933 3854 VINGT-CINQUIÈME ANNÉE. — N° X.
1297 924 2362 977 nombreux esclaves circulaient, les uns chargés de
1294 976 2358 1029 l'entretien des fleurs, les autres avec des corbeilles
1303 1030 2360 1089 qu'ils remplissaient de fruits. Près d’une fontaine de
1294 1088 2359 1136 marbre, une femme assise sur un banc et ayant à ses
1303 1141 2350 1198 côtés deux jeunes filles qui l’assistaient dans son tra¬
1299 1187 2360 1250 vail, s’occupait du soin de filer; tandis qu’à ses pieds,
1303 1239 2360 1291 sur l’herbe, s’amusait, avec des joujoux grecs bariolés
1303 1290 2356 1342 de vives couleurs, un jeune garçon à peine âgé de
1302 1341 2350 1398 trois ou quatre ans. A l’extrémité d’une allée de pla¬
1303 1398 2362 1454 tanes, on pouvait voir un homme à la belle et noble
1306 1451 2364 1499 physionomie qui, une faucille en main, élaguait les
1294 1496 1973 1552 branches d'une haie trop touffue.
1342 1539 2366 1604 C'était vers le soir. Le soleil commençait à décliner.
1303 1599 2356 1655 Tout se taisait; la cigale suspendait son cri infatiga¬
1294 1648 2302 1709 ble, et les oiseaux avaient regagné leurs retraites.
1343 1701 2362 1764 Au moment où le maître quittait sa tâche d'un air
1303 1753 2362 1809 satisfait, et allait rejoindre sa famille, il entendit sous
1306 1810 2350 1860 une longue galerie d’arcades qui menait de la mai¬
1299 1861 2356 1918 son aux jardins retentir confusément la voix de quel¬
1307 1910 2362 1972 ques-uns de ses esclaves. C’étaient des exclamations
1303 1968 2360 2021 de respect et de surprise mélangées de crainte. On
1299 2017 2363 2071 distinguait particulièrement ces mots qui revenaient
1299 2066 2352 2134 le plus fréquemment : « Un envoyé de l'empereur! »
1347 2121 2359 2178 Bientôt, en effet, les esclaves parurent. Au milieu
1299 2174 2359 2244 d’eux, marchait un courrier vêtu d’un continue de
1299 2229 2352 2278 voyage et tout couvert de poussière. Il tenait un rou¬
1303 2275 2356 2328 leau renfermé dans une boîte de métal précieux, re¬
1299 2324 2363 2391 tenue par des cordons de soie pourpre; et, dès qu'il
1299 2380 2370 2439 aperçut Théodose, il dit : « Voilà le maître ! voilà
1303 2434 2181 2495 celui à qui je dois remettre mon message. »
1345 2489 2350 2541 Théodose était ému : il avait bien reconnu un cour¬
1294 2540 2352 2593 rier de l'empereur. Quel motif avait pu rappeler son
1297 2591 2354 2643 nom à Gratien? Comment, après le long exil auquel
1297 2637 2354 2700 lui, le fils du vieux capitaine injustement condamné,
1299 2689 2352 2756 s'était réduit volontairement, comment pouvait-on
1294 2745 2347 2802 penser qu’il existât encore; et à quoi bon s'être relé¬
1297 2797 2347 2854 gué dans le fond d’une province, loin de la cour im¬
1297 2846 2350 2913 périale, loin de la source des faveurs et des dignités,
1291 2902 2356 2962 si ce lieu tranquille devait être troublé par les volontés
1287 2950 2344 3007 nouvelles du jeune César? Mais un instant de ré¬
1287 3003 2344 3054 flexion amena dans l’esprit du comte Théodose un
1291 3059 2342 3114 cours d’idées toutes différentes. Il se demanda si les
1294 3106 2339 3163 courtisans, les méchants, les envieux n’avaient pas
1297 3155 2331 3230 pris ombrage sinon de sa grandeur, – car elle n’exis¬
1291 3203 2340 3267 tait plus qu'à l'état de souvenir, — du moins de son
1291 3252 2344 3319 nom et du reflet de la gloire parternelle; si on ne lui
1287 3317 2330 3377 avait pas expédié un ordre de mort. Cette pensée ra¬
1294 3360 2332 3432 pide lui traversa l’esprit sans ébranler sa constance. Il
1283 3417 2342 3476 fit quelques pas vers la fontaine de marbre. Sa femme
1283 3471 2342 3529 s'était levée respectueusement en le voyant s'avancer,
1283 3536 2336 3582 et il allait lui adresser la parole quand l’enfant, aper¬
1290 3581 2338 3645 cevant son père, courut vers lui de toute la vitesse de
1283 3625 1657 3697 ses petites jambes.
1333 3672 2340 3741 « Chère Flaccille !.. cher Arcadius !.. murmura
1286 3726 1539 3815 Théodose. »
2098 3804 2146 3837 19
