2840 4318
1248 215 1327 292 49
140 281 1241 366 elle restait rêveuse des heures entières en pensant à
135 353 1241 430 lui; et, si elle songeait à choisir un mari parmi les
142 410 1241 473 jeunes gens de sa fortune et de son rang, c’était tou¬
142 468 1248 543 jours Etienne qui servait de terme de comparaison
133 514 492 587 à l’idéal cherché.
186 566 1244 652 Elle continuait à suivre assidûment les bals de la
138 632 596 702 marquise de Charnay.
185 681 1248 755 Souvent le dépit la poussait à médire d’Étienne
139 746 1243 819 Arnauld. Elle aimait mieux en dire du mal que de
129 805 1245 870 n’en point parler. Tantôt elle se plaignait à sa mère
135 856 1245 916 de la société mélée de madame de Charnay, chez
135 906 1241 977 laquelle on était exposée à valser avec des avocats
128 977 1240 1040 sans fortune et sans nom; tantôt elle s’efforçait de
132 1027 1238 1086 mortifier de ses sarcasmes Etienne lui-même ; d’autres
129 1076 1241 1136 fois, au contraire, elle humiliait à plaisir ses flatteurs
132 1137 1236 1193 aristocratiques avec l’esprit et l‘élégance du jeune
136 1187 277 1248 avocat.
174 1241 1236 1311 Soit que celui-ci se sentit piqué par ce manége,
131 1308 1233 1366 soit que la beauté souveraine d’Isaure eût exalté son
131 1354 1236 1415 admiration jusqu’à l’amour, toujours est-il que les
132 1408 1234 1468 mépris de la fière demoiselle le faisaient cruellement
129 1464 1226 1530 souffrir. Quelquefois, après une parole mordante,
131 1507 1226 1580 Isaure le voyait rougir malgré tout son empire sur
131 1571 1223 1630 lui-même. Alors elle se sentait joyeuse de l’avoir pi¬
132 1626 1234 1694 qué, comme d’une victoire, et c’était un nouveau
124 1675 717 1740 sujet d’occupation pour elle.
171 1739 1208 1806 Bientôt elle le rencontra dans presque tous les sa-
129 1792 1226 1863 lons où elle allait; elle en murmura, mais elle les
132 1847 763 1925 fréquenta plus souvent encore.
170 1906 1230 1971 M. et madame de Valeroy ne tardèrent point à
129 1964 1222 2025 s’apercevoir de cette préférence que leur fille ne
126 2009 709 2072 s’avouait point à elle-même.
174 2067 1230 2131 Elle avait alors vingt-six ans, et leur tendresse était
124 2120 1225 2182 sérieusement alarmée de la voir abandonnée par les
129 2189 1090 2242 courtisans qui se pressaient jadis autour d’elle.
170 2228 1220 2305 Sans doute, au nom vulgaire d’Étienne et à sa for¬
129 2288 1223 2352 tune médiocre ils eussent préféré la noble et riche
124 2348 1218 2412 alliance de MM. du Rouvre et de Maucroix, mais il ne
122 2394 1220 2470 fallait plus songer à choisir; d’ailleurs, Étienne Ar-
122 2449 1218 2520 nault avait toutes les qualités du cœur et de l’esprit :
121 2509 1219 2573 il était bien vu dans le monde et pouvait espérer un
122 2553 1223 2637 bel avenir. Et puis, Isaure l’aimait malgré elle, on
124 2608 644 2674 ne pouvait pas en douter.
168 2666 1219 2744 Bien qu’elle se plût à l’humilier et à l'accabler de
121 2726 1205 2784 dédains, ses parents l’accueillirent donc avec distinc¬
122 2777 557 2838 tion et bienveillance.
165 2834 1215 2902 Au printemps, en partant pour son château, M. de
129 2884 1208 2961 Valeroy l’invita même à venir y passer quelques se¬
122 2943 285 3008 maines.
158 2994 1220 3093 Isaure protesta ; mais elle se dit qu’elle ne pouvait
129 3069 1213 3129 pas être grossière à ce point, de mal recevoir l’hôte
124 3121 1202 3186 de son père. Bon gré, mal gré il fallut donc s’accou¬
132 3168 1133 3240 tumer à traiter Étienne en commensal et en ami.
170 3216 1207 3310 Henri de Valeroy, qui venait de sortir du collège, se
121 3276 1208 3357 lia bientôt avec le jeune avocat. En faisant sa connais¬
121 3347 1209 3412 sance intime, on découvrait en lui autant de qualités
117 3393 1213 3461 solides que de qualités brillantes ; M. de Valeroy en
122 3436 1204 3529 vint à remercier le ciel de ce que sa fille était restée
120 3499 1209 3570 si longtemps sans fixer son choix, et à désirer de
115 3546 1200 3640 tout son cœur d’avoir Étienne Arnault pour gendre.
167 3614 1204 3686 On fit ensemble de longues promenades et des
115 3663 1208 3743 chasses brillantes. On lut de compagnie les ouvrages
111 3729 1190 3811 nouveaux et les livres immortels qu’on retrouve tou¬
115 3772 1207 3860 jours avec plaisir, comme de vieux amis. Sans faire
111 3835 1205 3924 étalage de ses talents, Étienne était bon musicien ; il
342 3886 960 3974 VINGT-CINQUIÈME ANNÉE. — N° II.
1327 286 2430 418 chanta avec Isaure, qui trouva un plaisir réel à se
1327 363 1769 428 sentir bien secondée.
1377 423 2428 528 Peu à peu les semaines s’écoulèrent, et Isaac, qui
1322 492 2431 569 se laissait aller à cette vie facile et douce comme à un
1327 537 2431 623 beau rêve, ne les trouva pas longues. Elle se sentait
1329 594 2424 671 bien aimée, et, pour la première fois, ce sentiment
1325 644 2021 710 trouvait de l’écho dans son cœur.
1380 696 2430 778 « Eh bien, ma fille, lui dit un jour sa mère, tu as
1333 755 2435 827 vingt-six ans et tu n’es point encore mariée ; ce qui
1327 808 2430 892 m’a causé bien des douleurs. Mais, aujourd’hui, je
1327 867 2434 938 ne regrette plus rien. Tu aimes Étienne Arnault, ton
1325 926 2245 988 père et moi nous l’estimons sincèrement. —
2278 934 2424 1019 Quand
1332 959 1749 1040 veux-tu l’épouser? »
1373 1027 2423 1120 A cette question catégorique, Isaure reçut un coup
1319 1068 2416 1165 au cœur. L’orgueilleuse fille ne pouvait plus se dissi¬
1322 1143 2420 1233 muler son amour, mais elle eût mieux aimé mourir
1325 1195 2003 1261 que de devenir madame Arnault.
1358 1252 2419 1333 Depuis quelque temps, elle vivait sans réfléchir et
1318 1302 2412 1379 s’endormait dans le bonheur présent sans s’inquiéter
1320 1355 2419 1434 de l’avenir. Les paroles de sa mère l‘éveillèrent en
1320 1415 1496 1473 sursaut.
1364 1469 2426 1550 « Ma mère, répondit-elle, rouge de honte, je n’aime
1320 1516 1836 1580 point monsieur Arnauld.
1419 1586 2410 1655 Isaure, je crois que vous mentez pour la pre-
1314 1635 2414 1714 mière fois de votre vie. Auriez-vous le sot orgueil de
1309 1689 2421 1763 refuser Etienne et de nous faire à tous le plus cruel
1315 1749 2416 1822 des chagrins, parce qu’il n’a point de titres ? reprit
1315 1789 1972 1857 sévèrement madame de Valeroy.
1440 1845 2409 1920 Voudriez-vous réellement, ma mère, me faire
1320 1904 2412 1982 épouser un homme sans fortune et sans nom, quand
1311 1959 2410 2034 j’ai refusé, au su et au vu de tout le monde, MM. du
1307 2013 2403 2091 Rouvre, de Tarcy, de Maucroix, Renaud d’Epône,
1304 2060 1828 2138 d’Armentières, etc., etc.
1422 2123 2396 2193 Il s’agit bien de celte puérile vanité, ma fille!
1305 2170 2403 2239 s’écria M. de Valeroy presque en colère. Vous aurez
1308 2230 2401 2300 tout à l’heure trente ans, et vous ne vous marierez
1307 2277 1592 2366 point du tout.
1412 2324 2402 2406 J’aime mieux rester fille que d’être humiliée à
1305 2401 2406 2488 ce point; d’ailleurs, je ne manque point encore de pré¬
1298 2439 1528 2523 tendants...
1401 2480 2402 2581 — Isaure, pour la première fois je vous exprimerai
1300 2563 2399 2644 ma volonté, dit d’un ton grave M. de Valeroy. Vous
1302 2612 2392 2679 aimez Étienne, votre mère, votro frère et moi dési¬
1302 2673 2396 2763 rons son alliance, et vous l’épouserez. Je vous donne
1308 2717 1857 2780 quinze jours de réflexion. »
1341 2755 2389 2843 Pour la première fois, Isaure trouvait l’autorité de
1302 2830 2392 2901 ses parents mêlée à leur tendresse. Elle ne répliqua
1305 2886 2396 2979 pas, mais rien ne pouvait vaincre sa crainte de l’opi¬
1293 2932 1731 3007 nion et des railleries.
1354 2969 2395 3058 « Eh quoi! se disait-elle, le cœur déchiré par son
1293 3051 2391 3102 amour et son orgueil, j’entrerai chez la marquise de
1302 3096 2394 3157 Charnay, et on annoncera madame Arnauld! quand
1293 3158 2389 3215 j’aurais pu m’entendre donner le titre de princesse ! Et
1293 3204 2389 3264 toutes mes amies se moqueront de la folie qui me fait
1302 3257 2381 3328 épouser à vingt-sept ans un homme plus jeune que
1293 3314 2378 3375 moi ! Et mesdames du Rouvre, de Tarcy et de Mau¬
1293 3378 2380 3457 croix m’écraseront de leurs titres et de leur luxe! Ah!
1302 3426 1498 3494 jamais! »
1339 3450 2376 3544 Au terme du délai fixé par son père, Isaure refusa,
1287 3521 2381 3600 malgré son amour, malgré les larmes d’Étienne, mal¬
1287 3589 2381 3670 gré la douleur de sa mère, malgré les supplications
1287 3633 1558 3700 de son frère.
1336 3693 2392 3785 Étienne Arnauld partit comme était parti Hector du
1289 3743 1460 3806 Rouvre.
1340 3770 2376 3874 Les années s’écoulèrent sans apporter de change-
1283 3863 2376 3942 ments graves dans l’intérieur de la famille de Valeroy.
