<?xml version="1.0" encoding="UTF-8" standalone="yes"?><PcGts xmlns="http://schema.primaresearch.org/PAGE/gts/pagecontent/2013-07-15"><Metadata><Creator>prov=READ-COOP:name=TrHtr:version=2.42.0:model_id=356425:date=24_04_2026_10:28</Creator><Created>2026-04-14T09:53:06.254849</Created><LastChange>2026-06-20T13:22:47.557+02:00</LastChange><TranskribusMetadata docId="14756063" pageId="115166516" pageNr="30" userId="187713" imgUrl="https://files.transkribus.eu/Get?fileType=view&amp;id=QBFAALNVLYNQRFUVDEWTPERC" imageId="97254122"/></Metadata><Page imageFilename="115166516.jpg" imageWidth="2822" imageHeight="3966"><TextRegion id="r" custom="readingOrder {index:0;} structure {type:page-number;}"><Coords points="1538,72 1610,72 1610,124 1538,124"/><TextLine id="r_tl_1" custom="readingOrder {index:0;}"><Coords points="1532,134 1541,134 1545,138 1550,135 1564,147 1573,143 1577,146 1584,141 1590,149 1597,149 1602,74 1586,72 1569,78 1554,74 1541,84 1534,84"/><Baseline points="1541,110 1558,110 1603,107"/><TextEquiv><Unicode>18</Unicode></TextEquiv></TextLine><TextEquiv><Unicode></Unicode></TextEquiv></TextRegion><TextRegion id="tr_1776153206" custom="readingOrder {index:1;} structure {type:paragraph;score:0.99;}"><Coords points="458,134 1532,134 1542,1229 458,1234"/><TextLine id="tr_1776153206_tl_1" custom="readingOrder {index:0;}"><Coords points="529,204 1511,192 1495,150 1320,133 529,171"/><Baseline points="537,203 573,197 618,197 662,194 707,194 752,194 797,191 842,191 886,188 931,188 976,185 1021,185 1066,185 1110,185 1155,185 1200,185 1245,185 1290,185 1334,185 1379,185 1424,185 1469,185 1514,185"/><TextEquiv><Unicode>ADÈLE. Oui, autant qu’il en est susceptible, c’est-à¬</Unicode></TextEquiv></TextLine><TextLine id="tr_1776153206_tl_2" custom="readingOrder {index:1;}"><Coords points="493,267 1513,252 1513,207 493,224"/><Baseline points="501,250 531,247 576,247 621,247 665,244 710,244 755,244 800,241 845,241 889,238 934,235 979,235 1024,235 1069,235 1113,235 1158,238 1203,238 1248,238 1293,238 1337,238 1382,238 1427,235 1472,235 1517,235"/><TextEquiv><Unicode>dire bien peu : l’amour de l‘or remplit son cœur toui</Unicode></TextEquiv></TextLine><TextLine id="tr_1776153206_tl_3" custom="readingOrder {index:2;}"><Coords points="491,310 973,298 1038,332 1511,298 1511,264 491,272"/><Baseline points="498,301 528,298 573,298 618,298 662,295 707,295 752,295 797,292 842,289 886,289 931,286 976,286 1021,289 1066,289 1110,289 1155,289 1200,289 1245,289 1290,289 1334,289 1379,289 1424,286 1469,286 1514,292"/><TextEquiv><Unicode>entier, et n’y laisse guère de place pour d’autres sen-</Unicode></TextEquiv></TextLine><TextLine id="tr_1776153206_tl_4" custom="readingOrder {index:3;}"><Coords points="491,354 521,365 554,358 578,369 602,357 618,363 641,354 656,358 656,326 647,329 622,317 602,313 585,324 565,314 554,320 534,312 491,318"/><Baseline points="498,352 543,349 588,346 633,349 660,352"/><TextEquiv><Unicode>timents.</Unicode></TextEquiv></TextLine><TextLine id="tr_1776153206_tl_5" custom="readingOrder {index:4;}"><Coords points="529,411 1359,420 1511,397 1512,350 530,363"/><Baseline points="537,400 573,397 618,394 662,394 707,391 752,391 797,388 842,391 886,391 931,391 976,394 1021,394 1066,394 1110,394 1155,394 1200,394 1245,391 1290,391 1334,391 1379,391 1424,388 1469,385 1514,388"/><TextEquiv><Unicode>AGATHE. Je le pains : quelle différence de ce carac¬</Unicode></TextEquiv></TextLine><TextLine id="tr_1776153206_tl_6" custom="readingOrder {index:5;}"><Coords points="488,460 1085,473 1183,463 1183,420 487,407"/><Baseline points="495,444 540,441 585,441 630,441 674,441 719,441 764,441 809,441 854,444 898,444 943,444 988,444 1033,444 1078,447 1122,444 1167,447 1185,447"/><TextEquiv><Unicode>tère avec celui de mon digne père!</Unicode></TextEquiv></TextLine><TextLine id="tr_1776153206_tl_7" custom="readingOrder {index:6;}"><Coords points="533,513 1399,512 1511,501 1512,458 533,466"/><Baseline points="540,498 573,495 618,495 662,495 707,495 752,495 797,495 842,495 886,495 931,495 976,498 1021,495 1066,495 1110,495 1155,492 1200,492 1245,489 1290,489 1334,486 1379,486 1424,483 1469,483 1514,489"/><TextEquiv><Unicode>ADÈLE. Nous sommes gâtées, ma chère fille ; le ca-</Unicode></TextEquiv></TextLine><TextLine id="tr_1776153206_tl_8" custom="readingOrder {index:7;}"><Coords points="488,562 1515,546 1477,496 488,523"/><Baseline points="495,549 531,546 576,546 621,546 665,549 710,549 755,549 800,549 845,549 889,549 934,549 979,549 1024,546 1069,546 1113,543 1158,543 1203,540 1248,540 1293,537 1337,534 1382,534 1427,534 1472,531 1517,534"/><TextEquiv><Unicode>ractère de ton père forme un contraste avec celui de</Unicode></TextEquiv></TextLine><TextLine id="tr_1776153206_tl_9" custom="readingOrder {index:8;}"><Coords points="488,615 1448,607 1516,597 1517,550 489,562"/><Baseline points="495,603 534,603 579,600 624,600 668,600 713,600 758,600 803,600 848,600 892,597 937,597 982,597 1027,597 1072,594 1116,594 1161,591 1206,588 1251,588 1296,585 1340,585 1385,582 1430,582 1475,585 1520,585"/><TextEquiv><Unicode>la plupart des hommes. Tous, il est vrai, n’affichent</Unicode></TextEquiv></TextLine><TextLine id="tr_1776153206_tl_10" custom="readingOrder {index:9;}"><Coords points="491,678 1505,650 1515,598 491,622"/><Baseline points="498,660 531,654 576,654 621,654 665,651 710,651 755,651 800,651 845,651 889,648 934,648 979,645 1024,645 1069,642 1113,639 1158,639 1203,639 1248,636 1293,636 1337,636 1382,636 1427,636 1472,636 1517,642"/><TextEquiv><Unicode>pas grossièrement leur égoïsme et plusieurs savent le</Unicode></TextEquiv></TextLine><TextLine id="tr_1776153206_tl_11" custom="readingOrder {index:10;}"><Coords points="488,710 1412,714 1515,702 1516,650 488,680"/><Baseline points="495,704 531,704 576,704 621,704 665,701 710,701 755,701 800,701 845,698 889,698 934,695 979,692 1024,692 1069,689 1113,689 1158,686 1203,686 1248,686 1293,686 1337,686 1382,689 1427,689 1472,689 1517,689"/><TextEquiv><Unicode>couvrir de prétextes spécieux ; mais enfin, la manière</Unicode></TextEquiv></TextLine><TextLine id="tr_1776153206_tl_12" custom="readingOrder {index:11;}"><Coords points="488,761 1515,755 1516,702 488,731"/><Baseline points="495,755 531,752 576,752 621,755 665,755 710,752 755,752 800,752 845,749 889,746 934,743 979,740 1024,740 1069,740 1113,737 1158,737 1203,740 1248,740 1293,740 1337,740 1382,740 1427,740 1472,740 1517,743"/><TextEquiv><Unicode>de penser de ton cousin est beaucoup plus commune</Unicode></TextEquiv></TextLine><TextLine id="tr_1776153206_tl_13" custom="readingOrder {index:12;}"><Coords points="487,828 881,813 919,804 920,761 680,777 613,767 584,785 545,767 488,781"/><Baseline points="495,806 519,806 564,806 609,803 654,803 698,803 743,800 788,800 833,797 878,794 922,797"/><TextEquiv><Unicode>que celle de ton père.</Unicode></TextEquiv></TextLine><TextLine id="tr_1776153206_tl_14" custom="readingOrder {index:13;}"><Coords points="529,877 1509,858 1511,804 529,834"/><Baseline points="537,857 570,854 615,854 660,854 704,851 749,848 794,848 839,845 883,842 928,842 973,842 1018,842 1063,842 1107,842 1152,842 1197,842 1242,842 1287,842 1331,842 1376,845 1421,842 1466,845 1511,842"/><TextEquiv><Unicode>AGATHE. S’il en est ainsi, je ne me marierai pas aisé¬</Unicode></TextEquiv></TextLine><TextLine id="tr_1776153206_tl_15" custom="readingOrder {index:14;}"><Coords points="487,926 1515,908 1485,853 488,869"/><Baseline points="495,907 531,904 576,904 621,904 665,901 710,901 755,898 800,895 845,892 889,892 934,892 979,892 1024,892 1069,895 1113,895 1158,895 1203,895 1248,895 1293,895 1337,895 1382,895 1427,895 1472,895 1517,898"/><TextEquiv><Unicode>ment, car je ne voudrais qu’un mari qui ressemblât</Unicode></TextEquiv></TextLine><TextLine id="tr_1776153206_tl_16" custom="readingOrder {index:15;}"><Coords points="484,975 496,969 509,975 557,975 568,969 584,975 606,963 633,966 634,924 618,919 580,924 557,918 546,924 538,919 523,928 507,922 485,926"/><Baseline points="492,958 501,955 546,955 591,952 636,955"/><TextEquiv><Unicode>à papa.</Unicode></TextEquiv></TextLine><TextLine id="tr_1776153206_tl_17" custom="readingOrder {index:16;}"><Coords points="524,1019 1511,1005 1511,950 524,977"/><Baseline points="531,1003 573,1000 618,1000 662,997 707,997 752,994 797,994 842,997 886,997 931,997 976,997 1021,997 1066,997 1110,997 1155,997 1200,997 1245,997 1290,994 1334,994 1379,994 1424,997 1469,997 1514,1000"/><TextEquiv><Unicode>ADÉLE. Je le souhaite pour toi, mon enfant, car il</Unicode></TextEquiv></TextLine><TextLine id="tr_1776153206_tl_18" custom="readingOrder {index:17;}"><Coords points="484,1070 1513,1062 1487,1015 1415,1009 484,1020"/><Baseline points="492,1054 531,1051 576,1048 621,1048 665,1048 710,1048 755,1048 800,1048 845,1048 889,1048 934,1048 979,1048 1024,1048 1069,1048 1113,1048 1158,1048 1203,1048 1248,1048 1293,1045 1337,1045 1382,1045 1427,1045 1472,1045 1517,1048"/><TextEquiv><Unicode>m’a rendue jusqu’ici la plus heureuse des femmes :</Unicode></TextEquiv></TextLine><TextLine id="tr_1776153206_tl_19" custom="readingOrder {index:18;}"><Coords points="481,1115 1517,1111 1517,1062 481,1069"/><Baseline points="489,1101 534,1101 579,1101 624,1101 668,1101 713,1099 758,1099 803,1099 848,1099 892,1101 937,1101 982,1101 1027,1099 1072,1099 1116,1099 1161,1099 1206,1099 1251,1096 1296,1096 1340,1096 1385,1096 1430,1096 1475,1096 1520,1099"/><TextEquiv><Unicode>Mais, je te le répète, de tels caractères sont rares.</Unicode></TextEquiv></TextLine><TextLine id="tr_1776153206_tl_20" custom="readingOrder {index:19;}"><Coords points="481,1167 1517,1167 1483,1106 481,1115"/><Baseline points="489,1155 534,1152 579,1152 624,1152 668,1152 713,1152 758,1152 803,1152 848,1152 892,1149 937,1149 982,1149 1027,1149 1072,1149 1116,1149 1161,1149 1206,1149 1251,1149 1296,1146 1340,1149 1385,1149 1430,1146 1475,1149 1520,1158"/><TextEquiv><Unicode>Mais voici bientôt l’heure où ton père va rentrer;</Unicode></TextEquiv></TextLine><TextLine id="tr_1776153206_tl_21" custom="readingOrder {index:20;}"><Coords points="477,1223 1379,1210 1379,1176 1292,1154 1103,1183 479,1166"/><Baseline points="486,1212 531,1209 576,1209 621,1206 665,1206 710,1206 755,1206 800,1206 845,1206 889,1206 934,1206 979,1203 1024,1203 1069,1203 1113,1203 1158,1203 1203,1203 1248,1203 1293,1203 1337,1203 1382,1206"/><TextEquiv><Unicode>je vais donner quelques ordres pour le dîner.</Unicode></TextEquiv></TextLine><TextEquiv><Unicode></Unicode></TextEquiv></TextRegion><TextRegion id="tr_1776153209" custom="readingOrder {index:2;} structure {type:heading;score:0.99;}"><Coords points="572,1294 885,1263 1483,1294 1483,1409 572,1409"/><TextLine id="tr_1776153209_tl_1" custom="readingOrder {index:0;}"><Coords points="865,1326 944,1320 987,1329 1046,1310 1065,1322 1129,1322 1129,1269 1090,1256 1064,1273 1027,1275 938,1260 922,1271 889,1257 865,1263"/><Baseline points="872,1311 916,1308 961,1308 1006,1308 1051,1308 1096,1308 1131,1314"/><TextEquiv><Unicode>SCÈNE III.</Unicode></TextEquiv></TextLine><TextLine id="tr_1776153209_tl_2" custom="readingOrder {index:1;}"><Coords points="565,1431 631,1402 1436,1412 1436,1365 1366,1353 881,1371 565,1333"/><Baseline points="572,1396 588,1394 633,1391 677,1391 722,1391 767,1391 812,1391 857,1391 901,1391 946,1391 991,1391 1036,1391 1081,1388 1125,1388 1170,1388 1215,1388 1260,1388 1305,1388 1349,1388 1394,1388 1439,1394"/><TextEquiv><Unicode>AGATHE, seule, se rapprochant de la fenêtre.</Unicode></TextEquiv></TextLine><TextEquiv><Unicode></Unicode></TextEquiv></TextRegion><TextRegion id="tr_1776153202" custom="readingOrder {index:3;} structure {type:paragraph;score:0.99;}"><Coords points="439,1434 1520,1438 1540,3261 446,3249"/><TextLine id="tr_1776153202_tl_1" custom="readingOrder {index:0;}"><Coords points="527,1489 1508,1489 1508,1426 527,1428"/><Baseline points="534,1475 570,1472 615,1472 660,1472 704,1469 749,1469 794,1469 839,1469 883,1469 928,1469 973,1469 1018,1469 1063,1469 1107,1469 1152,1469 1197,1469 1242,1469 1287,1469 1331,1469 1376,1469 1421,1469 1466,1469 1511,1466"/><TextEquiv><Unicode>De tels caractères sont rares, dit maman, c’est pos¬</Unicode></TextEquiv></TextLine><TextLine id="tr_1776153202_tl_2" custom="readingOrder {index:1;}"><Coords points="484,1536 1468,1542 1517,1533 1519,1481 1435,1512 1406,1481 485,1483"/><Baseline points="492,1526 534,1523 579,1523 624,1523 668,1523 713,1520 758,1520 803,1520 848,1520 892,1520 937,1523 982,1520 1027,1523 1072,1520 1116,1520 1161,1520 1206,1520 1251,1520 1296,1520 1340,1520 1385,1520 1430,1523 1475,1523 1520,1523"/><TextEquiv><Unicode>sible, mais ils ne sont pas introuvables! Voici, par</Unicode></TextEquiv></TextLine><TextLine id="tr_1776153202_tl_3" custom="readingOrder {index:2;}"><Coords points="484,1586 1517,1585 1509,1530 484,1537"/><Baseline points="492,1576 534,1573 579,1573 624,1573 668,1573 713,1573 758,1570 803,1570 848,1573 892,1570 937,1570 982,1573 1027,1573 1072,1573 1116,1570 1161,1570 1206,1570 1251,1570 1296,1573 1340,1570 1385,1570 1430,1573 1475,1573 1520,1573"/><TextEquiv><Unicode>exemple, un noble cœur, j’en suis sûre. Je l’ai jugé</Unicode></TextEquiv></TextLine><TextLine id="tr_1776153202_tl_4" custom="readingOrder {index:3;}"><Coords points="481,1639 1517,1639 1517,1594 1468,1586 481,1584"/><Baseline points="489,1627 534,1624 579,1624 624,1624 668,1624 713,1624 758,1624 803,1624 848,1621 892,1624 937,1621 982,1624 1027,1624 1072,1621 1116,1621 1161,1624 1206,1621 1251,1624 1296,1624 1340,1621 1385,1621 1430,1621 1475,1621 1520,1624"/><TextEquiv><Unicode>te) depuis cette réunion qui a eu lieu l’hiver dernier</Unicode></TextEquiv></TextLine><TextLine id="tr_1776153202_tl_5" custom="readingOrder {index:4;}"><Coords points="481,1695 1511,1690 1511,1642 1463,1637 481,1639"/><Baseline points="489,1678 534,1675 579,1675 624,1675 668,1675 713,1675 758,1675 803,1675 848,1675 892,1675 937,1675 982,1675 1027,1675 1072,1675 1116,1675 1161,1675 1206,1675 1251,1675 1296,1675 1340,1675 1385,1675 1430,1675 1475,1675 1514,1678"/><TextEquiv><Unicode>chez madame de Saint-Vincent : avec quel courage il</Unicode></TextEquiv></TextLine><TextLine id="tr_1776153202_tl_6" custom="readingOrder {index:5;}"><Coords points="481,1739 1517,1748 1517,1698 1426,1687 481,1699"/><Baseline points="489,1732 534,1726 579,1726 624,1726 668,1726 713,1726 758,1726 803,1726 848,1726 892,1726 937,1726 982,1726 1027,1726 1072,1726 1116,1726 1161,1726 1206,1726 1251,1726 1296,1726 1340,1726 1385,1726 1430,1726 1475,1726 1520,1729"/><TextEquiv><Unicode>prenait la défense des bons principes que quelques</Unicode></TextEquiv></TextLine><TextLine id="tr_1776153202_tl_7" custom="readingOrder {index:6;}"><Coords points="491,1796 1517,1794 1505,1744 1336,1735 491,1744"/><Baseline points="498,1779 543,1776 588,1773 633,1776 677,1776 722,1773 767,1773 812,1776 857,1776 901,1776 946,1776 991,1776 1036,1776 1081,1776 1125,1776 1170,1776 1215,1776 1260,1776 1305,1776 1349,1776 1394,1776 1439,1776 1484,1776 1520,1779"/><TextEquiv><Unicode>jeunes gens osaient attaquer, et en même temps, avec</Unicode></TextEquiv></TextLine><TextLine id="tr_1776153202_tl_8" custom="readingOrder {index:7;}"><Coords points="484,1846 1517,1837 1517,1794 484,1797"/><Baseline points="492,1830 534,1824 579,1824 624,1824 668,1824 713,1824 758,1824 803,1824 848,1824 892,1824 937,1827 982,1824 1027,1824 1072,1824 1116,1827 1161,1827 1206,1827 1251,1827 1296,1827 1340,1827 1385,1827 1430,1827 1475,1827 1520,1827"/><TextEquiv><Unicode>quelle délicatesse il évitait de blesser personnellement</Unicode></TextEquiv></TextLine><TextLine id="tr_1776153202_tl_9" custom="readingOrder {index:8;}"><Coords points="476,1882 1511,1893 1481,1836 476,1846"/><Baseline points="483,1878 528,1875 573,1875 618,1875 662,1875 707,1875 752,1875 797,1875 842,1875 886,1875 931,1875 976,1878 1021,1878 1066,1878 1110,1878 1155,1878 1200,1878 1245,1881 1290,1878 1334,1878 1379,1878 1424,1878 1469,1878 1514,1884 1517,1881"/><TextEquiv><Unicode>ses antagonistes ! Depuis ce temps j’ai pris de lui la</Unicode></TextEquiv></TextLine><TextLine id="tr_1776153202_tl_10" custom="readingOrder {index:9;}"><Coords points="476,1954 1503,1950 1454,1889 476,1899"/><Baseline points="483,1932 528,1929 573,1929 618,1926 662,1929 707,1929 752,1929 797,1929 842,1929 886,1929 931,1929 976,1929 1021,1929 1066,1929 1110,1929 1155,1929 1200,1929 1245,1929 1290,1929 1334,1929 1379,1929 1424,1929 1469,1932 1505,1932"/><TextEquiv><Unicode>meilleure opinion. D’ailleurs, son assiduité au tra-</Unicode></TextEquiv></TextLine><TextLine id="tr_1776153202_tl_11" custom="readingOrder {index:10;}"><Coords points="484,1991 1517,1997 1517,1960 1363,1932 484,1954"/><Baseline points="492,1983 537,1980 582,1980 627,1980 671,1980 716,1980 761,1980 806,1980 851,1980 895,1980 940,1980 985,1980 1030,1980 1075,1980 1119,1980 1164,1980 1209,1980 1254,1983 1299,1980 1343,1983 1388,1983 1433,1983 1478,1983 1520,1985"/><TextEquiv><Unicode>vail, ses attentions pour sa vieille mère, tout parle en</Unicode></TextEquiv></TextLine><TextLine id="tr_1776153202_tl_12" custom="readingOrder {index:11;}"><Coords points="476,2034 1511,2050 1459,1988 476,2003"/><Baseline points="483,2033 528,2030 573,2030 618,2030 662,2030 707,2033 752,2033 797,2030 842,2030 886,2030 931,2030 976,2030 1021,2030 1066,2033 1110,2033 1155,2033 1200,2033 1245,2033 1290,2033 1334,2033 1379,2033 1424,2033 1469,2033 1514,2036"/><TextEquiv><Unicode>sa faveur!.... Mais, folle que je suis, de me préoccu¬</Unicode></TextEquiv></TextLine><TextLine id="tr_1776153202_tl_13" custom="readingOrder {index:12;}"><Coords points="479,2102 1501,2106 1501,2061 1415,2041 479,2054"/><Baseline points="486,2084 519,2081 564,2081 609,2081 654,2081 698,2081 743,2081 788,2081 833,2081 878,2081 922,2081 967,2081 1012,2081 1057,2081 1101,2081 1146,2084 1191,2084 1236,2084 1281,2084 1325,2084 1370,2084 1415,2084 1460,2084 1505,2081"/><TextEquiv><Unicode>per de quelqu’un qui peut-être ne m’a jamais remar-</Unicode></TextEquiv></TextLine><TextLine id="tr_1776153202_tl_14" custom="readingOrder {index:13;}"><Coords points="484,2149 1517,2151 1517,2109 1466,2094 484,2103"/><Baseline points="492,2135 537,2132 582,2132 627,2132 671,2132 716,2132 761,2132 806,2132 851,2132 895,2132 940,2132 985,2132 1030,2132 1075,2135 1119,2135 1164,2135 1209,2135 1254,2135 1299,2135 1343,2135 1388,2135 1433,2135 1478,2135 1520,2138"/><TextEquiv><Unicode>quée, qui ne pensera jamais à moi!... Son art absorbe</Unicode></TextEquiv></TextLine><TextLine id="tr_1776153202_tl_15" custom="readingOrder {index:14;}"><Coords points="476,2187 1505,2199 1497,2146 476,2142"/><Baseline points="483,2186 528,2183 573,2183 618,2183 662,2183 707,2183 752,2183 797,2183 842,2183 886,2186 931,2183 976,2186 1021,2186 1066,2186 1110,2186 1155,2186 1200,2186 1245,2186 1290,2189 1334,2189 1379,2186 1424,2186 1469,2189 1508,2195"/><TextEquiv><Unicode>tout son temps, et sa mère, tout son cœur... Pourtant</Unicode></TextEquiv></TextLine><TextLine id="tr_1776153202_tl_16" custom="readingOrder {index:15;}"><Coords points="477,2248 1519,2252 1517,2216 1432,2195 476,2187"/><Baseline points="483,2236 528,2233 573,2233 618,2233 662,2233 707,2233 752,2233 797,2233 842,2236 886,2236 931,2236 976,2236 1021,2236 1066,2236 1110,2236 1155,2239 1200,2239 1245,2239 1290,2239 1334,2239 1379,2239 1424,2239 1469,2239 1514,2242 1520,2242"/><TextEquiv><Unicode>il me semble que si je vivais entre eux deux je ne</Unicode></TextEquiv></TextLine><TextLine id="tr_1776153202_tl_17" custom="readingOrder {index:16;}"><Coords points="476,2301 1517,2308 1517,2263 1361,2248 476,2247"/><Baseline points="483,2287 528,2284 573,2284 618,2284 662,2284 707,2284 752,2284 797,2284 842,2287 886,2287 931,2290 976,2287 1021,2287 1066,2290 1110,2290 1155,2290 1200,2290 1245,2290 1290,2290 1334,2293 1379,2290 1424,2290 1469,2293 1514,2293 1520,2293"/><TextEquiv><Unicode>leur serais pas inutile... Je soignerais l’une, j’aiderais</Unicode></TextEquiv></TextLine><TextLine id="tr_1776153202_tl_18" custom="readingOrder {index:17;}"><Coords points="476,2345 1332,2378 1517,2362 1517,2305 475,2296"/><Baseline points="483,2338 528,2335 573,2335 618,2335 662,2335 707,2335 752,2338 797,2338 842,2338 886,2338 931,2338 976,2338 1021,2338 1066,2341 1110,2341 1155,2341 1200,2341 1245,2344 1290,2344 1334,2344 1379,2344 1424,2344 1469,2347 1514,2347 1520,2347"/><TextEquiv><Unicode>l’autre. Ils n’ont pas l’air d’être aisés; le peu que je</Unicode></TextEquiv></TextLine><TextLine id="tr_1776153202_tl_19" custom="readingOrder {index:18;}"><Coords points="469,2398 1513,2415 1513,2373 1458,2353 1343,2383 1251,2351 469,2353"/><Baseline points="477,2389 522,2386 567,2389 612,2389 657,2389 701,2389 746,2389 791,2389 836,2389 881,2389 925,2392 970,2389 1015,2389 1060,2392 1104,2392 1149,2392 1194,2392 1239,2392 1284,2395 1328,2398 1373,2398 1418,2395 1463,2395 1508,2398 1517,2398"/><TextEquiv><Unicode>leur apporterais serait pour eux le bien-être... Ah! les</Unicode></TextEquiv></TextLine><TextLine id="tr_1776153202_tl_20" custom="readingOrder {index:19;}"><Coords points="472,2450 1513,2459 1513,2415 1460,2402 472,2399"/><Baseline points="480,2439 525,2436 570,2439 615,2439 660,2439 704,2439 749,2439 794,2439 839,2442 883,2442 928,2442 973,2442 1018,2442 1063,2442 1107,2442 1152,2445 1197,2445 1242,2445 1287,2445 1331,2445 1376,2445 1421,2448 1466,2448 1511,2451 1517,2451"/><TextEquiv><Unicode>hommes sont heureux ! quand on leur convient, ils</Unicode></TextEquiv></TextLine><TextLine id="tr_1776153202_tl_21" custom="readingOrder {index:20;}"><Coords points="469,2511 1517,2515 1517,2465 1379,2456 469,2464"/><Baseline points="477,2499 522,2490 567,2490 612,2490 657,2493 701,2493 746,2493 791,2493 836,2493 881,2493 925,2493 970,2493 1015,2493 1060,2496 1104,2496 1149,2496 1194,2496 1239,2499 1284,2499 1328,2499 1373,2499 1418,2499 1463,2499 1508,2502 1520,2505"/><TextEquiv><Unicode>peuvent prendre l’initiative ; mais une pauvre fille</Unicode></TextEquiv></TextLine><TextLine id="tr_1776153202_tl_22" custom="readingOrder {index:21;}"><Coords points="472,2557 1459,2569 1519,2565 1519,2519 471,2515"/><Baseline points="480,2541 525,2541 570,2541 615,2541 660,2541 704,2541 749,2544 794,2544 839,2547 883,2547 928,2547 973,2550 1018,2547 1063,2547 1107,2547 1152,2547 1197,2550 1242,2550 1287,2550 1331,2553 1376,2553 1421,2553 1466,2553 1511,2556 1520,2556"/><TextEquiv><Unicode>doit enfermer ses pensées dans son cœur, et celui</Unicode></TextEquiv></TextLine><TextLine id="tr_1776153202_tl_23" custom="readingOrder {index:22;}"><Coords points="481,2614 1427,2621 1505,2613 1505,2582 480,2562"/><Baseline points="489,2595 534,2592 579,2592 624,2592 668,2592 713,2595 758,2595 803,2595 848,2598 892,2598 937,2598 982,2598 1027,2598 1072,2601 1116,2601 1161,2601 1206,2601 1251,2601 1296,2601 1340,2604 1385,2604 1430,2607 1475,2607 1508,2610"/><TextEquiv><Unicode>qu’elle aura distingué peut ne s’en douter jamais....</Unicode></TextEquiv></TextLine><TextLine id="tr_1776153202_tl_24" custom="readingOrder {index:23;}"><Coords points="469,2655 1511,2664 1473,2613 469,2619"/><Baseline points="477,2645 522,2643 567,2643 612,2643 657,2643 701,2643 746,2645 791,2645 836,2645 881,2648 925,2648 970,2648 1015,2651 1060,2651 1104,2651 1149,2651 1194,2651 1239,2654 1284,2651 1328,2654 1373,2657 1418,2657 1463,2654 1508,2660 1514,2660"/><TextEquiv><Unicode>Allons, il faut à tout prix éloigner cette idéel... Mais</Unicode></TextEquiv></TextLine><TextLine id="tr_1776153202_tl_25" custom="readingOrder {index:24;}"><Coords points="471,2720 1422,2727 1505,2720 1504,2664 469,2655"/><Baseline points="477,2702 522,2696 567,2693 612,2693 657,2693 701,2696 746,2696 791,2696 836,2699 881,2699 925,2699 970,2702 1015,2702 1060,2702 1104,2705 1149,2705 1194,2705 1239,2705 1284,2705 1328,2705 1373,2705 1418,2705 1463,2708 1508,2711 1511,2708"/><TextEquiv><Unicode>j’ai beau dire cela, mes regards se portent toujours vers</Unicode></TextEquiv></TextLine><TextLine id="tr_1776153202_tl_26" custom="readingOrder {index:25;}"><Coords points="476,2756 1511,2775 1509,2720 1463,2716 476,2719"/><Baseline points="483,2747 528,2747 573,2747 618,2747 662,2747 707,2747 752,2747 797,2747 842,2750 886,2750 931,2753 976,2753 1021,2753 1066,2756 1110,2756 1155,2756 1200,2756 1245,2759 1290,2759 1334,2759 1379,2759 1424,2759 1469,2759 1511,2759"/><TextEquiv><Unicode>cette fenêtre d’en face. Quelquefois il me semble aussi</Unicode></TextEquiv></TextLine><TextLine id="tr_1776153202_tl_27" custom="readingOrder {index:26;}"><Coords points="472,2814 1520,2826 1519,2790 1418,2765 472,2778"/><Baseline points="480,2798 525,2798 570,2798 615,2798 660,2798 704,2798 749,2798 794,2801 839,2801 883,2801 928,2804 973,2804 1018,2804 1063,2807 1107,2807 1152,2807 1197,2810 1242,2810 1287,2810 1331,2813 1376,2813 1421,2813 1466,2813 1511,2816 1520,2816"/><TextEquiv><Unicode>qu’il jette un regard de ce côté, mais c’est sans doute</Unicode></TextEquiv></TextLine><TextLine id="tr_1776153202_tl_28" custom="readingOrder {index:27;}"><Coords points="469,2862 1517,2874 1483,2821 469,2813"/><Baseline points="477,2852 522,2849 567,2849 612,2849 657,2849 701,2852 746,2852 791,2852 836,2852 881,2852 925,2852 970,2855 1015,2855 1060,2855 1104,2858 1149,2858 1194,2861 1239,2861 1284,2861 1328,2864 1373,2864 1418,2864 1463,2864 1508,2866 1520,2866"/><TextEquiv><Unicode>une illusion ; d’ailleurs il les détourne aussitôt. Allons</Unicode></TextEquiv></TextLine><TextLine id="tr_1776153202_tl_29" custom="readingOrder {index:28;}"><Coords points="464,2908 1497,2926 1456,2873 464,2878"/><Baseline points="471,2902 516,2902 561,2905 606,2902 651,2902 695,2902 740,2902 785,2905 830,2905 875,2905 919,2905 964,2905 1009,2905 1054,2908 1099,2908 1143,2911 1188,2911 1233,2911 1278,2914 1322,2914 1367,2914 1412,2917 1457,2917 1499,2920"/><TextEquiv><Unicode>n’y pensons plus. (Elle travaille avec application pen</Unicode></TextEquiv></TextLine><TextLine id="tr_1776153202_tl_30" custom="readingOrder {index:29;}"><Coords points="467,2965 1507,2980 1507,2928 467,2932"/><Baseline points="474,2956 519,2953 564,2956 609,2956 654,2956 698,2956 743,2956 788,2956 833,2959 878,2959 922,2959 967,2959 1012,2959 1057,2959 1101,2962 1146,2962 1191,2965 1236,2965 1281,2965 1325,2965 1370,2965 1415,2968 1460,2968 1505,2971 1508,2971"/><TextEquiv><Unicode>dant quelque temps.) Mais, mon Dieu!... qu’arrive-t-il</Unicode></TextEquiv></TextLine><TextLine id="tr_1776153202_tl_31" custom="readingOrder {index:30;}"><Coords points="466,3012 1504,3045 1511,2976 464,2965"/><Baseline points="471,3004 516,3007 561,3007 606,3010 651,3010 695,3007 740,3007 785,3007 830,3010 875,3010 919,3010 964,3010 1009,3010 1054,3013 1099,3013 1143,3013 1188,3016 1233,3016 1278,3016 1322,3019 1367,3019 1412,3019 1457,3019 1502,3022 1514,3025"/><TextEquiv><Unicode>donc?... Il s’arrache les cheveux, et paraît en proie</Unicode></TextEquiv></TextLine><TextLine id="tr_1776153202_tl_32" custom="readingOrder {index:31;}"><Coords points="464,3073 1500,3095 1481,3037 464,3038"/><Baseline points="471,3058 516,3055 561,3058 606,3058 651,3061 695,3061 740,3061 785,3061 830,3061 875,3061 919,3061 964,3064 1009,3064 1054,3067 1099,3064 1143,3067 1188,3067 1233,3067 1278,3070 1322,3070 1367,3070 1412,3070 1457,3073 1502,3076 1505,3073"/><TextEquiv><Unicode>au plus violent désespoir... Il tient en main un pa¬</Unicode></TextEquiv></TextLine><TextLine id="tr_1776153202_tl_33" custom="readingOrder {index:32;}"><Coords points="477,3129 1517,3142 1516,3094 1473,3084 476,3078"/><Baseline points="483,3108 528,3105 573,3108 618,3111 662,3111 707,3114 752,3114 797,3114 842,3114 886,3114 931,3114 976,3117 1021,3117 1066,3117 1110,3117 1155,3117 1200,3117 1245,3120 1290,3120 1334,3123 1379,3123 1424,3123 1469,3123 1514,3126 1520,3126"/><TextEquiv><Unicode>pier ; quelque mauvaise nouvelle sans doute... Il sort</Unicode></TextEquiv></TextLine><TextLine id="tr_1776153202_tl_34" custom="readingOrder {index:33;}"><Coords points="469,3171 1517,3188 1481,3135 1414,3163 469,3133"/><Baseline points="477,3162 522,3156 567,3159 612,3159 657,3162 701,3165 746,3168 791,3168 836,3168 881,3171 925,3168 970,3171 1015,3171 1060,3171 1104,3171 1149,3171 1194,3171 1239,3171 1284,3174 1328,3174 1373,3174 1418,3177 1463,3177 1508,3180 1520,3177"/><TextEquiv><Unicode>précipitamment... le voilà qui traverse la rue... On</Unicode></TextEquiv></TextLine><TextLine id="tr_1776153202_tl_35" custom="readingOrder {index:34;}"><Coords points="473,3227 834,3277 1419,3252 1416,3191 1371,3187 1109,3215 472,3172"/><Baseline points="480,3204 525,3204 570,3207 615,3213 660,3213 704,3216 749,3219 794,3222 839,3222 883,3225 928,3225 973,3225 1018,3225 1063,3225 1107,3228 1152,3228 1197,3225 1242,3225 1287,3225 1331,3228 1376,3228 1421,3231"/><TextEquiv><Unicode>dirait qu’il vient ici... On sonne... que devenir?</Unicode></TextEquiv></TextLine><TextEquiv><Unicode></Unicode></TextEquiv></TextRegion><TextRegion id="r_3" custom="readingOrder {index:4;} structure {type:heading;}"><Coords points="447,3260 1538,3260 1538,3469 447,3469"/><TextLine id="r_3_tl_1" custom="readingOrder {index:0;}"><Coords points="853,3343 902,3358 967,3336 1007,3343 1037,3334 1084,3359 1117,3354 1115,3275 1065,3260 1013,3280 960,3265 935,3276 886,3263 851,3273"/><Baseline points="860,3323 904,3323 949,3326 994,3326 1039,3326 1084,3326 1119,3332"/><TextEquiv><Unicode>SCÈNE IV.</Unicode></TextEquiv></TextLine><TextLine id="r_3_tl_2" custom="readingOrder {index:1;}"><Coords points="472,3391 1386,3434 1508,3415 1507,3365 1115,3385 469,3328"/><Baseline points="480,3377 525,3374 570,3377 615,3377 660,3380 704,3380 749,3383 794,3389 839,3392 883,3398 928,3401 973,3401 1018,3401 1063,3404 1107,3407 1152,3407 1197,3407 1242,3407 1287,3407 1331,3407 1376,3410 1421,3407 1466,3407 1511,3410"/><TextEquiv><Unicode>AGATHE, EUGÈNE, les cheveux en désordre et fort</Unicode></TextEquiv></TextLine><TextLine id="r_3_tl_3" custom="readingOrder {index:2;}"><Coords points="923,3464 960,3477 969,3473 979,3480 1017,3473 1028,3484 1040,3485 1037,3423 1019,3426 991,3416 976,3427 956,3414 946,3414 934,3427 922,3427"/><Baseline points="931,3455 976,3455 1021,3458 1042,3461"/><TextEquiv><Unicode>agité.</Unicode></TextEquiv></TextLine><TextEquiv><Unicode></Unicode></TextEquiv></TextRegion><TextRegion id="tr_1776153208" custom="readingOrder {index:5;} structure {type:paragraph;score:0.99;}"><Coords points="1593,140 2704,121 2710,504 1603,527"/><TextLine id="tr_1776153208_tl_1" custom="readingOrder {index:0;}"><Coords points="1605,198 2645,207 2645,151 2290,160 2224,125 1605,150"/><Baseline points="1612,188 1657,182 1702,185 1747,182 1791,182 1836,182 1881,182 1926,179 1971,179 2015,179 2060,176 2105,176 2150,176 2195,176 2239,179 2284,182 2329,182 2374,182 2419,185 2463,185 2508,185 2553,188 2598,188 2643,191 2648,191"/><TextEquiv><Unicode>mille fois de me présenter aussi brusquement devant</Unicode></TextEquiv></TextLine><TextLine id="tr_1776153208_tl_2" custom="readingOrder {index:1;}"><Coords points="1607,256 2637,251 2637,214 2530,198 1607,199"/><Baseline points="1615,235 1660,232 1705,232 1750,235 1794,232 1839,232 1884,232 1929,232 1974,229 2018,229 2063,229 2108,226 2153,226 2198,226 2242,226 2287,229 2332,229 2377,232 2422,235 2466,235 2511,235 2556,238 2601,238 2640,241"/><TextEquiv><Unicode>vous ! mais je venais prier M. le docteur d’aller un</Unicode></TextEquiv></TextLine><TextLine id="tr_1776153208_tl_3" custom="readingOrder {index:2;}"><Coords points="1598,292 2622,310 2622,255 2337,240 1598,259"/><Baseline points="1606,283 1651,283 1696,283 1741,283 1785,286 1830,283 1875,283 1920,283 1965,283 2009,280 2054,280 2099,280 2144,277 2189,277 2233,277 2278,277 2323,280 2368,280 2413,283 2457,283 2502,286 2547,286 2592,289 2625,289"/><TextEquiv><Unicode>moment voir ma pauvre mère qui vient de se trou-</Unicode></TextEquiv></TextLine><TextLine id="tr_1776153208_tl_4" custom="readingOrder {index:3;}"><Coords points="1610,349 1627,343 1650,361 1663,355 1676,361 1683,353 1696,358 1704,351 1719,357 1733,346 1755,354 1775,351 1773,306 1751,300 1736,304 1724,297 1698,300 1687,293 1638,294 1625,304 1609,297"/><Baseline points="1618,334 1663,334 1708,334 1753,337 1776,340"/><TextEquiv><Unicode>ver mal.</Unicode></TextEquiv></TextLine><TextLine id="tr_1776153208_tl_5" custom="readingOrder {index:4;}"><Coords points="1641,390 2634,402 2621,350 2399,338 1641,362"/><Baseline points="1648,385 1693,385 1738,385 1782,388 1827,385 1872,385 1917,385 1962,385 2006,385 2051,385 2096,382 2141,382 2186,379 2230,379 2275,379 2320,379 2365,379 2410,379 2454,382 2499,385 2544,385 2589,388 2634,391 2637,391"/><TextEquiv><Unicode>AGATHE , balbutiant. Monsieur... madame votre</Unicode></TextEquiv></TextLine><TextLine id="tr_1776153208_tl_6" custom="readingOrder {index:5;}"><Coords points="1605,443 2645,458 2645,405 2533,395 1605,412"/><Baseline points="1612,436 1657,433 1702,433 1747,439 1791,436 1836,436 1881,436 1926,436 1971,436 2015,436 2060,436 2105,436 2150,433 2195,433 2239,430 2284,430 2329,430 2374,430 2419,430 2463,433 2508,433 2553,436 2598,436 2643,441 2648,441"/><TextEquiv><Unicode>mère!... Est-il possible... Je vais voir si mon père est</Unicode></TextEquiv></TextLine><TextLine id="tr_1776153208_tl_7" custom="readingOrder {index:6;}"><Coords points="1605,508 2135,511 2236,499 2237,455 1838,468 1606,446"/><Baseline points="1612,486 1657,483 1702,486 1747,486 1791,486 1836,486 1881,486 1926,486 1971,486 2015,486 2060,486 2105,486 2150,483 2195,483 2239,486"/><TextEquiv><Unicode>rentré... Je vais avertir maman.</Unicode></TextEquiv></TextLine><TextEquiv><Unicode></Unicode></TextEquiv></TextRegion><TextRegion id="r_1" custom="readingOrder {index:6;} structure {type:heading;}"><Coords points="1932,637 1971,554 2278,554 2311,637 2311,724 1932,724"/><TextLine id="r_1_tl_1" custom="readingOrder {index:0;}"><Coords points="2005,625 2074,637 2110,627 2145,638 2174,635 2190,646 2202,638 2229,641 2229,561 2204,556 2156,581 2123,570 2101,578 2089,566 2030,581 2005,569"/><Baseline points="2012,612 2057,612 2102,612 2147,612 2192,612 2233,612"/><TextEquiv><Unicode>SCÈNE V.</Unicode></TextEquiv></TextLine><TextLine id="r_1_tl_2" custom="readingOrder {index:1;}"><Coords points="1977,721 2023,728 2086,714 2147,740 2190,710 2269,708 2269,663 2237,658 2166,675 2061,653 1977,664"/><Baseline points="1985,701 2030,698 2075,698 2120,698 2165,698 2209,698 2254,698 2272,701"/><TextEquiv><Unicode>EUGÈNE, seul.</Unicode></TextEquiv></TextLine><TextEquiv><Unicode></Unicode></TextEquiv></TextRegion><TextRegion id="tr_1776153204" custom="readingOrder {index:7;} structure {type:paragraph;score:0.99;}"><Coords points="1588,742 2704,742 2704,1401 1593,1401"/><TextLine id="tr_1776153204_tl_1" custom="readingOrder {index:0;}"><Coords points="1647,814 2651,801 2651,752 1647,759"/><Baseline points="1654,800 1669,797 1714,794 1759,794 1803,794 1848,794 1893,794 1938,794 1983,794 2027,794 2072,794 2117,794 2162,794 2206,794 2251,794 2296,791 2341,791 2386,788 2430,788 2475,791 2520,791 2565,791 2610,791 2654,794"/><TextEquiv><Unicode>Quelle angélique personne!... Faut-il que ce soit à</Unicode></TextEquiv></TextLine><TextLine id="tr_1776153204_tl_2" custom="readingOrder {index:1;}"><Coords points="1610,857 2651,863 2631,804 1611,805"/><Baseline points="1618,848 1624,845 1669,845 1714,845 1759,845 1803,845 1848,845 1893,845 1938,845 1983,845 2027,845 2072,845 2117,845 2162,845 2206,845 2251,842 2296,842 2341,842 2386,842 2430,842 2475,842 2520,842 2565,842 2610,842 2654,845"/><TextEquiv><Unicode>une telle circonstance que je doive la faveur de la</Unicode></TextEquiv></TextLine><TextLine id="tr_1776153204_tl_3" custom="readingOrder {index:2;}"><Coords points="1607,907 2634,910 2621,853 1607,866"/><Baseline points="1615,898 1651,895 1696,895 1741,895 1785,895 1830,895 1875,895 1920,895 1965,898 2009,898 2054,895 2099,895 2144,895 2189,895 2233,895 2278,892 2323,892 2368,892 2413,892 2457,892 2502,892 2547,892 2592,892 2637,895"/><TextEquiv><Unicode>voir de plus près!... Sa belle âme se peint sur sa fi-</Unicode></TextEquiv></TextLine><TextLine id="tr_1776153204_tl_4" custom="readingOrder {index:3;}"><Coords points="1598,972 2651,955 2643,903 1598,928"/><Baseline points="1606,952 1624,952 1669,946 1714,946 1759,946 1803,946 1848,946 1893,946 1938,946 1983,946 2027,946 2072,946 2117,946 2162,946 2206,943 2251,943 2296,943 2341,943 2386,943 2430,943 2475,943 2520,943 2565,943 2610,943 2654,946"/><TextEquiv><Unicode>gure; à la voir, ou ne peut douter qu’elle n’ait aussi</Unicode></TextEquiv></TextLine><TextLine id="tr_1776153204_tl_5" custom="readingOrder {index:4;}"><Coords points="1598,1009 2645,1009 2645,969 1598,972"/><Baseline points="1606,1000 1651,997 1696,997 1741,997 1785,997 1830,997 1875,997 1920,997 1965,997 2009,997 2054,997 2099,997 2144,997 2189,997 2233,994 2278,994 2323,994 2368,997 2413,994 2457,994 2502,997 2547,994 2592,997 2637,1000 2648,1000"/><TextEquiv><Unicode>toutes les rares vertus qu’on attribue à ses parents.</Unicode></TextEquiv></TextLine><TextLine id="tr_1776153204_tl_6" custom="readingOrder {index:5;}"><Coords points="1602,1061 2651,1057 2651,1011 1602,1016"/><Baseline points="1609,1048 1654,1048 1699,1048 1744,1048 1788,1048 1833,1048 1878,1048 1923,1048 1968,1048 2012,1048 2057,1048 2102,1048 2147,1048 2192,1048 2236,1045 2281,1045 2326,1045 2371,1045 2416,1045 2460,1045 2505,1045 2550,1045 2595,1048 2640,1048 2654,1048"/><TextEquiv><Unicode>C’est elle dont le regard approbateur me suivait et</Unicode></TextEquiv></TextLine><TextLine id="tr_1776153204_tl_7" custom="readingOrder {index:6;}"><Coords points="1605,1121 2638,1110 2638,1072 1605,1077"/><Baseline points="1612,1101 1654,1096 1699,1096 1744,1096 1788,1096 1833,1096 1878,1096 1923,1099 1968,1096 2012,1099 2057,1099 2102,1099 2147,1099 2192,1099 2236,1099 2281,1096 2326,1096 2371,1096 2416,1096 2460,1096 2505,1099 2550,1096 2595,1096 2640,1096"/><TextEquiv><Unicode>semblait m’inspirer dans cette discussion où j’eus l’a¬</Unicode></TextEquiv></TextLine><TextLine id="tr_1776153204_tl_8" custom="readingOrder {index:7;}"><Coords points="1607,1162 2647,1156 2647,1122 1607,1126"/><Baseline points="1615,1152 1621,1149 1666,1146 1711,1146 1756,1146 1800,1146 1845,1146 1890,1146 1935,1146 1980,1146 2024,1146 2069,1146 2114,1146 2159,1146 2203,1146 2248,1146 2293,1149 2338,1146 2383,1146 2427,1146 2472,1146 2517,1146 2562,1146 2607,1146 2651,1149"/><TextEquiv><Unicode>vantage sur de jeunes étourdis!... Faut-il que mon</Unicode></TextEquiv></TextLine><TextLine id="tr_1776153204_tl_9" custom="readingOrder {index:8;}"><Coords points="1598,1202 2647,1214 2647,1156 1598,1174"/><Baseline points="1606,1200 1621,1200 1666,1197 1711,1197 1756,1197 1800,1197 1845,1197 1890,1197 1935,1197 1980,1197 2024,1197 2069,1197 2114,1194 2159,1197 2203,1197 2248,1197 2293,1197 2338,1197 2383,1197 2427,1197 2472,1197 2517,1197 2562,1197 2607,1197 2651,1197"/><TextEquiv><Unicode>mauvais sort m’interdise à jamais d’élever ma pensée</Unicode></TextEquiv></TextLine><TextLine id="tr_1776153204_tl_10" custom="readingOrder {index:9;}"><Coords points="1602,1273 2635,1259 2635,1208 1602,1223"/><Baseline points="1609,1260 1651,1251 1696,1251 1741,1251 1785,1251 1830,1251 1875,1251 1920,1251 1965,1248 2009,1248 2054,1248 2099,1245 2144,1248 2189,1248 2233,1245 2278,1245 2323,1245 2368,1245 2413,1245 2457,1248 2502,1248 2547,1248 2592,1248 2637,1248"/><TextEquiv><Unicode>jusqu’à elle !... Oublions ces rêves insensés, et réu</Unicode></TextEquiv></TextLine><TextLine id="tr_1776153204_tl_11" custom="readingOrder {index:10;}"><Coords points="1605,1328 2645,1322 2633,1261 1605,1275"/><Baseline points="1612,1305 1618,1305 1663,1302 1708,1302 1753,1302 1797,1302 1842,1302 1887,1302 1932,1302 1977,1302 2021,1302 2066,1299 2111,1299 2156,1299 2201,1299 2245,1299 2290,1299 2335,1299 2380,1299 2424,1299 2469,1299 2514,1299 2559,1299 2604,1299 2648,1302"/><TextEquiv><Unicode>nissons toutes nos forces pour sortir, s’il se peut, de</Unicode></TextEquiv></TextLine><TextLine id="tr_1776153204_tl_12" custom="readingOrder {index:11;}"><Coords points="1602,1385 1668,1366 1781,1390 1806,1367 1938,1362 2257,1387 2257,1341 2208,1313 1602,1326"/><Baseline points="1609,1358 1633,1355 1678,1355 1723,1352 1767,1352 1812,1352 1857,1352 1902,1352 1947,1352 1991,1352 2036,1352 2081,1352 2126,1352 2171,1352 2215,1352 2260,1355"/><TextEquiv><Unicode>cette crise et sauver ma mère !...</Unicode></TextEquiv></TextLine><TextEquiv><Unicode></Unicode></TextEquiv></TextRegion><TextRegion id="r_2" custom="readingOrder {index:8;} structure {type:heading;}"><Coords points="1794,1450 1912,1415 2335,1415 2462,1450 2462,1593 1794,1593"/><TextLine id="r_2_tl_1" custom="readingOrder {index:0;}"><Coords points="1993,1489 2053,1491 2077,1481 2131,1491 2184,1475 2204,1485 2257,1479 2257,1434 2245,1438 2229,1423 2163,1435 2114,1423 1993,1436"/><Baseline points="2000,1472 2045,1469 2090,1469 2135,1469 2180,1469 2224,1469 2260,1472"/><TextEquiv><Unicode>SCÈNE VI.</Unicode></TextEquiv></TextLine><TextLine id="r_2_tl_2" custom="readingOrder {index:1;}"><Coords points="1841,1594 1935,1576 2419,1589 2419,1533 2301,1515 2214,1536 1920,1521 1841,1537"/><Baseline points="1848,1570 1884,1567 1929,1567 1974,1567 2018,1567 2063,1567 2108,1567 2153,1564 2198,1567 2242,1567 2287,1564 2332,1564 2377,1567 2422,1567"/><TextEquiv><Unicode>ADÈLE, AGATHE, EUGÈNE.</Unicode></TextEquiv></TextLine><TextEquiv><Unicode></Unicode></TextEquiv></TextRegion><TextRegion id="tr_1776153203" custom="readingOrder {index:9;} structure {type:paragraph;score:0.99;}"><Coords points="1593,1631 2701,1625 2700,2785 1594,2790"/><TextLine id="tr_1776153203_tl_1" custom="readingOrder {index:0;}"><Coords points="1647,1683 2647,1683 2637,1618 1647,1635"/><Baseline points="1654,1675 1666,1675 1711,1672 1756,1672 1800,1672 1845,1672 1890,1672 1935,1672 1980,1672 2024,1675 2069,1672 2114,1672 2159,1672 2203,1669 2248,1669 2293,1669 2338,1669 2383,1669 2427,1669 2472,1669 2517,1669 2562,1669 2607,1669 2651,1669"/><TextEquiv><Unicode>ADÈLE. Monsieur, je regrette bien d’avoir à vous</Unicode></TextEquiv></TextLine><TextLine id="tr_1776153203_tl_2" custom="readingOrder {index:1;}"><Coords points="1598,1739 2647,1739 2647,1678 1598,1703"/><Baseline points="1606,1726 1621,1726 1666,1723 1711,1723 1756,1723 1800,1723 1845,1723 1890,1723 1935,1723 1980,1723 2024,1723 2069,1723 2114,1723 2159,1723 2203,1723 2248,1723 2293,1720 2338,1720 2383,1720 2427,1720 2472,1720 2517,1720 2562,1720 2607,1723 2651,1723"/><TextEquiv><Unicode>dire que mon mari n’est pas encore rentré, mais je</Unicode></TextEquiv></TextLine><TextLine id="tr_1776153203_tl_3" custom="readingOrder {index:2;}"><Coords points="1606,1798 2642,1793 2642,1743 2578,1732 1607,1743"/><Baseline points="1615,1782 1660,1776 1705,1776 1750,1773 1794,1773 1839,1773 1884,1773 1929,1773 1974,1773 2018,1773 2063,1773 2108,1773 2153,1773 2198,1773 2242,1773 2287,1773 2332,1773 2377,1770 2422,1773 2466,1773 2511,1770 2556,1770 2601,1770 2645,1773"/><TextEquiv><Unicode>puis vous promettre qu’aussitôt son retour il s’empres¬</Unicode></TextEquiv></TextLine><TextLine id="tr_1776153203_tl_4" custom="readingOrder {index:3;}"><Coords points="1602,1837 2558,1836 2558,1786 1602,1801"/><Baseline points="1609,1830 1621,1827 1666,1827 1711,1827 1756,1827 1800,1827 1845,1827 1890,1824 1935,1824 1980,1824 2024,1824 2069,1824 2114,1824 2159,1824 2203,1824 2248,1824 2293,1824 2338,1824 2383,1824 2427,1824 2472,1824 2517,1824 2562,1824"/><TextEquiv><Unicode>sera de se rendre auprès de madame voire mère.</Unicode></TextEquiv></TextLine><TextLine id="tr_1776153203_tl_5" custom="readingOrder {index:4;}"><Coords points="1647,1890 2651,1887 2611,1818 2509,1850 1647,1854"/><Baseline points="1654,1881 1699,1878 1744,1878 1788,1878 1833,1878 1878,1878 1923,1878 1968,1878 2012,1878 2057,1875 2102,1875 2147,1878 2192,1875 2236,1875 2281,1875 2326,1878 2371,1875 2416,1875 2460,1875 2505,1878 2550,1878 2595,1875 2640,1878 2654,1881"/><TextEquiv><Unicode>EUGÈNE. Oserai-je vous demander, madame, si vous</Unicode></TextEquiv></TextLine><TextLine id="tr_1776153203_tl_6" custom="readingOrder {index:5;}"><Coords points="1598,1940 2403,1940 2403,1897 1598,1907"/><Baseline points="1606,1932 1645,1932 1690,1929 1735,1929 1779,1929 1824,1929 1869,1929 1914,1929 1959,1929 2003,1929 2048,1929 2093,1929 2138,1929 2183,1929 2227,1929 2272,1929 2317,1926 2362,1929 2407,1929"/><TextEquiv><Unicode>croyez que M. le docteur tarde beaucoup</Unicode></TextEquiv></TextLine><TextLine id="tr_1776153203_tl_7" custom="readingOrder {index:6;}"><Coords points="1641,1993 2645,1991 2645,1938 1641,1964"/><Baseline points="1648,1985 1663,1983 1708,1983 1753,1983 1797,1980 1842,1980 1887,1980 1932,1980 1977,1980 2021,1980 2066,1980 2111,1980 2156,1980 2201,1980 2245,1980 2290,1980 2335,1980 2380,1980 2424,1980 2469,1980 2514,1980 2559,1977 2604,1980 2648,1983"/><TextEquiv><Unicode>ADÉLE. Je l’attends à tout instant; cependant il est</Unicode></TextEquiv></TextLine><TextLine id="tr_1776153203_tl_8" custom="readingOrder {index:7;}"><Coords points="1602,2058 2363,2058 2363,1989 1602,2004"/><Baseline points="1609,2039 1648,2033 1693,2033 1738,2033 1782,2033 1827,2033 1872,2030 1917,2030 1962,2030 2006,2033 2051,2030 2096,2033 2141,2030 2186,2030 2230,2030 2275,2030 2320,2030 2365,2033"/><TextEquiv><Unicode>possible qu’il soit retenu jusqu’au soir.</Unicode></TextEquiv></TextLine><TextLine id="tr_1776153203_tl_9" custom="readingOrder {index:8;}"><Coords points="1643,2089 2577,2095 2564,2028 2451,2060 1643,2064"/><Baseline points="1651,2087 1696,2084 1741,2084 1785,2084 1830,2084 1875,2084 1920,2084 1965,2084 2009,2084 2054,2084 2099,2084 2144,2084 2189,2084 2233,2084 2278,2084 2323,2084 2368,2084 2413,2084 2457,2084 2502,2084 2547,2084 2580,2087"/><TextEquiv><Unicode>EUGÈNE, vivement. Oh! ce soir, il sera trop tard !</Unicode></TextEquiv></TextLine><TextLine id="tr_1776153203_tl_10" custom="readingOrder {index:9;}"><Coords points="1641,2149 2591,2145 2584,2089 1641,2102"/><Baseline points="1648,2138 1654,2138 1699,2135 1744,2135 1788,2135 1833,2135 1878,2135 1923,2135 1968,2135 2012,2135 2057,2135 2102,2135 2147,2135 2192,2135 2236,2135 2281,2132 2326,2135 2371,2135 2416,2135 2460,2135 2505,2135 2550,2135 2595,2135"/><TextEquiv><Unicode>ADÈLE et AGATHE. Vous la croyez donc bien mal ?</Unicode></TextEquiv></TextLine><TextLine id="tr_1776153203_tl_11" custom="readingOrder {index:10;}"><Coords points="1641,2207 2288,2192 2647,2227 2646,2133 2504,2171 1639,2147"/><Baseline points="1648,2189 1693,2186 1738,2186 1782,2186 1827,2186 1872,2186 1917,2186 1962,2186 2006,2186 2051,2186 2096,2186 2141,2186 2186,2186 2230,2189 2275,2189 2320,2189 2365,2186 2410,2186 2454,2186 2499,2186 2544,2186 2589,2189 2634,2189 2651,2189"/><TextEquiv><Unicode>EUGÈNE, avec embarras. Non, je veux dire qu’elle</Unicode></TextEquiv></TextLine><TextLine id="tr_1776153203_tl_12" custom="readingOrder {index:11;}"><Coords points="1598,2244 1655,2260 1671,2247 2050,2251 2042,2200 2008,2214 1952,2195 1920,2215 1883,2200 1859,2216 1825,2203 1598,2208"/><Baseline points="1606,2239 1651,2236 1696,2236 1741,2236 1785,2236 1830,2236 1875,2236 1920,2236 1965,2236 2009,2239 2054,2242"/><TextEquiv><Unicode>sera sans doute mieux.</Unicode></TextEquiv></TextLine><TextLine id="tr_1776153203_tl_13" custom="readingOrder {index:12;}"><Coords points="1641,2300 2645,2298 2645,2261 2549,2235 1641,2267"/><Baseline points="1648,2293 1693,2290 1738,2290 1782,2290 1827,2290 1872,2290 1917,2290 1962,2290 2006,2290 2051,2290 2096,2290 2141,2290 2186,2287 2230,2287 2275,2287 2320,2290 2365,2287 2410,2290 2454,2290 2499,2290 2544,2290 2589,2290 2634,2290 2648,2293"/><TextEquiv><Unicode>ADÈLE. Si, comme il faut l’espérer, cette indisposi¬</Unicode></TextEquiv></TextLine><TextLine id="tr_1776153203_tl_14" custom="readingOrder {index:13;}"><Coords points="1602,2345 2645,2351 2635,2302 1601,2296"/><Baseline points="1609,2344 1654,2341 1699,2341 1744,2341 1788,2341 1833,2341 1878,2341 1923,2341 1968,2341 2012,2341 2057,2341 2102,2341 2147,2341 2192,2341 2236,2341 2281,2341 2326,2341 2371,2341 2416,2341 2460,2341 2505,2341 2550,2344 2595,2344 2640,2344 2648,2344"/><TextEquiv><Unicode>tion subite n’est pas une maladie, mes soins pour¬</Unicode></TextEquiv></TextLine><TextLine id="tr_1776153203_tl_15" custom="readingOrder {index:14;}"><Coords points="1598,2404 2645,2410 2623,2351 1598,2369"/><Baseline points="1606,2395 1651,2392 1696,2392 1741,2392 1785,2392 1830,2392 1875,2392 1920,2392 1965,2392 2009,2392 2054,2392 2099,2392 2144,2395 2189,2395 2233,2392 2278,2392 2323,2392 2368,2392 2413,2392 2457,2392 2502,2395 2547,2395 2592,2395 2637,2398 2648,2401"/><TextEquiv><Unicode>raient peut-être la soulager. Voulez-vous me permet-</Unicode></TextEquiv></TextLine><TextLine id="tr_1776153203_tl_16" custom="readingOrder {index:15;}"><Coords points="1598,2456 1782,2487 2024,2448 2119,2483 2651,2468 2651,2415 2611,2407 1598,2407"/><Baseline points="1606,2445 1651,2445 1696,2445 1741,2445 1785,2445 1830,2445 1875,2445 1920,2445 1965,2445 2009,2445 2054,2445 2099,2445 2144,2445 2189,2445 2233,2445 2278,2445 2323,2445 2368,2445 2413,2445 2457,2445 2502,2445 2547,2445 2592,2445 2637,2448 2654,2448"/><TextEquiv><Unicode>tre, monsieur, de me rendre auprès de madame votre</Unicode></TextEquiv></TextLine><TextLine id="tr_1776153203_tl_17" custom="readingOrder {index:16;}"><Coords points="1598,2516 1641,2512 1653,2505 1662,2511 1676,2507 1696,2513 1706,2507 1715,2511 1732,2507 1731,2463 1702,2460 1684,2450 1671,2464 1664,2467 1655,2460 1637,2475 1622,2468 1597,2473"/><Baseline points="1606,2499 1651,2496 1696,2499 1735,2499"/><TextEquiv><Unicode>mère?</Unicode></TextEquiv></TextLine><TextLine id="tr_1776153203_tl_18" custom="readingOrder {index:17;}"><Coords points="1643,2562 2651,2566 2651,2513 2541,2485 1643,2505"/><Baseline points="1651,2553 1696,2550 1741,2550 1785,2550 1830,2550 1875,2550 1920,2550 1965,2550 2009,2553 2054,2550 2099,2550 2144,2550 2189,2550 2233,2550 2278,2550 2323,2550 2368,2550 2413,2550 2457,2550 2502,2550 2547,2550 2592,2550 2637,2550 2654,2553"/><TextEquiv><Unicode>EUGÈNE. Madame, que vous êtes bonne!... mais</Unicode></TextEquiv></TextLine><TextLine id="tr_1776153203_tl_19" custom="readingOrder {index:18;}"><Coords points="1598,2617 2647,2611 2627,2558 1854,2582 1598,2553"/><Baseline points="1606,2604 1651,2601 1696,2601 1741,2601 1785,2601 1830,2601 1875,2601 1920,2601 1965,2601 2009,2601 2054,2601 2099,2604 2144,2601 2189,2604 2233,2604 2278,2604 2323,2601 2368,2601 2413,2604 2457,2601 2502,2601 2547,2601 2592,2604 2637,2604 2651,2607"/><TextEquiv><Unicode>notre intérieur est bien peu digne de vous recevoir..</Unicode></TextEquiv></TextLine><TextLine id="tr_1776153203_tl_20" custom="readingOrder {index:19;}"><Coords points="1641,2672 2651,2667 2627,2613 1641,2621"/><Baseline points="1648,2654 1693,2654 1738,2654 1782,2654 1827,2654 1872,2654 1917,2654 1962,2654 2006,2654 2051,2654 2096,2651 2141,2651 2186,2651 2230,2654 2275,2654 2320,2654 2365,2654 2410,2654 2454,2654 2499,2654 2544,2654 2589,2654 2634,2654 2654,2660"/><TextEquiv><Unicode>ADÈLE. Monsieur, c’est toujours un honneur pour</Unicode></TextEquiv></TextLine><TextLine id="tr_1776153203_tl_21" custom="readingOrder {index:20;}"><Coords points="1598,2716 2658,2725 2658,2675 2607,2663 1598,2678"/><Baseline points="1606,2708 1651,2705 1696,2705 1741,2705 1785,2705 1830,2705 1875,2705 1920,2705 1965,2705 2009,2705 2054,2705 2099,2705 2144,2705 2189,2705 2233,2705 2278,2705 2323,2705 2368,2705 2413,2708 2457,2708 2502,2708 2547,2705 2592,2705 2637,2708 2660,2711"/><TextEquiv><Unicode>moi d’être reçue chez des personnes respectables.</Unicode></TextEquiv></TextLine><TextLine id="tr_1776153203_tl_22" custom="readingOrder {index:21;}"><Coords points="1602,2801 2649,2793 2649,2739 2554,2717 1602,2715"/><Baseline points="1609,2762 1654,2759 1699,2759 1744,2759 1788,2759 1833,2759 1878,2759 1923,2759 1968,2759 2012,2759 2057,2759 2102,2759 2147,2756 2192,2759 2236,2759 2281,2759 2326,2759 2371,2759 2416,2759 2460,2759 2505,2759 2550,2759 2595,2759 2640,2762 2651,2765"/><TextEquiv><Unicode>(Elle sort avec Eugène, qui salue profondément Agathe.</Unicode></TextEquiv></TextLine><TextEquiv><Unicode></Unicode></TextEquiv></TextRegion><TextRegion id="r_4" custom="readingOrder {index:10;} structure {type:heading;}"><Coords points="1939,2905 1957,2818 2287,2818 2315,2905 2315,2992 1939,2989"/><TextLine id="r_4_tl_1" custom="readingOrder {index:0;}"><Coords points="1980,2886 2102,2897 2166,2877 2217,2911 2259,2908 2257,2814 2159,2802 2142,2817 2107,2820 2073,2797 2020,2812 1980,2802"/><Baseline points="1988,2878 2033,2878 2078,2875 2123,2875 2168,2878 2212,2878 2257,2878 2260,2878"/><TextEquiv><Unicode>SCÈNE VII.</Unicode></TextEquiv></TextLine><TextLine id="r_4_tl_2" custom="readingOrder {index:1;}"><Coords points="1972,2991 2033,2999 2057,2983 2168,3007 2200,2984 2282,2988 2282,2923 2249,2908 2176,2914 2150,2899 2127,2914 2102,2904 1972,2915"/><Baseline points="1980,2977 2024,2971 2069,2971 2114,2971 2159,2971 2203,2971 2248,2971 2284,2977"/><TextEquiv><Unicode>AGATHE, seule</Unicode></TextEquiv></TextLine><TextEquiv><Unicode></Unicode></TextEquiv></TextRegion><TextRegion id="tr_1776153207" custom="readingOrder {index:11;} structure {type:paragraph;score:0.99;}"><Coords points="1573,3005 2703,3005 2703,3592 1573,3592"/><TextLine id="tr_1776153207_tl_1" custom="readingOrder {index:0;}"><Coords points="1641,3077 2654,3077 2654,3019 1991,3027 1760,2997 1641,3029"/><Baseline points="1648,3064 1693,3061 1738,3061 1782,3061 1827,3061 1872,3061 1917,3061 1962,3061 2006,3061 2051,3061 2096,3061 2141,3061 2186,3061 2230,3061 2275,3061 2320,3061 2365,3061 2410,3061 2454,3061 2499,3061 2544,3061 2589,3064 2634,3067 2657,3067"/><TextEquiv><Unicode>Ah! pauvre jeune homme!... C’est sans doute la</Unicode></TextEquiv></TextLine><TextLine id="tr_1776153207_tl_2" custom="readingOrder {index:1;}"><Coords points="1593,3133 2656,3130 2656,3077 1593,3097"/><Baseline points="1600,3117 1645,3114 1690,3114 1735,3111 1779,3114 1824,3111 1869,3111 1914,3111 1959,3111 2003,3111 2048,3111 2093,3111 2138,3111 2183,3111 2227,3111 2272,3111 2317,3111 2362,3114 2407,3114 2451,3114 2496,3114 2541,3114 2586,3114 2631,3117 2660,3123"/><TextEquiv><Unicode>mauvaise nouvelle reçue tout à l’heure qui a bouleversé</Unicode></TextEquiv></TextLine><TextLine id="tr_1776153207_tl_3" custom="readingOrder {index:2;}"><Coords points="1598,3179 2658,3178 2634,3127 1598,3134"/><Baseline points="1606,3171 1651,3165 1696,3165 1741,3165 1785,3168 1830,3168 1875,3168 1920,3165 1965,3165 2009,3165 2054,3168 2099,3165 2144,3165 2189,3168 2233,3165 2278,3165 2323,3168 2368,3165 2413,3168 2457,3168 2502,3168 2547,3168 2592,3171 2637,3171 2660,3174"/><TextEquiv><Unicode>sa mère! Que ne puis-je me joindre à maman pour</Unicode></TextEquiv></TextLine><TextLine id="tr_1776153207_tl_4" custom="readingOrder {index:3;}"><Coords points="1598,3227 2651,3231 2651,3198 2394,3167 1598,3188"/><Baseline points="1606,3222 1651,3219 1696,3219 1741,3219 1785,3219 1830,3219 1875,3219 1920,3219 1965,3219 2009,3219 2054,3219 2099,3219 2144,3219 2189,3219 2233,3219 2278,3219 2323,3219 2368,3219 2413,3219 2457,3222 2502,3222 2547,3222 2592,3222 2637,3222 2654,3228"/><TextEquiv><Unicode>aller lui rendre mes soins!... Mais elle est en bonnes</Unicode></TextEquiv></TextLine><TextLine id="tr_1776153207_tl_5" custom="readingOrder {index:4;}"><Coords points="1595,3286 2642,3288 2625,3232 1595,3233"/><Baseline points="1603,3276 1615,3273 1660,3273 1705,3273 1750,3273 1794,3273 1839,3273 1884,3273 1929,3273 1974,3270 2018,3270 2063,3273 2108,3273 2153,3273 2198,3273 2242,3273 2287,3273 2332,3273 2377,3273 2422,3276 2466,3276 2511,3276 2556,3276 2601,3276 2645,3273"/><TextEquiv><Unicode>mains... remettons-nous... C’est singulier, voilà ce</Unicode></TextEquiv></TextLine><TextLine id="tr_1776153207_tl_6" custom="readingOrder {index:5;}"><Coords points="1598,3353 2647,3347 2647,3285 1598,3286"/><Baseline points="1606,3329 1651,3323 1696,3323 1741,3323 1785,3323 1830,3323 1875,3323 1920,3323 1965,3323 2009,3323 2054,3323 2099,3323 2144,3323 2189,3323 2233,3326 2278,3326 2323,3326 2368,3326 2413,3329 2457,3329 2502,3329 2547,3329 2592,3326 2637,3326 2651,3332"/><TextEquiv><Unicode>pendant un commencement de connaissance... et je</Unicode></TextEquiv></TextLine><TextLine id="tr_1776153207_tl_7" custom="readingOrder {index:6;}"><Coords points="1598,3387 2647,3390 2647,3347 1598,3353"/><Baseline points="1606,3380 1621,3380 1666,3377 1711,3377 1756,3377 1800,3377 1845,3377 1890,3377 1935,3377 1980,3377 2024,3380 2069,3377 2114,3377 2159,3380 2203,3380 2248,3380 2293,3380 2338,3380 2383,3380 2427,3380 2472,3380 2517,3380 2562,3377 2607,3377 2651,3374"/><TextEquiv><Unicode>ne l’ai pas cherché!... Continuons à nous laisser con¬</Unicode></TextEquiv></TextLine><TextLine id="tr_1776153207_tl_8" custom="readingOrder {index:7;}"><Coords points="1593,3443 2647,3435 2647,3398 2589,3389 1593,3389"/><Baseline points="1600,3434 1621,3431 1666,3431 1711,3431 1756,3431 1800,3431 1845,3431 1890,3431 1935,3431 1980,3431 2024,3431 2069,3434 2114,3431 2159,3431 2203,3434 2248,3434 2293,3434 2338,3434 2383,3434 2427,3434 2472,3431 2517,3431 2562,3428 2607,3428 2651,3431"/><TextEquiv><Unicode>duire par la Providence ; elle sait mieux que nous ce</Unicode></TextEquiv></TextLine><TextLine id="tr_1776153207_tl_9" custom="readingOrder {index:8;}"><Coords points="1593,3503 2647,3499 2630,3432 1593,3455"/><Baseline points="1600,3485 1621,3485 1666,3485 1711,3485 1756,3485 1800,3485 1845,3485 1890,3485 1935,3488 1980,3485 2024,3488 2069,3485 2114,3488 2159,3488 2203,3488 2248,3488 2293,3488 2338,3488 2383,3485 2427,3485 2472,3482 2517,3479 2562,3479 2607,3479 2651,3479"/><TextEquiv><Unicode>qu’il nous faut. Quittons cette dangereuse fenêtre et</Unicode></TextEquiv></TextLine><TextLine id="tr_1776153207_tl_10" custom="readingOrder {index:9;}"><Coords points="1593,3542 2377,3558 2622,3544 2649,3497 1594,3503"/><Baseline points="1600,3538 1621,3538 1666,3538 1711,3538 1756,3535 1800,3535 1845,3538 1890,3538 1935,3538 1980,3541 2024,3541 2069,3541 2114,3541 2159,3541 2203,3541 2248,3541 2293,3541 2338,3538 2383,3535 2427,3532 2472,3532 2517,3529 2562,3529 2607,3529 2651,3532"/><TextEquiv><Unicode>cherchons dans le travail une distraction salutaire.</Unicode></TextEquiv></TextLine><TextEquiv><Unicode></Unicode></TextEquiv></TextRegion><TextRegion id="tr_1776153218" custom="readingOrder {index:12;} structure {type:paragraph;score:0.76;}"><Coords points="462,3483 1529,3470 1536,3491 1527,3577 438,3555"/><TextLine id="tr_1776153218_tl_1" custom="readingOrder {index:0;}"><Coords points="517,3515 1032,3601 1527,3565 1523,3477 1464,3471 516,3476"/><Baseline points="525,3512 570,3506 615,3506 660,3509 704,3512 749,3512 794,3512 839,3515 883,3518 928,3524 973,3526 1018,3529 1063,3532 1107,3535 1152,3538 1197,3538 1242,3538 1287,3541 1331,3544 1376,3541 1421,3541 1466,3541 1511,3544 1530,3546"/><TextEquiv><Unicode>EUGÉNE. Pardonnez-moi, Mademoiselle; pardon</Unicode></TextEquiv></TextLine><TextEquiv><Unicode></Unicode></TextEquiv></TextRegion></Page></PcGts>