2822 3966
1590 99 1711 185 106
588 143 1616 257 Les Instituteurs de campagne seraient mal connus
552 222 1612 293 et mal appréciés si l’on s’imaginait qu’ils ne sont pas
556 288 1613 344 aptes à la tâche difficile d’instruire des sourds-muets.
598 338 1612 403 Loin de reculer devant les difficulés de l’entreprise,
547 388 1600 441 ils mettront de l’orgueil à les vaincre, car les diffi-
551 439 1614 514 cultés ne sont pas dans l’application, puisque la route
563 487 1605 552 à suivre est toute tracée. Il ne s’agit que de lire, de
563 551 1602 603 relire au besoin, une théorie trop intéressante pour
554 593 1600 659 effrayer aucun esprit sérieux, écrite d’ailleurs d‘une
547 657 1602 709 manière assez attachante pour captiver l’attention des
547 702 1609 774 gens de cœur, puis de donner chaque jour les leçons
1696 166 2731 284 de morale et de langue si bien préparées par l’au¬
1692 247 2742 329 teur. Ces leçons sont toutes faites. L’instituteur, avec
1689 314 2739 384 cette méthode sous les yeux, n’est plus qu’un instru-
1688 352 2734 444 ment docile; il n’a besoin que de bonne volonté;
1689 400 2737 488 mais son rôle, quoique modeste, n’en est pas moins
1689 463 2739 536 méritoire : tout homme qui contribue dans la mesure
1691 504 2726 578 de ses ressources et de ses capacités au développe-
1683 566 2735 633 ment religieux, moral et intellectuel d’un sourd-
1685 615 2394 685 muet, a bien mérité de l’humanité.
2432 657 2654 748 C. BOILEAU.
1432 909 1836 1045 EULALIE
1035 1186 1096 1219 I
845 1264 1275 1351 UN BEAU MARIAGE.b
570 1350 1588 1435 Il y a quelques années, dans le monde financier de
523 1418 1586 1493 Paris, lorsqu’on voulait citer une femme heureuse, le
523 1477 1586 1531 nom de madame Guilbert revenait invariablement
532 1529 1586 1588 sur toutes les lèvres. Enfant, elle était déjà un objet
523 1573 1582 1644 d’envie pour ses petites camarades, qui la voyaient
524 1636 1576 1692 comblée de bonbons, de caresses, de jouets, de belles
526 1679 1586 1747 robes et d’éloges, car elle apprenait bien et vite ; jeune
516 1731 1573 1799 fille, ses compagnes la jalousaient un peu, car elle
519 1776 1573 1843 brillait dans les fètes, elle régnait dans la maison pa¬
519 1838 1577 1909 ternelle, et son père, disait-on, avait refusé pour elle
518 1887 1576 1961 de fort beaux partis; jeune femme, elle fut encore un
526 1941 1578 2012 point de comparaison envieuse pour ses amies du
519 2000 1574 2057 monde, car elle avait un mari jeune, beau, d’un ai¬
512 2040 1576 2111 mable esprit, et possesseur d’une brillante fortune ; elle
518 2091 1576 2168 habitait un joli hôtel, meublé avec autant de goût que
518 2153 1574 2231 de magnificence, ses chevaux attiraient l’admiration
516 2198 1561 2262 des connaisseurs, et ses toilettes, l’attention des con-
511 2248 1573 2314 naisseuses; bref, on la citait partout comme la femme
512 2292 1574 2369 la plus heureuse de Paris, et pourtant, au milieu de
507 2354 1564 2440 toutes ces félicités, il n’y avait pas du tout de bon¬
504 2393 622 2476 heur.
542 2430 1566 2525 Privée de sa mère en naissant, unique héritière
511 2496 1564 2592 d’un des plus grands négociants de Paris, Eulalie
506 2559 1553 2642 de Verne avait vécu, en effet, dès ses plus jeunes an¬
506 2615 1558 2684 nées, dans cette atmosphère d’opulence, de grandeur,
504 2659 1570 2741 de bien-être qui joue le bonheur aux yeux de la
504 2708 1570 2801 foule, mais qui, comme beaucoup d’autres choses de
507 2765 1565 2834 cette vie, n’est qu’un vain simulacre. Elle aimait bien
492 2811 1566 2889 son père, mais elle le voyait peu; pourtant, il essayait
492 2877 1560 2957 de la rendre heureuse en la comblant, enfant, de
495 2926 1566 2997 jouets, jeune fille, de riches toilettes, et il crut assurer
495 2972 1565 3058 son avenir en la mariant, à dix-huit ans, au fils d’un
492 3025 1564 3114 de ses anciens confrères, qui jouissait d’une grande
496 3076 1560 3158 fortune. Léopold Guilbert ne déplut pas à sa fiancée;
494 3120 1556 3230 elle-même parut agréable à son futur, et le mariage
492 3175 998 3249 fut promptement conclu.
540 3229 1562 3313 Les jeunes gens ne se connaissaient pas avant la
494 3265 1560 3360 cérémonie ; ils ne se connurent guère davantage
502 3334 1558 3417 après : le tourbillon du monde les entraìna, chacun de
490 3389 1557 3487 son côté, et sans qu’ils se rencontrassent assez pour
488 3433 1556 3534 faire connaissance. Léopold n’avait pas de profession,
487 3487 1558 3587 il avait placé toute sa fortune entre les mains de son
479 3527 1553 3663 beau-père, et il ne s’en mêlait plus; les plaisirs de
1665 1136 2731 1253 Paris, et surtout le sport l’occupaient seuls ; il vivait
1664 1233 2728 1311 beaucoup plus au club que chez lui, et avec ses amis
1665 1291 2731 1358 qu’avec sa femme. Esprit indolent et ennuyé, il lui
1664 1339 2733 1407 fallait, pour stimuler sa langueur, les plaisirs tout
1664 1384 2723 1455 faits que l’on trouve au théâtre et sur le turf, et la
1661 1438 2724 1511 tranquillité du foyer domestique ne pouvait convenir
1657 1498 2724 1568 à un homme sans emploi, sans travail, qui n’aimait
1660 1547 2719 1624 ni la conversation, ni la lecture, et qui n’avait pas
1664 1606 2714 1665 assez d’énergie pour s’occuper même de ses divertis-
1660 1657 2715 1725 sements. Gardez-vous de croire cependant que Léopold
1668 1701 2718 1770 fût un méchant ou un cœur dur : c’était tout simple¬
1658 1753 2722 1832 ment un homme blasé par la richesse, et à qui avait
1658 1820 2723 1887 manqué, dans la vie, le plus précieux des soutiens :
1665 1854 1868 1917 un devoir.
1707 1910 2726 1975 Eulalie, âme tendre et sereine, avait rêvé mieux que
1653 1977 2723 2029 cela, et l’union brillante qu’elle contracta fut loin de
1648 2009 2718 2092 réaliser les songes de son cœur; elle ne se plaignit
1654 2077 2724 2143 pas, et, faible aussi contre le courant, elle se laissa
1649 2124 2716 2191 entraîner par le monde, sans que cependant ni bruits,
1653 2177 2718 2234 ni richesses pussent l’étourdir ou la charmer. Elle
1649 2231 2716 2288 avait de nombreuses relations, qui s’étendirent de plus
1649 2287 2720 2343 en plus; les visites, les réunions, occupèrent son
1652 2319 2716 2406 temps sans remplir sa vie, et les années se passèrent
1654 2386 2710 2466 pour elle, avec une tristesse monotone et sans laisser
1645 2429 2089 2505 aucun doux souvenir.
1693 2486 2711 2555 Au bout de cinq ans de mariage, elle devint mère
1645 2513 2704 2613 d’un fils, qu’elle nomma Olivier ; cette maternité tar-
1648 2595 2714 2667 dive qu’elle n’osait plus attendre, fut une faveur du
1648 2646 2706 2723 ciel qui la remua jusqu’au fond de l’âme. Dès ce mo¬
1644 2703 2703 2758 ment, le monde, qu’elle n’avait jamais aimé, fut aban¬
1642 2735 2712 2810 donné; elle vécut avec son fils et pour son fil, et elle
1640 2807 2711 2870 sentit qu’entre elle et l’époux qui la négligeait, cet
1644 2854 2702 2926 enfant serait un lien sacré, un trait-d’union aussi
1636 2910 2706 2977 doux que précieux. Le berceau de son fils devint son
1640 2951 2714 3019 univers; pour lui, elle apprécia les biens qu’elle avait
1640 3005 2698 3076 tant de fois dédaignés; pour lui, elle se remit à culti-
1641 3068 2702 3135 ver ses talents, elle rouvrit son piano et ses livres,
1637 3108 2704 3181 elle prit plaisir à orner sa maison, son esprit et son
1637 3178 2703 3230 cœur pour ce petit enfant-endormi dans ses langes, et
1646 3222 2704 3274 qu’elle aimait, à la fois, dépendant et faible dans le
1641 3280 2696 3330 présent, homme fait dans l’avenir. Léopold lui-même
1634 3329 2692 3393 ressentait les suaves influences de ce berceau, de
1633 3393 2696 3444 cette troisième vie, associée à la leur ; il quittait moins
1634 3437 2694 3495 sa maison, il s’occupait davantage de sa femme; tous
1629 3471 2687 3555 les matins, ils déjeunaient ensemble et ils contem¬
1640 3536 2692 3602 plaient l’enfant, radieux au sortir de son sommeil; ils
1622 3589 2692 3661 jouissaient en commun de ses premiers pas, de sers
