2897 4318
1253 243 1331 341 221
166 333 1240 411 jours frais de l’été qui reviennent si souvent, du
167 399 1240 473 moins à Paris. Si notre planche d’août avait pu, dans
165 453 1238 529 ses petites proportions, contenir le patron de l'un de
170 508 1237 583 ces burnous, je te l’aurais envoyé, mais comme plus
165 553 1238 624 nous avancerons dans la saison, plus ils deviendront
159 612 1238 673 agréables, tu peux compter sur un patron de ces bur¬
158 670 1244 736 nous pour le mois de septembre. Afin de ne point
159 719 1234 793 sortir de notre sujet, je répondrai tout de suite à ta
162 763 1227 839 demande sur les casaques; oui, elles se portent toujours
163 825 1235 896 mais tellement longues, mais tellement amples, mains
159 874 1231 950 tellement accompagnées de manches vigantesques,
154 913 1230 993 descendant comme tout le reste, presque au bord de
158 970 1231 1049 la jupe, que l’on croirait voir une mode tout à fait
154 1034 1223 1107 nouvelle. Je puis te dire que cela se porte beaucoup
155 1088 1227 1167 ajouter que c’est très-distingué, je ne l’oserais! Ges
154 1153 1226 1218 casaques se garnissent très-simplement; souvent il
155 1192 1221 1276 n’y a qu’un effilé Tom-Pouce, autour du bas, du de¬
162 1245 1223 1330 vant et des manches; ces manches sont presque tou¬
152 1292 1215 1381 jours de forme grecque, feudues jusqu’à la saignée
159 1364 1223 1424 et garnies à l’intérieur d’une petite ruche de ruban
152 1415 1211 1481 de satin; d’autrefois l’effilé Tom Pouce se trouve rem-
156 1463 1222 1529 placé par un ruban plissé à la vieille, mais les jeunes
146 1516 1211 1577 filles se privent de cette garniture un peu lourde
146 1563 503 1633 quoique très-jolie.
190 1620 1210 1686 Comme nous voilà loin de nos dessins! je t’y ra¬
143 1666 1218 1751 mène en disant toutefois encore un mot sur les robes.
189 1730 1213 1807 43, DESSIN QUILLE pour placer de chaque côté d’une
140 1774 1221 1857 jupe unie; ce dessin peut se reproduire soit en galon
142 1833 1218 1907 et soutache, soit en petit velours zéro et en velours de
143 1875 1203 1953 la largeur indiquée par le dessin; le corsage qui ac¬
140 1942 1215 2018 compagnerait cette jupe pourrait être brodé de la
143 1992 1211 2061 même façon, ou bien seulement garni de manière à
139 2045 1204 2115 ne point faire une trop grande différence avec la jupe.
194 2092 1213 2177 Veux-tu que je te dise ce que j’ai fait avec deux
138 2140 1203 2231 jupes que j’ai retrouvées? ces deux jupes, qui étaient
138 2205 1200 2277 de mon jeune âge, époque à laquelle les crinolines,
139 2258 1204 2321 cerceaux, cages, peu importe le nom, n’étaient ni
135 2297 1199 2378 connues, ni près de naître, ce qu’elles ne se fussent
136 2352 1190 2437 du reste jamais permis, si elles n’avaient fait l’hon¬
139 2405 1200 2480 neur de me consulter; mes jupes étaient l’une en
138 2457 1200 2548 taffetas chiné à tous petits bouquets et l’autre en
136 2505 1190 2592 taffetas écossais; j’ai pris deux lés de cette dernière
131 2564 1192 2644 je les ai divisés en six bandes d’égale largeur tant
128 2625 1199 2703 du haut que du bas, et je les ai tout bonnement
128 2669 1191 2742 placés de chaque côté de ma jupe thinée, faisant la
124 2719 1192 2805 bande thinée de même largeur que celle de taffetas
131 2776 1194 2854 écossais, puis j’ai acheté un petit effilé qui me coûte
131 2819 1186 2912 15 centimes le mètre et je l’ai posé sur la couture de
125 2878 1176 2970 chacune des bandes. Ma robe, ainsi, est charmante,
124 2928 1177 3008 tous les compliments que j’en reçois me rendent très
127 2981 1168 3074 fière, puisque je puis m’en attribuer et l’idée et l'exé
125 3031 1179 3124 cution. Ce genre de robes dites à quilles, se faisant
121 3081 1180 3174 aussi simple que l’on veut, peut très-bien être porté
125 3144 1180 3238 par les jeunes filles. Les grandes pèlerines ou petits
116 3190 1183 3282 talmas pareils aux robes sont très-adoptés pour le
119 3250 1164 3329 coutil, le piqué et pour toutes les étoffes négligées
117 3288 1172 3393 C’est joli comme toilette de campagne, et du matin, à
111 3335 250 3399 Paris
163 3388 1163 3493 44 à 47, PARTON D’UN CONSAGE de robe pour notre
111 3449 1179 3532 petite Lilie; tu peux juger de l'effet de ce corsage, sur
104 3501 668 3576 la poupée de notre gravure.
158 3562 1177 3638 48 et 49, FICHU-MANTELET ANTOINETTE; comme tu le
113 3607 1167 3697 vois, la maison Herbillon n’a point oublié ta petite
104 3659 1161 3739 sœur et paraît même tenir plus que ses promesses ;
104 3727 1163 3801 ce fichu-mantelet est destiné à accompagner la toi¬
108 3756 1167 3866 lette que te donne la gravure; il se fait en taffetas
1331 360 2397 456 noir; le quadrillé est formé par un velours noir
1327 414 2395 513 zéro; au bord du corps du mantelet et du volant
1327 465 2398 560 se trouve un effilé Tom-Pouce; les deux bouts sont
1322 530 2397 607 noués par derrière; un peu plus loin, mademoiselle
1322 573 2401 681 Lilie trouvera encore une charmante casaque pour
1322 623 1629 701 les jours frais.
1373 684 2399 762 50, DESSIN POUR SAC DE VOY AGE, que l'on brode au
1333 742 2391 817 passé sur velours, sur drap ou sur peau; le cuir
1323 798 2399 862 de Russie est préférable. L’intérieur de ces sacs se
1316 831 2397 927 double aussi en peau maroquin ou autres, on y place
1322 904 2402 967 plusieurs compartiments, ils deviennent ainsi un des
1318 963 2389 1032 objets de voyage les plus élégants et les plus com¬
1319 1012 2389 1094 modes; une chose indispensible en un mot; si tout
1316 1052 2387 1140 le monde ne voyage pas, il n’est personne qui n‘aille
1310 1107 2386 1203 à la campagne, et si l’on n’y va point, je conseillerais
1318 1167 2372 1246 encore ces sacs, lorsque l’on a quelques petites em
1319 1226 2383 1304 plettes à faire; il est si désagréable de tout fourrer
1315 1268 2382 1346 dans ses poches, et si dangereux de garder à la main
1310 1319 2389 1396 les petits objets qui glissent de vos doigts au moment
1310 1393 2389 1474 où l’on y pense le moins. Madame Marie Soudant, qui
1311 1436 2374 1511 se charge de la monture de tous nos petits ouvrages
1304 1490 2375 1562 a des garnitures charmantes pour ces sortes de sac
1306 1547 2337 1612 dont les prix varient de douze à vingt-cinq francs.
1350 1593 2390 1675 51 et 52, COMM à CCEMENT DE DEUX ALPHABETS dont la
1304 1651 2378 1734 totalité n’a pu trouver place ce mois-ci, car si mon
1306 1706 2371 1770 désir de t’envoyer le plus de choses possible va tou¬
1307 1747 2374 1838 jours croissant, il n’en est pas de même du papier
1311 1805 2383 1876 de nos planches, qui, malgré le progrès de toutes
1306 1855 2371 1927 choses, n’est point encore devenu élastique. Ces deux
1299 1910 1907 1981 alphabets se font au plumetis.
1346 1964 2366 2037 53 et 54, ÉCLANTINE. Il faut cinq pétales pour chaque
1300 2004 2366 2091 fleur. On les creuse sur le coussin avec une boule
1300 2072 2366 2147 de dimension convenable. Faire cette opération sans
1300 2130 2362 2189 plisser le haut du pétale, c’est la perfection, mais ce
1292 2184 2371 2251 n’est pas facile, surtout quand on débute. Cependant
1293 2235 2362 2304 si l’on y met des soins, on arrivera, plus vite qu’ on ne
1293 2289 1776 2336 pense, à faire très-bien.
1334 2332 2360 2402 Les pétales creusés ou boulés, selon l’expression
1293 2375 2359 2463 des fleuristes, on en colle cinq, par l’extrémité de l‘on¬
1288 2434 2360 2505 glet, autour d’un cœur d‘églestine, en les croisant un
1292 2492 2359 2559 peu, toujours du même sens. On enfile un calice, on
1281 2559 2344 2619 met un peu de coton à la tige que l’on entoure de pa¬
1289 2600 2336 2671 pier vert, et l’on fait des fleurs plus ou moins ouvertes
1289 2649 2333 2714 comme on les voit dans la nature. Les boutons fleu¬
1284 2703 2352 2773 ris se composent de cinq pétales que l’on colle, après
1281 2743 2344 2822 les avoir boulés, autour d’un cœur de rose ordinaire.
1283 2803 2352 2870 On les relève ensuite tout droit et on les croise aussi
1275 2866 2350 2928 régulièrement que possible. Il faut choisir dans les
1276 2909 2332 2983 haies les plus jolies, les plus gracieuses branches d’é
1284 2954 2348 3028 glestine et les prendre pour modèles, c’est le moyen
1269 3013 2329 3094 de comprendre facilement l’explication, et c’est indis¬
1276 3068 2340 3128 pensible pour bien monter. On fait des églantines :
1269 3128 2335 3179 rose tendre, blanche et capucine. En longues branches
1271 3179 2332 3236 pendantes, elles sont le plus gracieux ornement des
1266 3224 1524 3291 suppensions
1306 3275 2325 3337 Le feuillage de l’églestine est lisse, pointu et pas
1271 3337 2331 3399 très-grand. Il coûte de 35 à 75 centimes la douzaine
1258 3383 1767 3445 de tiges, selon la qualité.
1306 3434 2324 3501 55 et 56, RENONCUE. On peut se procurer des renon¬
1261 3481 2325 3550 cules toutes découpées et touttes coloriées, mais il est
1258 3546 2329 3609 facile de les découper et de les colorier soi-même; de
1260 3586 2325 3661 plus, il y a à cela une notable économie. Dans les deux
1261 3643 2331 3713 cas, il faut des cœurs, des boutons et des feuilles. Avec
1257 3708 2325 3770 un modèle, on pourra, si on le désire, faire aussi
1252 3754 2331 3828 les boutons et les cœurs. Les petits grains bruns qu'on
1260 3799 2246 3883 y remarque ne sont rien autre chose que du café.
