2897 4318
1203 259 1399 356 249
931 514 1674 646 LE PROGRÈS MUSIAL.
643 743 1965 845 CATALOGUES GÉNÉRAUX DU PROGRÈS MUSIAL
1241 886 1369 959 No 8.
221 1089 1259 1147 Nous appellerons particulièrement l’attention de nos abon¬
188 1130 1259 1189 nées, ce mois-ci, sur une charmante collection de méladies,
191 1185 1267 1241 romances et chansonnettes does à madame Perronnet,
198 1221 1267 1278 femme d’esprit et de talent, auteur à la fois des paroles et
193 1270 1265 1330 de la musique. La grâce naive, le charme sympathique et
191 1308 1260 1369 le style correct de ces compositions en font un recueil ap¬
189 1371 1267 1427 pelé à d’incontestables succès, et placent la jeune femme à
194 1414 1264 1463 laquelle nous les devons, au nombre des artistes distingués
189 1466 1260 1521 qui ont légitimement conquis leur rang sous le soleil de la
181 1507 1262 1570 renommée. Modestie de jeune fille, Roses et chardons, et Ni¬
178 1565 1269 1631 non, sont de charmantes production que nous recommandons
1349 1097 2417 1165 vivement à l’attention de nos lectrices. Il faut signaler aussi
1348 1153 2415 1214 une romance intitulée : Souvenirs des montagnes, due au
1341 1186 2409 1274 talent véritablement remarquable de mademoiselle Julie
1341 1244 2409 1316 Guillois. Cette composition, d’un style élevé et correct, est
1339 1298 2410 1354 appelée à occuper une place distinguée parmi les créations
1339 1334 2414 1399 modernes. L'Aumônier du régiment et Respect aux cheveux
1339 1374 2410 1451 blancs, mélonies de M. Marx Chautagne, sont les dignes
1339 1430 2410 1489 sœurs de Béranger et l'Académie, composition si connue et
1339 1476 2420 1534 si bien appréciée du même auteur. Les œuvres citées ci¬
1339 1517 2132 1583 dessus sont publiées par M. l’éditeur Petit.
717 1923 1868 2058 ÉDUCATION MUSICALE
595 2122 830 2201 DUPREZ.
217 2236 1241 2302 Nous avons déjà dit quelque part que nos biogra¬
180 2274 1242 2353 phies de chanteurs et de Gompositeurs illustres ne se¬
170 2341 1237 2399 raient pas classées par rang d’ancienneté. Celles de
170 2394 1241 2463 nos abonnées qui n’ont connu les Catalani, les Pasta,
180 2432 1249 2519 les Malibran, que par tradition, trouveraient sans
188 2484 1236 2565 doute plus d’intérêt dans les détails de la vie des ar¬
178 2547 1249 2606 tistes vivants; aussi, quoiqu’il nous en coûte d’aban¬
181 2595 1237 2662 donner l’ordre chronologique, nous puisons aujour¬
176 2644 1246 2708 d’hui dans les excellentes notes de M. Briffault, des
178 2692 1237 2773 particularités qui, jointes à nos propres renseigne¬
178 2756 1250 2827 ments, compléteront la biographie de l’éminent chan¬
176 2796 1247 2877 teur Duprez. Nous nous promettons, néanmoins, de
180 2853 1239 2933 soulever quelquefois la pierre des tombes illustres,
180 2906 1249 2975 et d’y faire descendre avec nous les jeunes adoptes
188 2954 1247 3033 de l'art qui ne doivent ignorer aucun des grands
185 3005 1242 3110 noms qui ont contribué à la gloire et au progrès de
175 3051 423 3124 la musique.
216 3117 1232 3204 La biographie de Duprez est un des plus intéres¬
175 3176 1241 3252 sants chapitres de l'histoire de la musique en France.
222 3219 1241 3313 Les premières années de sa vie furent consacrées à
175 3255 1171 3363 l'étude de la musique, il s'y adonna dès l'enfance.
221 3321 1237 3404 Duprez est né à Paris, le 6 décembre 1806; on lui
181 3372 1237 3463 donna les prénoms de Gilbert Louis; son père était
180 3427 1236 3503 un digne et honnête bonnetier qui avait une fortune
178 3480 1236 3560 des plus minces et une famille des plus nombreuses.
168 3531 1237 3623 Il est bien naturel qu’on ait prétendu que, dès ses plus
180 3580 1237 3671 tendres années, Duprez ait révélé et annnoncé par
181 3631 1232 3727 des signes certains et infaillibles sa vocation musi¬
168 3689 1237 3776 tale. Il ne manque pas de biographes pour saisir et
168 3738 1239 3839 signaler ces pronostics; ils devineraient Pastal à sa
1313 2142 2394 2209 manière d’apprendre à lire; ils ont découvert Napo¬
1331 2196 2402 2260 léon dans un combat à coups de boules de neige; les
1331 2244 2392 2313 dispositions de Duprez leur ont apparu dans la ma¬
1328 2305 2405 2374 nière dont il écoutait l'orgue de Barbara, et dont il
1321 2353 2395 2433 chantait sur le sein de sa nourrice. Quoi qu’il en soit,
1323 2409 2399 2491 le petit Gilbert fut nourri au village et alla à l’école;
1321 2465 2395 2529 il reçut les premières leçons de musique de la bien¬
1325 2509 2395 2582 veillance d’une voisine, et l’on assure qu’à neuf ans
1315 2564 2395 2624 il solfiait couramment. Les anecdotes prodigieuses
1320 2618 2387 2685 viennent ensuite. Un jour qu’il jouait aux billes, le
1325 2671 2392 2738 ciel envoya sous ses pieds une pièce de dix sous;
1328 2720 2391 2791 l’enfant la ramassa; il fit emplette d’un rondeau de
1320 2768 2381 2857 vaudeville, et cette aventure mémorable le prédes¬
1316 2829 2077 2881 tina à l’Académie royale de musique.
1361 2865 2389 2942 L’excellente dame qui avait enseigné la gamme à
1315 2937 2394 3010 Duprez désirait le faire admettre parmi les pages de
1316 2979 2384 3045 la musique du Roi. Pour le rendre digne de cette fa¬
1323 3040 2384 3106 veur, on lui ouvrit au conservatoire la classe de
1320 3086 2389 3152 M. Rogat; il y fit peu de progrès; il fallut renoncer
1316 3140 2377 3196 à le placer à la cour. En 1817, Choron s'occupa de
1313 3191 2377 3242 former son institution; il avait à choisir ses élèves
1321 3242 2384 3310 parmi ceux du conservatoire. Gilbert se présenta au
1320 3307 2376 3354 concours qui devait désigner les meilleurs écoliers,
1308 3346 2381 3415 il fut refusé. Quelques jours après cette épreuve, il
1316 3399 2377 3460 se fit recommander auprès de Choron; il chanta
1310 3458 2376 3512 mieux qu’il ne l’avait fait une première fois, et de¬
1316 3504 2270 3570 vint pensionnaire de l'École de musique sacrée.
1361 3550 2377 3613 Choron élevait la science musicale au-dessus de
1310 3610 2381 3676 toutes les science humaines ; dans son culte et dans
1310 3667 2381 3727 sa pensée, il la plaçait au sommet de toute chose. Le
1311 3702 2384 3788 caractère religieux qu'il donnait à ses leçons favori¬
1298 3769 2379 3845 sait cette disposition, et c'est dans les impressions
