<?xml version="1.0" encoding="UTF-8" standalone="yes"?><PcGts xmlns="http://schema.primaresearch.org/PAGE/gts/pagecontent/2013-07-15"><Metadata><Creator>prov=READ-COOP:name=TrHtr:version=2.44.0:model_id=51170:date=15_06_2026_19:41</Creator><Created>2026-05-21T18:03:45.879032</Created><LastChange>2026-06-20T13:25:21.362+02:00</LastChange><TranskribusMetadata docId="14756063" pageId="115166861" pageNr="297" userId="187713" imgUrl="https://files.transkribus.eu/Get?fileType=view&amp;id=ZROOGJLQGEGJWPMXQBBWSETY" imageId="97254374"/></Metadata><Page imageFilename="20144531_297.jpg" imageWidth="2897" imageHeight="4318"><TextRegion id="tr_1779379487" custom="readingOrder {index:0;} structure {type:page-number;score:0.99;}"><Coords points="1239,250 1368,250 1368,323 1239,323"/><TextLine id="tr_1779379487_tl_1" custom="readingOrder {index:0;}"><Coords points="1247,321 1269,324 1277,317 1296,328 1307,318 1338,334 1367,321 1366,234 1352,241 1344,238 1331,251 1295,251 1277,266 1261,254 1247,261"/><Baseline points="1254,301 1298,304 1343,304 1370,301"/><TextEquiv><Unicode>273</Unicode></TextEquiv></TextLine><TextEquiv><Unicode></Unicode></TextEquiv></TextRegion><TextRegion id="tr_1779379484" custom="readingOrder {index:1;} structure {type:paragraph;score:0.99;}"><Coords points="179,335 1290,327 1294,1299 177,1299"/><TextLine id="tr_1779379484_tl_1" custom="readingOrder {index:0;}"><Coords points="207,405 1269,392 1261,336 207,352"/><Baseline points="215,394 241,394 286,394 331,394 376,391 421,391 465,391 510,391 555,391 600,394 645,394 689,394 734,394 779,394 824,391 868,391 913,391 958,391 1003,388 1048,388 1092,388 1137,385 1182,385 1227,385 1272,385"/><TextEquiv><Unicode>mariages et de promotions; fort-bien ! Quoique retiré</Unicode></TextEquiv></TextLine><TextLine id="tr_1779379484_tl_2" custom="readingOrder {index:1;}"><Coords points="213,464 1192,456 1269,451 1271,408 214,407"/><Baseline points="220,447 241,447 286,444 331,444 376,447 421,447 465,447 510,447 555,447 600,447 645,447 689,447 734,447 779,447 824,447 868,447 913,444 958,444 1003,441 1048,441 1092,441 1137,441 1182,438 1227,438 1272,438"/><TextEquiv><Unicode>dans son fromage, on n'est point pour cela mort aux</Unicode></TextEquiv></TextLine><TextLine id="tr_1779379484_tl_3" custom="readingOrder {index:2;}"><Coords points="213,507 1122,515 1122,471 1029,449 213,467"/><Baseline points="220,498 229,495 274,498 319,498 364,498 409,501 453,501 498,501 543,501 588,501 633,501 677,501 722,501 767,501 812,498 857,501 901,498 946,498 991,498 1036,495 1080,495 1125,492"/><TextEquiv><Unicode>saintes émotions de la famille et de l'amitié.</Unicode></TextEquiv></TextLine><TextLine id="tr_1779379484_tl_4" custom="readingOrder {index:3;}"><Coords points="1176,512 1192,515 1216,507 1224,500 1243,504 1265,500 1267,449 1259,447 1243,459 1232,448 1217,452 1209,445 1200,455 1177,457"/><Baseline points="1185,495 1224,492 1269,492"/><TextEquiv><Unicode>Que</Unicode></TextEquiv></TextLine><TextLine id="tr_1779379484_tl_5" custom="readingOrder {index:4;}"><Coords points="218,575 1267,551 1257,500 218,522"/><Baseline points="226,549 238,549 283,552 328,549 373,552 418,552 462,555 507,555 552,555 597,555 642,555 686,555 731,555 776,555 821,555 865,552 910,552 955,552 1000,552 1045,552 1089,552 1134,549 1179,546 1224,546 1269,543"/><TextEquiv><Unicode>vois-je? de la main même du Grand-Duc ! sous cette</Unicode></TextEquiv></TextLine><TextLine id="tr_1779379484_tl_6" custom="readingOrder {index:5;}"><Coords points="222,626 1265,613 1265,563 222,574"/><Baseline points="229,603 238,603 283,606 328,606 373,606 418,609 462,609 507,609 552,609 597,609 642,609 686,609 731,609 776,609 821,609 865,609 910,606 955,606 1000,603 1045,603 1089,603 1134,603 1179,600 1224,600 1269,600"/><TextEquiv><Unicode>modeste enveloppe, qui l'aurait cru? ah! je le recon¬</Unicode></TextEquiv></TextLine><TextLine id="tr_1779379484_tl_7" custom="readingOrder {index:6;}"><Coords points="213,661 1208,675 1265,667 1267,614 214,626"/><Baseline points="220,653 238,656 283,656 328,656 373,659 418,659 462,659 507,659 552,659 597,659 642,659 686,659 731,659 776,659 821,659 865,659 910,659 955,659 1000,659 1045,656 1089,656 1134,656 1179,653 1224,653 1269,650"/><TextEquiv><Unicode>nais bien là ! Il voyage incognito, me dit-il, afin que</Unicode></TextEquiv></TextLine><TextLine id="tr_1779379484_tl_8" custom="readingOrder {index:7;}"><Coords points="218,718 1269,720 1245,663 218,665"/><Baseline points="226,704 271,710 316,710 361,713 406,713 450,710 495,710 540,710 585,710 630,710 674,710 719,710 764,710 809,710 854,710 898,710 943,710 988,710 1033,710 1078,710 1122,707 1167,707 1212,704 1257,704 1272,707"/><TextEquiv><Unicode>la vraie situation des choses lui soit plus sûrement</Unicode></TextEquiv></TextLine><TextLine id="tr_1779379484_tl_9" custom="readingOrder {index:8;}"><Coords points="213,768 1263,769 1263,730 213,734"/><Baseline points="220,758 235,758 280,761 325,761 370,764 415,761 459,761 504,761 549,758 594,758 639,758 683,758 728,758 773,758 818,758 863,758 907,758 952,758 997,758 1042,758 1086,758 1131,758 1176,755 1221,755 1266,755"/><TextEquiv><Unicode>révélée, afin que tout voile tombe entre lui et une</Unicode></TextEquiv></TextLine><TextLine id="tr_1779379484_tl_10" custom="readingOrder {index:9;}"><Coords points="213,832 1265,821 1241,764 213,782"/><Baseline points="220,812 238,812 283,812 328,815 373,815 418,812 462,812 507,812 552,809 597,809 642,806 686,809 731,809 776,809 821,809 865,809 910,809 955,809 1000,809 1045,809 1089,809 1134,809 1179,806 1224,809 1269,809"/><TextEquiv><Unicode>misère qu’il cherche éternellement à soulager... il</Unicode></TextEquiv></TextLine><TextLine id="tr_1779379484_tl_11" custom="readingOrder {index:10;}"><Coords points="218,877 1263,863 1144,815 218,837"/><Baseline points="226,863 271,865 316,865 361,863 406,863 450,863 495,860 540,860 585,860 630,860 674,860 719,860 764,860 809,860 854,860 898,860 943,860 988,860 1033,860 1078,860 1122,860 1167,857 1212,860 1257,860 1266,863"/><TextEquiv><Unicode>souhaite ma coopération dans cette entreprise bénie.</Unicode></TextEquiv></TextLine><TextLine id="tr_1779379484_tl_12" custom="readingOrder {index:11;}"><Coords points="209,928 1260,923 1251,861 1140,895 1065,867 210,887"/><Baseline points="217,913 232,913 277,916 322,913 367,913 412,913 456,913 501,913 546,913 591,913 636,913 680,913 725,913 770,913 815,913 860,913 904,913 949,913 994,913 1039,910 1083,910 1128,910 1173,910 1218,910 1263,910"/><TextEquiv><Unicode>il sera bien aise de me rencontrer, à cet effet, sur la</Unicode></TextEquiv></TextLine><TextLine id="tr_1779379484_tl_13" custom="readingOrder {index:12;}"><Coords points="218,979 1267,984 1267,926 218,934"/><Baseline points="226,964 271,967 316,964 361,964 406,964 450,967 495,964 540,967 585,967 630,967 674,967 719,967 764,967 809,967 854,967 898,967 943,967 988,964 1033,964 1078,964 1122,964 1167,961 1212,961 1257,964 1269,964"/><TextEquiv><Unicode>oute de Gotha à Endfeld. (Debout.) Tout de suite, tout</Unicode></TextEquiv></TextLine><TextLine id="tr_1779379484_tl_14" custom="readingOrder {index:13;}"><Coords points="215,1026 1265,1031 1265,987 1196,974 215,986"/><Baseline points="223,1012 268,1015 313,1018 358,1018 403,1018 447,1018 492,1018 537,1018 582,1018 627,1021 671,1021 716,1021 761,1018 806,1018 851,1018 895,1018 940,1018 985,1018 1030,1018 1075,1018 1119,1015 1164,1015 1209,1015 1254,1018 1269,1018"/><TextEquiv><Unicode>de suite, mon noble maître ! Devant une telle mission,</Unicode></TextEquiv></TextLine><TextLine id="tr_1779379484_tl_15" custom="readingOrder {index:14;}"><Coords points="218,1078 1263,1074 1264,1031 219,1038"/><Baseline points="226,1066 271,1069 316,1069 361,1069 406,1072 450,1072 495,1072 540,1072 585,1072 630,1072 674,1072 719,1072 764,1072 809,1072 854,1072 898,1072 943,1072 988,1069 1033,1066 1078,1069 1122,1069 1167,1069 1212,1069 1257,1066 1266,1069"/><TextEquiv><Unicode>qui m’oublierait ses soixante-quinze ans! — Hermann!</Unicode></TextEquiv></TextLine><TextLine id="tr_1779379484_tl_16" custom="readingOrder {index:15;}"><Coords points="227,1138 1265,1126 1265,1078 227,1086"/><Baseline points="235,1119 280,1122 325,1122 370,1125 415,1122 459,1125 504,1125 549,1125 594,1125 639,1125 683,1125 728,1125 773,1125 818,1125 863,1125 907,1122 952,1122 997,1122 1042,1122 1086,1119 1131,1122 1176,1119 1221,1119 1266,1122 1269,1122"/><TextEquiv><Unicode>(Hermann parait.) Faites seller mon cheval, dites à</Unicode></TextEquiv></TextLine><TextLine id="tr_1779379484_tl_17" custom="readingOrder {index:16;}"><Coords points="218,1194 1253,1193 1216,1134 218,1136"/><Baseline points="226,1170 271,1173 316,1176 361,1176 406,1176 450,1176 495,1179 540,1176 585,1176 630,1179 674,1179 719,1179 764,1179 809,1179 854,1179 898,1176 943,1176 988,1176 1033,1176 1078,1173 1122,1173 1167,1173 1212,1173 1257,1173"/><TextEquiv><Unicode>Joseph qu'il me suivra, et apportez-moi mon man¬</Unicode></TextEquiv></TextLine><TextLine id="tr_1779379484_tl_18" custom="readingOrder {index:17;}"><Coords points="215,1239 611,1233 643,1247 642,1190 627,1188 555,1194 538,1210 460,1189 424,1202 369,1185 215,1193"/><Baseline points="223,1224 268,1224 313,1227 358,1227 403,1227 447,1227 492,1230 537,1227 582,1230 627,1230 645,1230"/><TextEquiv><Unicode>teau. (Hermann sort.)</Unicode></TextEquiv></TextLine><TextLine id="tr_1779379484_tl_19" custom="readingOrder {index:18;}"><Coords points="258,1297 407,1304 492,1287 590,1307 651,1300 651,1244 609,1236 582,1248 554,1236 258,1245"/><Baseline points="265,1278 310,1278 355,1281 400,1281 444,1281 489,1281 534,1281 579,1281 624,1281 653,1281"/><TextEquiv><Unicode>LE COMMTE. Gertrude!</Unicode></TextEquiv></TextLine><TextEquiv><Unicode></Unicode></TextEquiv></TextRegion><TextRegion id="r" custom="readingOrder {index:2;} structure {type:heading;}"><Coords points="287,1347 456,1328 1018,1328 1164,1347 1164,1493 287,1493"/><TextLine id="r_tl_1" custom="readingOrder {index:0;}"><Coords points="619,1408 638,1410 649,1399 752,1406 764,1395 782,1402 804,1391 861,1396 861,1347 754,1350 658,1325 619,1332"/><Baseline points="627,1385 671,1388 716,1388 761,1388 806,1385 851,1388 865,1388"/><TextEquiv><Unicode>SCÈNE V.</Unicode></TextEquiv></TextLine><TextLine id="r_tl_2" custom="readingOrder {index:1;}"><Coords points="326,1494 807,1514 1152,1487 1152,1432 326,1438"/><Baseline points="334,1484 349,1481 394,1484 438,1484 483,1484 528,1484 573,1484 618,1484 662,1484 707,1481 752,1484 797,1481 842,1484 886,1484 931,1481 976,1481 1021,1481 1066,1481 1110,1481 1155,1481"/><TextEquiv><Unicode>LE COMMTE, GERTRUDE, puisHERMANN.</Unicode></TextEquiv></TextLine><TextEquiv><Unicode></Unicode></TextEquiv></TextRegion><TextRegion id="tr_1779379480" custom="readingOrder {index:3;} structure {type:paragraph;score:0.99;}"><Coords points="158,1498 1279,1498 1279,2093 158,2093"/><TextLine id="tr_1779379480_tl_1" custom="readingOrder {index:0;}"><Coords points="258,1593 1263,1597 1263,1549 1217,1535 258,1549"/><Baseline points="265,1582 280,1579 325,1579 370,1579 415,1579 459,1579 504,1579 549,1579 594,1579 639,1579 683,1579 728,1579 773,1579 818,1579 863,1579 907,1579 952,1579 997,1579 1042,1579 1086,1579 1131,1579 1176,1579 1221,1579 1266,1579"/><TextEquiv><Unicode>LE COMMTE. Gertrude, je m’absente; c’est à vous que</Unicode></TextEquiv></TextLine><TextLine id="tr_1779379480_tl_2" custom="readingOrder {index:1;}"><Coords points="210,1641 1105,1644 1085,1589 210,1600"/><Baseline points="217,1630 262,1627 307,1633 352,1630 397,1633 441,1633 486,1630 531,1630 576,1633 621,1633 665,1633 710,1633 755,1633 800,1630 845,1630 889,1633 934,1633 979,1633 1024,1633 1069,1633 1107,1633"/><TextEquiv><Unicode>revient l'autorité; usez-en, n'en abusez pas !</Unicode></TextEquiv></TextLine><TextLine id="tr_1779379480_tl_3" custom="readingOrder {index:2;}"><Coords points="249,1695 1264,1692 1264,1649 249,1654"/><Baseline points="256,1681 301,1684 346,1684 391,1684 435,1684 480,1684 525,1684 570,1684 615,1684 659,1684 704,1684 749,1684 794,1684 839,1684 883,1684 928,1687 973,1687 1018,1687 1063,1687 1107,1687 1152,1684 1197,1684 1242,1684 1266,1687"/><TextEquiv><Unicode>HERMANN, présentant le manteau. Le cheval de Son</Unicode></TextEquiv></TextLine><TextLine id="tr_1779379480_tl_4" custom="readingOrder {index:3;}"><Coords points="207,1747 597,1751 597,1692 583,1689 388,1713 336,1693 285,1707 207,1693"/><Baseline points="215,1731 259,1734 304,1734 349,1734 394,1734 438,1734 483,1734 528,1737 573,1734 600,1737"/><TextEquiv><Unicode>Excellence est prêt.</Unicode></TextEquiv></TextLine><TextLine id="tr_1779379480_tl_5" custom="readingOrder {index:4;}"><Coords points="249,1794 1272,1810 1252,1748 249,1755"/><Baseline points="256,1785 301,1788 346,1788 391,1788 435,1788 480,1788 525,1788 570,1788 615,1788 659,1788 704,1788 749,1788 794,1788 839,1788 883,1791 928,1791 973,1791 1018,1791 1063,1788 1107,1791 1152,1791 1197,1788 1242,1791 1275,1794"/><TextEquiv><Unicode>LE COMMTE. Bien! Adieu mes enfants. (Le Comte sort,</Unicode></TextEquiv></TextLine><TextLine id="tr_1779379480_tl_6" custom="readingOrder {index:5;}"><Coords points="207,1836 364,1867 1265,1858 1245,1800 207,1818"/><Baseline points="215,1836 259,1839 304,1839 349,1842 394,1842 438,1839 483,1839 528,1839 573,1842 618,1842 662,1842 707,1842 752,1839 797,1842 842,1842 886,1842 931,1842 976,1842 1021,1842 1066,1842 1110,1842 1155,1842 1200,1842 1245,1842 1269,1845"/><TextEquiv><Unicode>enveloppé de son manteau; Hermann et Gertrude le</Unicode></TextEquiv></TextLine><TextLine id="tr_1779379480_tl_7" custom="readingOrder {index:6;}"><Coords points="213,1907 1269,1913 1269,1855 213,1860"/><Baseline points="220,1890 265,1893 310,1893 355,1893 400,1893 444,1893 489,1893 534,1893 579,1893 624,1893 668,1893 713,1896 758,1893 803,1893 848,1896 892,1896 937,1893 982,1896 1027,1896 1072,1896 1116,1896 1161,1896 1206,1893 1251,1896 1272,1896"/><TextEquiv><Unicode>suivent des yeux, un doigt sur les lèvres ; Koff entre à</Unicode></TextEquiv></TextLine><TextLine id="tr_1779379480_tl_8" custom="readingOrder {index:7;}"><Coords points="213,1969 1269,1957 1247,1907 213,1917"/><Baseline points="220,1949 241,1946 286,1943 331,1943 376,1946 421,1946 465,1946 510,1946 555,1943 600,1946 645,1946 689,1946 734,1946 779,1946 824,1946 868,1946 913,1946 958,1946 1003,1946 1048,1946 1092,1946 1137,1949 1182,1949 1227,1946 1272,1943"/><TextEquiv><Unicode>pas de loup et les imite. Le galop des deux chevaux se</Unicode></TextEquiv></TextLine><TextLine id="tr_1779379480_tl_9" custom="readingOrder {index:8;}"><Coords points="215,2013 1265,2012 1241,1961 215,1970"/><Baseline points="223,2000 268,1997 313,1997 358,1997 403,1997 447,1997 492,1997 537,2000 582,1997 627,1997 671,1997 716,1997 761,2000 806,2000 851,2000 895,2000 940,2000 985,2000 1030,2000 1075,2000 1119,2000 1164,2000 1209,2000 1254,2000 1269,2000"/><TextEquiv><Unicode>fait entendre, fort d'abord, plus faible ensuite, et se</Unicode></TextEquiv></TextLine><TextLine id="tr_1779379480_tl_10" custom="readingOrder {index:9;}"><Coords points="207,2076 268,2058 421,2091 502,2054 861,2068 861,2014 302,2001 207,2021"/><Baseline points="215,2057 259,2051 304,2051 349,2051 394,2051 438,2051 483,2051 528,2051 573,2051 618,2051 662,2051 707,2051 752,2051 797,2051 842,2054 865,2057"/><TextEquiv><Unicode>perd tout à fait dans le lointain.)</Unicode></TextEquiv></TextLine><TextEquiv><Unicode></Unicode></TextEquiv></TextRegion><TextRegion id="r_1" custom="readingOrder {index:4;} structure {type:heading;}"><Coords points="408,2195 425,2122 525,2116 970,2116 1098,2122 1106,2195 1106,2296 408,2296"/><TextLine id="r_1_tl_1" custom="readingOrder {index:0;}"><Coords points="613,2181 813,2181 836,2199 849,2188 873,2192 872,2135 837,2137 772,2119 742,2119 720,2132 696,2119 674,2135 631,2131 611,2140"/><Baseline points="618,2170 662,2170 707,2170 752,2170 797,2170 842,2173 877,2176"/><TextEquiv><Unicode>SCÈNE VI.</Unicode></TextEquiv></TextLine><TextLine id="r_1_tl_2" custom="readingOrder {index:1;}"><Coords points="428,2290 670,2272 1049,2290 1049,2234 995,2215 428,2231"/><Baseline points="435,2269 480,2269 525,2269 570,2269 615,2269 659,2269 704,2269 749,2272 794,2272 839,2272 883,2272 928,2272 973,2272 1018,2272 1051,2272"/><TextEquiv><Unicode>HERMANN, GERTRUDE, KOFF.</Unicode></TextEquiv></TextLine><TextEquiv><Unicode></Unicode></TextEquiv></TextRegion><TextRegion id="tr_1779379481" custom="readingOrder {index:5;} structure {type:paragraph;score:0.99;}"><Coords points="171,2284 1297,2284 1298,3788 167,3785"/><TextLine id="tr_1779379481_tl_1" custom="readingOrder {index:0;}"><Coords points="254,2382 1256,2390 1264,2322 253,2322"/><Baseline points="262,2365 307,2365 352,2368 397,2368 441,2368 486,2368 531,2368 576,2368 621,2368 665,2368 710,2368 755,2371 800,2371 845,2371 889,2371 934,2371 979,2371 1024,2371 1069,2371 1113,2371 1158,2371 1203,2371 1248,2371 1269,2368"/><TextEquiv><Unicode>HERMANN, se laissant tomber dans le fauteuil du</Unicode></TextEquiv></TextLine><TextLine id="tr_1779379481_tl_2" custom="readingOrder {index:1;}"><Coords points="218,2420 258,2437 270,2428 305,2433 316,2422 401,2440 433,2425 480,2428 479,2377 397,2387 384,2375 358,2375 305,2389 217,2363"/><Baseline points="226,2412 271,2415 316,2415 361,2418 406,2415 450,2418 483,2415"/><TextEquiv><Unicode>Comte. Parti!</Unicode></TextEquiv></TextLine><TextLine id="tr_1779379481_tl_3" custom="readingOrder {index:2;}"><Coords points="254,2470 296,2485 312,2474 338,2485 397,2473 439,2489 464,2472 560,2478 560,2434 538,2428 515,2442 490,2429 455,2450 379,2432 254,2433"/><Baseline points="262,2466 307,2469 352,2469 397,2469 441,2469 486,2469 531,2472 564,2472"/><TextEquiv><Unicode>CERTRUDE. Ouf!</Unicode></TextEquiv></TextLine><TextLine id="tr_1779379481_tl_4" custom="readingOrder {index:3;}"><Coords points="263,2528 330,2540 486,2524 591,2540 611,2524 696,2545 730,2531 729,2488 546,2492 508,2476 475,2492 372,2476 262,2489"/><Baseline points="271,2520 316,2520 361,2517 406,2520 450,2520 495,2520 540,2520 585,2520 630,2520 674,2523 719,2523 734,2523"/><TextEquiv><Unicode>KOFF. Five l'Empereur !</Unicode></TextEquiv></TextLine><TextLine id="tr_1779379481_tl_5" custom="readingOrder {index:4;}"><Coords points="263,2593 1269,2583 1269,2545 1181,2532 263,2541"/><Baseline points="271,2568 316,2571 361,2571 406,2571 450,2571 495,2571 540,2571 585,2574 630,2574 674,2574 719,2574 764,2574 809,2574 854,2577 898,2574 943,2577 988,2577 1033,2574 1078,2577 1122,2577 1167,2580 1212,2577 1257,2577 1272,2580"/><TextEquiv><Unicode>CERTRUDE. Si ce répit ne nous avait été donné, j'en</Unicode></TextEquiv></TextLine><TextLine id="tr_1779379481_tl_6" custom="readingOrder {index:5;}"><Coords points="218,2628 1267,2632 1267,2587 218,2577"/><Baseline points="226,2618 271,2618 316,2624 361,2624 406,2624 450,2624 495,2624 540,2624 585,2624 630,2624 674,2624 719,2624 764,2624 809,2627 854,2627 898,2627 943,2627 988,2627 1033,2627 1078,2627 1122,2627 1167,2627 1212,2627 1257,2627 1269,2630"/><TextEquiv><Unicode>serais morte ! Six mois sans que monsieur s'absente!</Unicode></TextEquiv></TextLine><TextLine id="tr_1779379481_tl_7" custom="readingOrder {index:6;}"><Coords points="213,2691 1204,2696 1261,2684 1260,2640 211,2632"/><Baseline points="220,2672 265,2675 310,2675 355,2675 400,2675 444,2675 489,2675 534,2675 579,2675 624,2678 668,2678 713,2678 758,2678 803,2678 848,2678 892,2678 937,2678 982,2678 1027,2678 1072,2678 1116,2678 1161,2681 1206,2678 1251,2678 1263,2675"/><TextEquiv><Unicode>Six mois de silence forcé! Six mois sans que la moin¬</Unicode></TextEquiv></TextLine><TextLine id="tr_1779379481_tl_8" custom="readingOrder {index:7;}"><Coords points="215,2731 1272,2737 1272,2699 1214,2692 215,2688"/><Baseline points="223,2723 268,2726 313,2726 358,2729 403,2726 447,2729 492,2729 537,2729 582,2729 627,2729 671,2729 716,2729 761,2729 806,2729 851,2729 895,2732 940,2732 985,2732 1030,2732 1075,2732 1119,2732 1164,2732 1209,2732 1254,2732 1275,2732"/><TextEquiv><Unicode>dre petite colère ait pu vous être permise ! Cela me</Unicode></TextEquiv></TextLine><TextLine id="tr_1779379481_tl_9" custom="readingOrder {index:8;}"><Coords points="213,2785 1265,2791 1265,2757 1196,2742 213,2751"/><Baseline points="220,2774 265,2777 310,2777 355,2780 400,2780 444,2780 489,2783 534,2783 579,2783 624,2783 668,2783 713,2783 758,2783 803,2783 848,2783 892,2783 937,2786 982,2786 1027,2783 1072,2786 1116,2786 1161,2786 1206,2786 1251,2786 1269,2786"/><TextEquiv><Unicode>calcinait le sang! (Très-vite.) Certes, monsieur est un</Unicode></TextEquiv></TextLine><TextLine id="tr_1779379481_tl_10" custom="readingOrder {index:9;}"><Coords points="213,2838 1269,2853 1269,2795 1232,2791 213,2790"/><Baseline points="220,2824 265,2827 310,2827 355,2830 400,2830 444,2830 489,2836 534,2833 579,2836 624,2836 668,2836 713,2836 758,2836 803,2839 848,2836 892,2836 937,2836 982,2839 1027,2839 1072,2836 1116,2836 1161,2839 1206,2836 1251,2836 1272,2836"/><TextEquiv><Unicode>bon maître, il paie bien, mais, aussi, la contrainte qu'il</Unicode></TextEquiv></TextLine><TextLine id="tr_1779379481_tl_11" custom="readingOrder {index:10;}"><Coords points="214,2890 1243,2906 1252,2849 213,2848"/><Baseline points="220,2875 265,2878 310,2878 355,2881 400,2881 444,2881 489,2884 534,2884 579,2887 624,2887 668,2887 713,2890 758,2890 803,2890 848,2890 892,2890 937,2890 982,2890 1027,2890 1072,2890 1116,2890 1161,2890 1206,2890 1251,2890 1257,2893"/><TextEquiv><Unicode>nous impose est grande ! Tout ce qu’a fait le Créa¬</Unicode></TextEquiv></TextLine><TextLine id="tr_1779379481_tl_12" custom="readingOrder {index:11;}"><Coords points="229,2949 1257,2949 1256,2912 227,2893"/><Baseline points="235,2929 280,2929 325,2929 370,2932 415,2932 459,2935 504,2935 549,2938 594,2938 639,2938 683,2938 728,2941 773,2941 818,2941 863,2941 907,2941 952,2941 997,2944 1042,2944 1086,2944 1131,2944 1176,2944 1221,2944 1260,2944"/><TextEquiv><Unicode>teur a son but ; les pieds nous portent, les mains agis¬</Unicode></TextEquiv></TextLine><TextLine id="tr_1779379481_tl_13" custom="readingOrder {index:12;}"><Coords points="222,2995 1251,3011 1259,2960 221,2953"/><Baseline points="229,2980 274,2980 319,2983 364,2983 409,2980 453,2986 498,2989 543,2989 588,2992 633,2992 677,2992 722,2992 767,2995 812,2992 857,2995 901,2995 946,2995 991,2995 1036,2995 1080,2995 1125,2995 1170,2998 1215,2998 1260,3004 1263,3004"/><TextEquiv><Unicode>sent, les yeux regardent, les oreilles écoutent; ici,</Unicode></TextEquiv></TextLine><TextLine id="tr_1779379481_tl_14" custom="readingOrder {index:13;}"><Coords points="231,3044 1267,3059 1232,3003 230,2989"/><Baseline points="238,3033 283,3030 328,3033 373,3033 418,3036 462,3036 507,3039 552,3039 597,3042 642,3045 686,3045 731,3045 776,3045 821,3045 865,3045 910,3045 955,3045 1000,3045 1045,3045 1089,3048 1134,3048 1179,3048 1224,3048 1269,3051"/><TextEquiv><Unicode>quel est le rôle de la langue? Nul. C'est tout à fait</Unicode></TextEquiv></TextLine><TextLine id="tr_1779379481_tl_15" custom="readingOrder {index:14;}"><Coords points="231,3096 922,3106 920,3052 535,3074 443,3044 369,3063 230,3045"/><Baseline points="238,3078 283,3081 328,3081 373,3084 418,3087 462,3090 507,3090 552,3093 597,3093 642,3096 686,3096 731,3096 776,3099 821,3099 865,3099 910,3099 925,3099"/><TextEquiv><Unicode>comme si l’on en était dépourvu!</Unicode></TextEquiv></TextLine><TextLine id="tr_1779379481_tl_16" custom="readingOrder {index:15;}"><Coords points="263,3143 1079,3162 1078,3114 262,3112"/><Baseline points="271,3129 316,3132 361,3135 406,3135 450,3138 495,3141 540,3144 585,3144 630,3147 674,3147 719,3150 764,3150 809,3153 854,3153 898,3153 943,3153 988,3153 1033,3153 1078,3153 1083,3150"/><TextEquiv><Unicode>HERMANN, à part. Madame se dédommage !</Unicode></TextEquiv></TextLine><TextLine id="tr_1779379481_tl_17" custom="readingOrder {index:16;}"><Coords points="266,3185 1125,3233 1253,3210 1253,3174 1196,3165 266,3159"/><Baseline points="274,3183 319,3186 364,3186 409,3186 453,3189 498,3192 543,3192 588,3195 633,3195 677,3198 722,3198 767,3201 812,3201 857,3204 901,3204 946,3204 991,3207 1036,3207 1080,3207 1125,3210 1170,3207 1215,3207 1257,3204"/><TextEquiv><Unicode>CERTRUDE, continuant. C'est extraordinaire, pour¬</Unicode></TextEquiv></TextLine><TextLine id="tr_1779379481_tl_18" custom="readingOrder {index:17;}"><Coords points="229,3247 1239,3284 1259,3213 227,3202"/><Baseline points="235,3234 280,3237 325,3237 370,3237 415,3237 459,3237 504,3239 549,3239 594,3242 639,3245 683,3248 728,3248 773,3251 818,3251 863,3251 907,3254 952,3257 997,3257 1042,3257 1086,3257 1131,3260 1176,3260 1221,3260 1263,3263"/><TextEquiv><Unicode>tant, que monsieur ait ainsi pris en grippe tout ce qui,</Unicode></TextEquiv></TextLine><TextLine id="tr_1779379481_tl_19" custom="readingOrder {index:18;}"><Coords points="218,3300 1256,3338 1229,3277 217,3254"/><Baseline points="226,3284 271,3287 316,3287 361,3287 406,3287 450,3287 495,3290 540,3290 585,3293 630,3296 674,3296 719,3299 764,3299 809,3299 854,3302 898,3302 943,3305 988,3305 1033,3305 1078,3308 1122,3311 1167,3311 1212,3314 1257,3311"/><TextEquiv><Unicode>sous le soleil, cause, rit ou chante; c’est une singu¬</Unicode></TextEquiv></TextLine><TextLine id="tr_1779379481_tl_20" custom="readingOrder {index:19;}"><Coords points="219,3341 1263,3377 1261,3340 1150,3317 218,3300"/><Baseline points="226,3335 271,3338 316,3338 361,3338 406,3338 450,3341 495,3341 540,3344 585,3344 630,3344 674,3344 719,3347 764,3350 809,3350 854,3353 898,3353 943,3356 988,3356 1033,3359 1078,3359 1122,3359 1167,3362 1212,3362 1257,3365 1263,3365"/><TextEquiv><Unicode>lière manie; vous n’en devenez pas la raison, mon¬</Unicode></TextEquiv></TextLine><TextLine id="tr_1779379481_tl_21" custom="readingOrder {index:20;}"><Coords points="222,3395 318,3399 332,3411 357,3399 416,3408 437,3397 461,3411 479,3400 536,3403 535,3349 508,3362 405,3365 357,3345 298,3358 261,3346 221,3366"/><Baseline points="229,3389 274,3389 319,3389 364,3389 409,3389 453,3392 498,3392 540,3395"/><TextEquiv><Unicode>sieur Hermann?</Unicode></TextEquiv></TextLine><TextLine id="tr_1779379481_tl_22" custom="readingOrder {index:21;}"><Coords points="261,3456 881,3465 912,3463 912,3419 823,3392 516,3420 259,3407"/><Baseline points="268,3440 313,3443 358,3443 403,3443 447,3446 492,3446 537,3446 582,3449 627,3449 671,3452 716,3452 761,3452 806,3452 851,3452 895,3452 916,3454"/><TextEquiv><Unicode>HERMANN. Je ne l'ai pas cherchée.</Unicode></TextEquiv></TextLine><TextLine id="tr_1779379481_tl_23" custom="readingOrder {index:22;}"><Coords points="261,3498 1260,3524 1237,3475 261,3453"/><Baseline points="268,3493 313,3496 358,3493 403,3496 447,3496 492,3496 537,3499 582,3499 627,3499 671,3502 716,3502 761,3505 806,3505 851,3505 895,3505 940,3505 985,3508 1030,3508 1075,3514 1119,3514 1164,3514 1209,3517 1254,3520 1263,3520"/><TextEquiv><Unicode>CERTRUDE. En creusant profondément, je crois</Unicode></TextEquiv></TextLine><TextLine id="tr_1779379481_tl_24" custom="readingOrder {index:23;}"><Coords points="223,3584 324,3552 804,3570 836,3562 836,3516 480,3503 222,3522"/><Baseline points="229,3550 274,3547 319,3547 364,3547 409,3547 453,3547 498,3550 543,3550 588,3553 633,3553 677,3553 722,3553 767,3556 812,3556 839,3559"/><TextEquiv><Unicode>qu'on arriverait à la découvrir.</Unicode></TextEquiv></TextLine><TextLine id="tr_1779379481_tl_25" custom="readingOrder {index:24;}"><Coords points="258,3618 447,3605 559,3623 627,3617 626,3566 558,3564 539,3578 503,3559 443,3575 405,3562 257,3567"/><Baseline points="265,3601 310,3601 355,3601 400,3601 444,3601 489,3601 534,3601 579,3604 624,3604 630,3604"/><TextEquiv><Unicode>HERMANN. Creusez!</Unicode></TextEquiv></TextLine><TextLine id="tr_1779379481_tl_26" custom="readingOrder {index:25;}"><Coords points="254,3659 1264,3697 1263,3614 1189,3651 760,3605 713,3634 253,3618"/><Baseline points="262,3652 307,3655 352,3655 397,3655 441,3655 486,3655 531,3655 576,3655 621,3658 665,3658 710,3658 755,3658 800,3661 845,3661 889,3664 934,3664 979,3664 1024,3667 1069,3667 1113,3670 1158,3670 1203,3672 1248,3672 1266,3675"/><TextEquiv><Unicode>GERTRUDE. A propos de rires et de cbants, il y a, en</Unicode></TextEquiv></TextLine><TextLine id="tr_1779379481_tl_27" custom="readingOrder {index:26;}"><Coords points="215,3712 1261,3738 1210,3681 214,3659"/><Baseline points="223,3702 268,3705 313,3708 358,3711 403,3708 447,3708 492,3708 537,3708 582,3708 627,3708 671,3708 716,3711 761,3711 806,3714 851,3717 895,3714 940,3714 985,3717 1030,3717 1075,3717 1119,3720 1164,3723 1209,3723 1254,3726 1263,3723"/><TextEquiv><Unicode>bas, la petite ouvrière, Lisbeth, la plus rieuse créa¬</Unicode></TextEquiv></TextLine><TextLine id="tr_1779379481_tl_28" custom="readingOrder {index:27;}"><Coords points="219,3758 289,3797 1275,3781 1273,3737 1150,3726 218,3712"/><Baseline points="226,3753 271,3756 316,3759 361,3762 406,3762 450,3762 495,3762 540,3759 585,3762 630,3762 674,3762 719,3762 764,3762 809,3765 854,3765 898,3765 943,3768 988,3768 1033,3768 1078,3771 1122,3771 1167,3774 1212,3774 1257,3777 1278,3777"/><TextEquiv><Unicode>ture du pays, qui, tous les soirs, en retournant chez</Unicode></TextEquiv></TextLine><TextEquiv><Unicode></Unicode></TextEquiv></TextRegion><TextRegion id="tr_1779379486" custom="readingOrder {index:6;} structure {type:footer;score:0.99;}"><Coords points="387,3785 1051,3785 1051,3850 387,3850"/><TextLine id="tr_1779379486_tl_1" custom="readingOrder {index:0;}"><Coords points="408,3843 722,3823 1011,3839 1011,3788 991,3781 408,3788"/><Baseline points="415,3819 459,3819 504,3819 549,3819 594,3816 639,3813 683,3819 728,3819 773,3816 818,3822 863,3825 907,3822 952,3825 997,3825 1015,3825"/><TextEquiv><Unicode>VINGT-CINQUÈME ANNÈE. — No IX.</Unicode></TextEquiv></TextLine><TextEquiv><Unicode></Unicode></TextEquiv></TextRegion><TextRegion id="tr_1779379483" custom="readingOrder {index:7;} structure {type:paragraph;score:0.99;}"><Coords points="1339,333 2462,345 2468,3123 1334,3159"/><TextLine id="tr_1779379483_tl_1" custom="readingOrder {index:0;}"><Coords points="1351,393 2409,427 2406,353 1350,345"/><Baseline points="1358,382 1403,382 1448,382 1493,382 1537,382 1582,382 1627,382 1672,385 1717,388 1761,388 1806,391 1851,394 1896,397 1941,397 1985,400 2030,400 2075,403 2120,406 2164,406 2209,409 2254,409 2299,412 2344,412 2388,412 2409,415"/><TextEquiv><Unicode>sa mère, et pour se remettre d’avoir tenu sa bouche</Unicode></TextEquiv></TextLine><TextLine id="tr_1779379483_tl_2" custom="readingOrder {index:1;}"><Coords points="1351,452 2408,471 2406,425 2343,416 1350,392"/><Baseline points="1358,435 1403,435 1448,432 1493,435 1537,435 1582,435 1627,432 1672,435 1717,435 1761,438 1806,438 1851,441 1896,444 1941,447 1985,450 2030,453 2075,453 2120,456 2164,456 2209,456 2254,459 2299,462 2344,462 2388,465 2409,462"/><TextEquiv><Unicode>close tout le jour, crie et chante à tue-tête dans</Unicode></TextEquiv></TextLine><TextLine id="tr_1779379483_tl_3" custom="readingOrder {index:2;}"><Coords points="1348,508 2402,534 2401,472 1347,444"/><Baseline points="1355,489 1400,486 1445,489 1490,489 1534,486 1579,486 1624,486 1669,486 1714,489 1758,489 1803,489 1848,492 1893,495 1938,498 1982,501 2027,504 2072,504 2117,507 2161,510 2206,510 2251,510 2296,513 2341,516 2385,516 2406,522"/><TextEquiv><Unicode>les bois... Koff, petit singe... Mais regardez donc,</Unicode></TextEquiv></TextLine><TextLine id="tr_1779379483_tl_4" custom="readingOrder {index:3;}"><Coords points="1351,554 2408,571 2406,535 2296,516 1350,511"/><Baseline points="1358,540 1403,543 1448,543 1493,543 1537,543 1582,543 1627,540 1672,540 1717,540 1761,540 1806,540 1851,546 1896,543 1941,546 1985,546 2030,552 2075,555 2120,558 2164,561 2209,561 2254,564 2299,564 2344,567 2388,567 2409,564"/><TextEquiv><Unicode>monsieur Hermann, si, grimpé comme le voilà, ce</Unicode></TextEquiv></TextLine><TextLine id="tr_1779379483_tl_5" custom="readingOrder {index:4;}"><Coords points="1351,613 2403,625 2402,582 2313,571 1350,554"/><Baseline points="1358,594 1403,597 1448,597 1493,597 1537,597 1582,597 1627,597 1672,594 1717,594 1761,594 1806,594 1851,594 1896,594 1941,597 1985,597 2030,600 2075,603 2120,606 2164,612 2209,615 2254,615 2299,618 2344,618 2388,618 2406,618"/><TextEquiv><Unicode>Koff n’a pas l’air d’un véritable singe ! (Koff imite le</Unicode></TextEquiv></TextLine><TextLine id="tr_1779379483_tl_6" custom="readingOrder {index:5;}"><Coords points="1348,669 2399,675 2358,621 1348,625"/><Baseline points="1355,650 1400,650 1445,650 1490,653 1534,650 1579,650 1624,650 1669,650 1714,650 1758,650 1803,647 1848,647 1893,647 1938,647 1982,650 2027,650 2072,650 2117,653 2161,659 2206,659 2251,665 2296,668 2341,668 2385,668 2403,665"/><TextEquiv><Unicode>singe.) Ah ! brave ! brave! ce sont leurs yeux mou¬</Unicode></TextEquiv></TextLine><TextLine id="tr_1779379483_tl_7" custom="readingOrder {index:6;}"><Coords points="1356,713 2405,736 2414,686 1355,673"/><Baseline points="1364,704 1409,704 1454,704 1499,704 1543,704 1588,704 1633,704 1678,704 1723,704 1767,704 1812,704 1857,704 1902,704 1946,701 1991,701 2036,701 2081,701 2126,704 2170,707 2215,710 2260,713 2305,716 2350,719 2394,719 2418,719"/><TextEquiv><Unicode>vants! C'est leur laide primace! Bravo! J'idolâtre les</Unicode></TextEquiv></TextLine><TextLine id="tr_1779379483_tl_8" custom="readingOrder {index:7;}"><Coords points="1351,768 2409,784 2409,736 2358,726 1351,710"/><Baseline points="1358,755 1403,755 1448,755 1493,755 1537,758 1582,758 1627,758 1672,761 1717,761 1761,758 1806,758 1851,758 1896,758 1941,758 1985,758 2030,755 2075,755 2120,758 2164,758 2209,761 2254,764 2299,764 2344,767 2388,770 2412,773"/><TextEquiv><Unicode>singes, moi ! J'en ai eu un, dans le temps, avant que</Unicode></TextEquiv></TextLine><TextLine id="tr_1779379483_tl_9" custom="readingOrder {index:8;}"><Coords points="1354,812 2409,828 2409,782 2216,765 1354,768"/><Baseline points="1361,806 1406,806 1451,806 1496,809 1540,809 1585,809 1630,809 1675,812 1720,812 1764,812 1809,812 1854,812 1899,812 1943,809 1988,812 2033,812 2078,812 2123,812 2167,812 2212,812 2257,812 2302,815 2347,818 2391,818 2412,818"/><TextEquiv><Unicode>de m’enterrer ici toute vive, j’en ai eu un qui a joué</Unicode></TextEquiv></TextLine><TextLine id="tr_1779379483_tl_10" custom="readingOrder {index:9;}"><Coords points="1348,865 2414,879 2414,833 2363,824 1348,820"/><Baseline points="1355,857 1400,857 1445,857 1490,857 1534,860 1579,863 1624,863 1669,865 1714,865 1758,865 1803,865 1848,868 1893,868 1938,865 1982,865 2027,865 2072,865 2117,865 2161,865 2206,865 2251,865 2296,868 2341,868 2385,868 2418,871"/><TextEquiv><Unicode>un tour bien amusant à une vieille coquette de ma</Unicode></TextEquiv></TextLine><TextLine id="tr_1779379483_tl_11" custom="readingOrder {index:10;}"><Coords points="1344,919 1403,928 1423,915 1493,918 1574,935 1609,920 1657,926 1657,899 1629,904 1582,877 1499,871 1414,885 1386,872 1343,877"/><Baseline points="1352,907 1397,910 1442,910 1487,910 1531,910 1576,913 1621,916 1660,916"/><TextEquiv><Unicode>connaissance...</Unicode></TextEquiv></TextLine><TextLine id="tr_1779379483_tl_12" custom="readingOrder {index:11;}"><Coords points="1392,982 2409,991 2394,924 1392,934"/><Baseline points="1400,961 1445,961 1490,964 1534,964 1579,964 1624,967 1669,967 1714,967 1758,967 1803,970 1848,973 1893,973 1938,973 1982,973 2027,973 2072,973 2117,973 2161,973 2206,973 2251,973 2296,973 2341,973 2385,973 2412,970"/><TextEquiv><Unicode>HERMANN. Vous avez de bien vilaines connaissances !</Unicode></TextEquiv></TextLine><TextLine id="tr_1779379483_tl_13" custom="readingOrder {index:12;}"><Coords points="1391,1035 2414,1039 2413,998 2264,979 2161,1008 1390,982"/><Baseline points="1397,1012 1442,1015 1487,1015 1531,1018 1576,1018 1621,1018 1666,1021 1711,1018 1755,1021 1800,1021 1845,1021 1890,1024 1935,1024 1979,1027 2024,1027 2069,1027 2114,1027 2159,1024 2203,1030 2248,1030 2293,1030 2338,1030 2382,1030 2418,1030"/><TextEquiv><Unicode>CERTRUDE. Laissez-moi donc parler! — Cette dame</Unicode></TextEquiv></TextLine><TextLine id="tr_1779379483_tl_14" custom="readingOrder {index:13;}"><Coords points="1342,1075 2337,1101 2406,1083 2406,1039 1966,1057 1340,1014"/><Baseline points="1349,1066 1394,1066 1439,1066 1484,1069 1528,1069 1573,1072 1618,1069 1663,1072 1708,1072 1752,1072 1797,1075 1842,1075 1887,1075 1932,1078 1976,1078 2021,1078 2066,1078 2111,1080 2156,1080 2200,1080 2245,1080 2290,1083 2335,1080 2379,1080 2409,1080"/><TextEquiv><Unicode>ne voulait pas déguerpir de ses vingt-cinq ans, et por¬</Unicode></TextEquiv></TextLine><TextLine id="tr_1779379483_tl_15" custom="readingOrder {index:14;}"><Coords points="1350,1141 2409,1145 2408,1095 1348,1086"/><Baseline points="1355,1119 1400,1119 1445,1119 1490,1119 1534,1122 1579,1122 1624,1122 1669,1122 1714,1122 1758,1125 1803,1125 1848,1125 1893,1125 1938,1128 1982,1128 2027,1128 2072,1131 2117,1131 2161,1131 2206,1134 2251,1134 2296,1134 2341,1134 2385,1134 2412,1134"/><TextEquiv><Unicode>tait une perruque à l’enfant. Elle offensa Coco, je ne</Unicode></TextEquiv></TextLine><TextLine id="tr_1779379483_tl_16" custom="readingOrder {index:15;}"><Coords points="1348,1178 2410,1193 2410,1157 2337,1144 1348,1141"/><Baseline points="1355,1170 1400,1173 1445,1173 1490,1173 1534,1176 1579,1176 1624,1176 1669,1176 1714,1176 1758,1176 1803,1176 1848,1179 1893,1176 1938,1179 1982,1179 2027,1179 2072,1182 2117,1182 2161,1182 2206,1185 2251,1185 2296,1188 2341,1185 2385,1185 2412,1182"/><TextEquiv><Unicode>me rappelle plus comment; Coco médita sa ven¬</Unicode></TextEquiv></TextLine><TextLine id="tr_1779379483_tl_17" custom="readingOrder {index:16;}"><Coords points="1354,1240 2406,1252 2406,1205 2314,1189 1354,1194"/><Baseline points="1361,1224 1406,1227 1451,1227 1496,1227 1540,1230 1585,1230 1630,1230 1675,1230 1720,1230 1764,1230 1809,1230 1854,1230 1899,1230 1943,1230 1988,1230 2033,1233 2078,1233 2123,1233 2167,1233 2212,1236 2257,1239 2302,1239 2347,1239 2391,1239 2409,1239"/><TextEquiv><Unicode>geance : un jour, qu’il lui parait avoir trouvé sa</Unicode></TextEquiv></TextLine><TextLine id="tr_1779379483_tl_18" custom="readingOrder {index:17;}"><Coords points="1351,1293 2409,1311 2386,1245 1351,1240"/><Baseline points="1358,1278 1403,1278 1448,1281 1493,1281 1537,1281 1582,1284 1627,1284 1672,1284 1717,1284 1761,1284 1806,1284 1851,1284 1896,1284 1941,1284 1985,1284 2030,1284 2075,1284 2120,1284 2164,1287 2209,1287 2254,1290 2299,1290 2344,1290 2388,1290 2412,1293"/><TextEquiv><Unicode>belle, il se gratte, juste, ainsi que fait Koff en ce</Unicode></TextEquiv></TextLine><TextLine id="tr_1779379483_tl_19" custom="readingOrder {index:18;}"><Coords points="1348,1338 2412,1350 2412,1313 2284,1292 1348,1303"/><Baseline points="1355,1328 1400,1331 1445,1331 1490,1331 1534,1331 1579,1331 1624,1334 1669,1334 1714,1334 1758,1334 1803,1334 1848,1334 1893,1334 1938,1334 1982,1337 2027,1337 2072,1337 2117,1337 2161,1337 2206,1340 2251,1340 2296,1340 2341,1340 2385,1343 2415,1340"/><TextEquiv><Unicode>moment même, il montre ses grandes vilaines dents</Unicode></TextEquiv></TextLine><TextLine id="tr_1779379483_tl_20" custom="readingOrder {index:19;}"><Coords points="1354,1400 2395,1414 2412,1364 1352,1344"/><Baseline points="1361,1382 1406,1382 1451,1382 1496,1382 1540,1382 1585,1382 1630,1385 1675,1385 1720,1385 1764,1385 1809,1385 1854,1385 1899,1388 1943,1388 1988,1388 2033,1388 2078,1388 2123,1388 2167,1391 2212,1394 2257,1394 2302,1394 2347,1394 2391,1397 2415,1400"/><TextEquiv><Unicode>jaunes, s’élande sur la dame, lui enlève sa perruque,</Unicode></TextEquiv></TextLine><TextLine id="tr_1779379483_tl_21" custom="readingOrder {index:20;}"><Coords points="1348,1438 2410,1451 2410,1414 2307,1402 1348,1402"/><Baseline points="1355,1430 1400,1433 1445,1433 1490,1433 1534,1433 1579,1433 1624,1433 1669,1436 1714,1436 1758,1439 1803,1436 1848,1436 1893,1436 1938,1436 1982,1439 2027,1439 2072,1439 2117,1439 2161,1442 2206,1442 2251,1442 2296,1445 2341,1445 2385,1445 2412,1448"/><TextEquiv><Unicode>et, de cette façon, met à nu un crâne très-laid, sur</Unicode></TextEquiv></TextLine><TextLine id="tr_1779379483_tl_22" custom="readingOrder {index:21;}"><Coords points="1351,1490 2412,1502 2410,1451 1351,1443"/><Baseline points="1358,1484 1403,1484 1448,1484 1493,1484 1537,1484 1582,1487 1627,1484 1672,1487 1717,1487 1761,1487 1806,1487 1851,1487 1896,1487 1941,1487 1985,1487 2030,1490 2075,1490 2120,1490 2164,1490 2209,1493 2254,1493 2299,1496 2344,1496 2388,1496 2415,1499"/><TextEquiv><Unicode>lequel folâtraient quatre cheveux gris. « Coco, Coco !</Unicode></TextEquiv></TextLine><TextLine id="tr_1779379483_tl_23" custom="readingOrder {index:22;}"><Coords points="1351,1546 2412,1558 2410,1515 2343,1503 1351,1502"/><Baseline points="1358,1531 1403,1534 1448,1534 1493,1537 1537,1537 1582,1537 1627,1537 1672,1537 1717,1537 1761,1540 1806,1540 1851,1540 1896,1537 1941,1540 1985,1540 2030,1540 2075,1540 2120,1543 2164,1543 2209,1543 2254,1546 2299,1546 2344,1549 2388,1549 2415,1549"/><TextEquiv><Unicode>rends-moi ma perruque! » criait la dame d'un ton</Unicode></TextEquiv></TextLine><TextLine id="tr_1779379483_tl_24" custom="readingOrder {index:23;}"><Coords points="1344,1598 2377,1614 2413,1562 1343,1543"/><Baseline points="1352,1585 1397,1588 1442,1588 1487,1588 1531,1588 1576,1588 1621,1591 1666,1591 1711,1591 1755,1591 1800,1591 1845,1588 1890,1591 1935,1591 1979,1591 2024,1594 2069,1594 2114,1594 2159,1594 2203,1594 2248,1597 2293,1597 2338,1597 2382,1600 2415,1600"/><TextEquiv><Unicode>lamentable. Mais Coco s'était allé réfugier sur le bord</Unicode></TextEquiv></TextLine><TextLine id="tr_1779379483_tl_25" custom="readingOrder {index:24;}"><Coords points="1344,1645 2420,1656 2402,1609 1344,1598"/><Baseline points="1352,1642 1397,1642 1442,1642 1487,1642 1531,1642 1576,1642 1621,1642 1666,1645 1711,1642 1755,1642 1800,1645 1845,1645 1890,1645 1935,1645 1979,1645 2024,1645 2069,1645 2114,1648 2159,1648 2203,1648 2248,1648 2293,1648 2338,1651 2382,1651 2421,1651"/><TextEquiv><Unicode>d’un auvent de premier étage, et lorsqu’on parvint</Unicode></TextEquiv></TextLine><TextLine id="tr_1779379483_tl_26" custom="readingOrder {index:25;}"><Coords points="1354,1709 2409,1712 2394,1657 1354,1653"/><Baseline points="1361,1693 1406,1693 1451,1696 1496,1696 1540,1696 1585,1696 1630,1696 1675,1696 1720,1696 1764,1696 1809,1696 1854,1699 1899,1699 1943,1696 1988,1696 2033,1699 2078,1699 2123,1699 2167,1702 2212,1702 2257,1702 2302,1702 2347,1705 2391,1705 2412,1705"/><TextEquiv><Unicode>jusqu’à lui, il ne restait plus vestige de la perruque !...</Unicode></TextEquiv></TextLine><TextLine id="tr_1779379483_tl_27" custom="readingOrder {index:26;}"><Coords points="1384,1770 1457,1752 1727,1771 1982,1756 1982,1711 1906,1705 1855,1723 1590,1700 1384,1721"/><Baseline points="1391,1743 1436,1746 1481,1746 1525,1746 1570,1749 1615,1749 1660,1749 1705,1749 1749,1749 1794,1749 1839,1749 1884,1749 1929,1749 1973,1749 1985,1749"/><TextEquiv><Unicode>HERMANN. Il était gentil, Coco!</Unicode></TextEquiv></TextLine><TextLine id="tr_1779379483_tl_28" custom="readingOrder {index:27;}"><Coords points="1392,1803 2406,1822 2405,1760 2350,1749 1392,1776"/><Baseline points="1400,1800 1445,1800 1490,1800 1534,1800 1579,1800 1624,1800 1669,1800 1714,1800 1758,1800 1803,1800 1848,1800 1893,1800 1938,1803 1982,1800 2027,1803 2072,1803 2117,1803 2161,1803 2206,1803 2251,1803 2296,1806 2341,1806 2385,1806 2409,1806"/><TextEquiv><Unicode>CERTRUDE. Pauvre Côco! Il est mort, dans d'horri¬</Unicode></TextEquiv></TextLine><TextLine id="tr_1779379483_tl_29" custom="readingOrder {index:28;}"><Coords points="1348,1860 2363,1863 2363,1819 2305,1815 1348,1799"/><Baseline points="1355,1851 1400,1851 1445,1851 1490,1851 1534,1854 1579,1854 1624,1854 1669,1854 1714,1854 1758,1854 1803,1854 1848,1854 1893,1854 1938,1854 1982,1854 2027,1854 2072,1854 2117,1854 2161,1857 2206,1857 2251,1857 2296,1857 2341,1860 2365,1857"/><TextEquiv><Unicode>bles douleurs, d'un souper d’allumettes chimiques !</Unicode></TextEquiv></TextLine><TextLine id="tr_1779379483_tl_30" custom="readingOrder {index:29;}"><Coords points="1387,1922 1416,1926 1440,1909 1482,1915 1502,1906 1519,1917 1577,1910 1617,1922 1657,1911 1657,1864 1589,1863 1561,1874 1521,1863 1499,1879 1477,1866 1451,1877 1387,1877"/><Baseline points="1394,1902 1439,1905 1484,1905 1528,1905 1573,1905 1618,1905 1660,1908"/><TextEquiv><Unicode>KOFF. Pouah!</Unicode></TextEquiv></TextLine><TextLine id="tr_1779379483_tl_31" custom="readingOrder {index:30;}"><Coords points="1390,1971 2399,1979 2399,1942 2292,1909 1390,1923"/><Baseline points="1397,1955 1442,1955 1487,1955 1531,1958 1576,1958 1621,1955 1666,1958 1711,1958 1755,1958 1800,1958 1845,1958 1890,1958 1935,1958 1979,1958 2024,1958 2069,1958 2114,1958 2159,1958 2203,1961 2248,1961 2293,1961 2338,1961 2382,1961 2403,1958"/><TextEquiv><Unicode>GERTRUDE. Un soir, qu’il était resté seul, il décou¬</Unicode></TextEquiv></TextLine><TextLine id="tr_1779379483_tl_32" custom="readingOrder {index:31;}"><Coords points="1351,2009 2406,2029 2406,1982 2264,1966 1351,1974"/><Baseline points="1358,2003 1403,2006 1448,2009 1493,2009 1537,2009 1582,2009 1627,2009 1672,2009 1717,2006 1761,2009 1806,2009 1851,2009 1896,2009 1941,2009 1985,2009 2030,2009 2075,2009 2120,2012 2164,2012 2209,2012 2254,2012 2299,2012 2344,2015 2388,2015 2409,2015"/><TextEquiv><Unicode>vrit mes allumettes dans le coin où je les tenais ca¬</Unicode></TextEquiv></TextLine><TextLine id="tr_1779379483_tl_33" custom="readingOrder {index:32;}"><Coords points="1348,2069 2403,2073 2403,2026 2354,2022 1348,2021"/><Baseline points="1355,2057 1400,2060 1445,2060 1490,2060 1534,2063 1579,2063 1624,2060 1669,2063 1714,2060 1758,2060 1803,2063 1848,2060 1893,2063 1938,2063 1982,2063 2027,2063 2072,2063 2117,2063 2161,2063 2206,2066 2251,2066 2296,2066 2341,2066 2385,2066 2406,2069"/><TextEquiv><Unicode>chées, et n’en laissa pas une qui ne fût grignotée !</Unicode></TextEquiv></TextLine><TextLine id="tr_1779379483_tl_34" custom="readingOrder {index:33;}"><Coords points="1348,2123 2403,2139 2403,2082 2319,2073 1620,2070 1561,2100 1348,2069"/><Baseline points="1355,2111 1400,2114 1445,2114 1490,2114 1534,2114 1579,2114 1624,2114 1669,2114 1714,2114 1758,2114 1803,2114 1848,2114 1893,2114 1938,2114 1982,2114 2027,2117 2072,2114 2117,2117 2161,2117 2206,2120 2251,2120 2296,2120 2341,2120 2385,2120 2406,2120"/><TextEquiv><Unicode>C’était un goût bizarre, mais on prétend que tous</Unicode></TextEquiv></TextLine><TextLine id="tr_1779379483_tl_35" custom="readingOrder {index:34;}"><Coords points="1348,2168 1935,2179 1935,2143 1881,2125 1783,2141 1745,2121 1705,2140 1621,2120 1578,2141 1486,2124 1422,2147 1348,2121"/><Baseline points="1355,2161 1400,2164 1445,2164 1490,2164 1534,2167 1579,2167 1624,2167 1669,2167 1714,2167 1758,2167 1803,2167 1848,2167 1893,2167 1938,2170"/><TextEquiv><Unicode>les goûts sont dans la nature.</Unicode></TextEquiv></TextLine><TextLine id="tr_1779379483_tl_36" custom="readingOrder {index:35;}"><Coords points="1390,2232 1582,2222 1732,2239 1890,2222 1890,2173 1826,2194 1791,2179 1729,2194 1673,2172 1390,2194"/><Baseline points="1397,2215 1442,2218 1487,2218 1531,2218 1576,2218 1621,2221 1666,2218 1711,2221 1755,2218 1800,2218 1845,2218 1890,2218 1893,2218"/><TextEquiv><Unicode>HERMANN. On le prétend!</Unicode></TextEquiv></TextLine><TextLine id="tr_1779379483_tl_37" custom="readingOrder {index:36;}"><Coords points="1392,2272 2401,2280 2370,2223 2149,2238 2050,2204 1921,2243 1392,2243"/><Baseline points="1400,2272 1445,2272 1490,2272 1534,2272 1579,2272 1624,2269 1669,2272 1714,2272 1758,2272 1803,2269 1848,2269 1893,2272 1938,2272 1982,2269 2027,2272 2072,2272 2117,2272 2161,2272 2206,2272 2251,2275 2296,2272 2341,2272 2385,2275 2403,2272"/><TextEquiv><Unicode>CERTRUDE. Que disais-je donc? Coco m’a fait perdre</Unicode></TextEquiv></TextLine><TextLine id="tr_1779379483_tl_38" custom="readingOrder {index:37;}"><Coords points="1342,2334 2406,2338 2406,2295 2255,2278 1342,2280"/><Baseline points="1349,2323 1388,2323 1433,2323 1478,2323 1522,2323 1567,2323 1612,2323 1657,2323 1702,2323 1746,2323 1791,2323 1836,2323 1881,2323 1926,2323 1973,2320 1973,2320 2018,2323 2063,2323 2108,2323 2153,2323 2197,2326 2242,2323 2287,2323 2332,2326 2376,2326 2409,2323"/><TextEquiv><Unicode>le fil de mon discours... Bon! j’y suis. Koff, allez nous</Unicode></TextEquiv></TextLine><TextLine id="tr_1779379483_tl_39" custom="readingOrder {index:38;}"><Coords points="1342,2382 2406,2394 2406,2355 2220,2334 1342,2334"/><Baseline points="1349,2374 1394,2376 1439,2376 1484,2376 1528,2376 1573,2376 1618,2376 1663,2376 1708,2376 1752,2376 1797,2376 1842,2376 1887,2376 1932,2376 1976,2376 2021,2376 2066,2376 2111,2376 2156,2376 2200,2376 2245,2376 2290,2376 2335,2376 2379,2379 2409,2382"/><TextEquiv><Unicode>chercher Lisbeth. Il me semble, monsieur Hermann,</Unicode></TextEquiv></TextLine><TextLine id="tr_1779379483_tl_40" custom="readingOrder {index:39;}"><Coords points="1354,2445 2412,2445 2412,2397 2358,2383 1354,2391"/><Baseline points="1361,2430 1406,2430 1451,2430 1496,2430 1540,2427 1585,2427 1630,2427 1675,2427 1720,2427 1764,2427 1809,2427 1854,2427 1899,2427 1943,2427 1988,2427 2033,2427 2078,2427 2123,2427 2167,2427 2212,2430 2257,2430 2302,2430 2347,2430 2391,2430 2415,2430"/><TextEquiv><Unicode>que, puisque nous voilà seuls, il n’y a point de mal à</Unicode></TextEquiv></TextLine><TextLine id="tr_1779379483_tl_41" custom="readingOrder {index:40;}"><Coords points="1351,2498 2406,2500 2406,2442 1351,2453"/><Baseline points="1358,2481 1403,2481 1448,2481 1493,2481 1537,2481 1582,2481 1627,2481 1672,2481 1717,2481 1761,2481 1806,2481 1851,2481 1896,2481 1941,2481 1985,2481 2030,2481 2075,2481 2120,2481 2164,2481 2209,2481 2254,2481 2299,2481 2344,2481 2388,2481 2409,2481"/><TextEquiv><Unicode>ce que nous nous offrions une journée de plaisir; elle</Unicode></TextEquiv></TextLine><TextLine id="tr_1779379483_tl_42" custom="readingOrder {index:41;}"><Coords points="1344,2543 1905,2539 1905,2490 1693,2506 1658,2488 1463,2510 1344,2496"/><Baseline points="1352,2532 1397,2532 1442,2529 1487,2532 1531,2532 1576,2535 1621,2532 1666,2532 1711,2532 1755,2532 1800,2532 1845,2532 1890,2532 1908,2532"/><TextEquiv><Unicode>nous est légitimement due !</Unicode></TextEquiv></TextLine><TextLine id="tr_1779379483_tl_43" custom="readingOrder {index:42;}"><Coords points="1387,2597 1469,2608 1617,2584 1661,2605 1747,2587 1963,2604 1963,2548 1882,2539 1854,2557 1601,2540 1577,2559 1387,2555"/><Baseline points="1394,2580 1439,2583 1484,2583 1528,2583 1573,2583 1618,2583 1663,2583 1708,2583 1752,2583 1797,2583 1842,2583 1887,2583 1932,2583 1967,2583"/><TextEquiv><Unicode>HERMANN. J'appuie la motion.</Unicode></TextEquiv></TextLine><TextLine id="tr_1779379483_tl_44" custom="readingOrder {index:43;}"><Coords points="1390,2639 1743,2656 1763,2640 1788,2658 1966,2643 1966,2604 1881,2591 1390,2608"/><Baseline points="1397,2633 1442,2633 1487,2633 1531,2633 1576,2633 1621,2633 1666,2633 1711,2633 1755,2633 1800,2633 1845,2636 1890,2633 1935,2633 1970,2636"/><TextEquiv><Unicode>CERTRUDE. Alors, je propose...</Unicode></TextEquiv></TextLine><TextLine id="tr_1779379483_tl_45" custom="readingOrder {index:44;}"><Coords points="1390,2692 2318,2699 2286,2644 1390,2655"/><Baseline points="1397,2684 1442,2684 1487,2684 1531,2687 1576,2684 1621,2684 1666,2684 1711,2684 1755,2684 1800,2684 1845,2687 1890,2687 1935,2687 1979,2687 2024,2684 2069,2684 2114,2684 2159,2684 2203,2684 2248,2684 2293,2684 2320,2684"/><TextEquiv><Unicode>HERMANN. Un déjeuner succulent et substantiel.</Unicode></TextEquiv></TextLine><TextLine id="tr_1779379483_tl_46" custom="readingOrder {index:45;}"><Coords points="1395,2742 2377,2757 2361,2694 1395,2707"/><Baseline points="1403,2738 1448,2738 1493,2738 1537,2738 1582,2735 1627,2735 1672,2735 1717,2735 1761,2735 1806,2738 1851,2738 1896,2738 1941,2738 1985,2735 2030,2738 2075,2735 2120,2738 2164,2738 2209,2738 2254,2738 2299,2738 2344,2738 2379,2738"/><TextEquiv><Unicode>GERTRUDE. Une promenade en calèche découverte.</Unicode></TextEquiv></TextLine><TextLine id="tr_1779379483_tl_47" custom="readingOrder {index:46;}"><Coords points="1392,2801 2363,2805 2362,2751 2303,2745 1392,2766"/><Baseline points="1400,2792 1445,2789 1490,2789 1534,2789 1579,2789 1624,2789 1669,2789 1714,2789 1758,2789 1803,2789 1848,2789 1893,2789 1938,2789 1982,2789 2027,2789 2072,2789 2117,2789 2161,2789 2206,2789 2251,2789 2296,2792 2341,2792 2365,2792"/><TextEquiv><Unicode>KOFF. Un bal ! Je valserai avec maman Gertrude !</Unicode></TextEquiv></TextLine><TextLine id="tr_1779379483_tl_48" custom="readingOrder {index:47;}"><Coords points="1392,2861 2133,2849 2125,2799 1392,2801"/><Baseline points="1400,2842 1418,2842 1463,2842 1508,2842 1552,2842 1597,2842 1642,2842 1687,2842 1731,2842 1776,2842 1821,2842 1866,2842 1911,2842 1955,2842 2000,2842 2045,2842 2090,2842 2135,2839"/><TextEquiv><Unicode>CERTRUDE. Tu n’es pas parti, vaurien!</Unicode></TextEquiv></TextLine><TextLine id="tr_1779379483_tl_49" custom="readingOrder {index:48;}"><Coords points="1392,2901 2408,2908 2408,2849 1392,2864"/><Baseline points="1400,2896 1445,2896 1490,2896 1534,2896 1579,2896 1624,2893 1669,2893 1714,2893 1758,2893 1803,2893 1848,2893 1893,2896 1938,2893 1982,2893 2027,2896 2072,2893 2117,2896 2161,2896 2206,2896 2251,2896 2296,2896 2341,2896 2385,2896 2409,2899"/><TextEquiv><Unicode>KOF. Qu'est-ce qu'il faut lui dire, à mademoiselle</Unicode></TextEquiv></TextLine><TextLine id="tr_1779379483_tl_50" custom="readingOrder {index:49;}"><Coords points="1343,2961 1380,2953 1432,2965 1463,2955 1486,2964 1507,2956 1523,2961 1525,2908 1469,2909 1450,2920 1396,2900 1360,2912 1344,2909"/><Baseline points="1352,2947 1391,2947 1436,2947 1481,2944 1525,2944"/><TextEquiv><Unicode>Lisbeth?</Unicode></TextEquiv></TextLine><TextLine id="tr_1779379483_tl_51" custom="readingOrder {index:50;}"><Coords points="1392,3008 2401,3016 2401,2953 2259,2945 2161,2977 1798,2937 1392,2969"/><Baseline points="1400,3001 1445,2998 1490,2998 1534,2998 1579,2998 1624,2998 1669,2998 1714,2998 1758,2998 1803,2998 1848,2998 1893,3001 1938,3001 1982,2998 2027,3001 2072,3001 2117,3001 2161,3001 2206,3001 2251,3001 2296,3001 2341,3001 2385,3001 2403,3001"/><TextEquiv><Unicode>CERTRUDE. Qu'elle plante là ses fers et ses réchauds,</Unicode></TextEquiv></TextLine><TextLine id="tr_1779379483_tl_52" custom="readingOrder {index:51;}"><Coords points="1344,3060 2139,3063 2139,3028 2048,3007 1482,3033 1344,3003"/><Baseline points="1352,3051 1397,3051 1442,3051 1487,3054 1531,3051 1576,3051 1621,3051 1666,3051 1711,3051 1755,3051 1800,3051 1845,3051 1890,3051 1935,3051 1979,3051 2024,3054 2069,3051 2114,3054 2141,3054"/><TextEquiv><Unicode>et que nous l’invitons à être des nôtres.</Unicode></TextEquiv></TextLine><TextLine id="tr_1779379483_tl_53" custom="readingOrder {index:52;}"><Coords points="1384,3115 1518,3144 1679,3112 2140,3138 2127,3059 2025,3084 1898,3059 1384,3070"/><Baseline points="1391,3105 1436,3105 1481,3105 1525,3105 1570,3105 1615,3108 1660,3105 1705,3108 1749,3105 1794,3105 1839,3105 1884,3105 1929,3105 1973,3105 2018,3105 2063,3105 2108,3105 2144,3108"/><TextEquiv><Unicode>KOFF. Bon ! (Il sort en faisant la roue.)</Unicode></TextEquiv></TextLine><TextEquiv><Unicode></Unicode></TextEquiv></TextRegion><TextRegion id="r_2" custom="readingOrder {index:8;} structure {type:heading;}"><Coords points="1587,3251 1677,3179 2068,3179 2168,3251 2168,3363 1587,3363"/><TextLine id="r_2_tl_1" custom="readingOrder {index:0;}"><Coords points="1736,3247 1765,3261 1800,3247 1828,3254 1840,3243 1883,3255 1918,3234 1994,3247 2012,3241 2013,3189 1993,3179 1963,3193 1881,3198 1844,3175 1823,3182 1812,3171 1779,3195 1737,3183"/><Baseline points="1743,3239 1746,3239 1791,3239 1836,3239 1881,3237 1926,3234 1970,3234 2015,3237"/><TextEquiv><Unicode>SCÈNE VII.</Unicode></TextEquiv></TextLine><TextLine id="r_2_tl_2" custom="readingOrder {index:1;}"><Coords points="1616,3361 1711,3346 1791,3369 1957,3338 2028,3365 2113,3342 2115,3265 2022,3268 1970,3300 1914,3276 1864,3305 1617,3306"/><Baseline points="1624,3344 1669,3341 1714,3341 1758,3341 1803,3338 1848,3335 1893,3335 1938,3335 1982,3335 2027,3332 2072,3332 2117,3335"/><TextEquiv><Unicode>HERMANN, GERTRUDE.</Unicode></TextEquiv></TextLine><TextEquiv><Unicode></Unicode></TextEquiv></TextRegion><TextRegion id="tr_1779379478" custom="readingOrder {index:9;} structure {type:paragraph;score:0.99;}"><Coords points="1324,3394 2450,3394 2457,3755 1329,3799"/><TextLine id="tr_1779379478_tl_1" custom="readingOrder {index:0;}"><Coords points="1387,3476 2390,3467 2391,3413 2124,3387 1387,3429"/><Baseline points="1394,3463 1409,3466 1454,3466 1499,3463 1543,3460 1588,3460 1633,3457 1678,3457 1723,3454 1767,3454 1812,3454 1857,3454 1902,3452 1946,3452 1991,3452 2036,3449 2081,3449 2126,3449 2170,3449 2215,3449 2260,3449 2305,3452 2350,3449 2394,3452"/><TextEquiv><Unicode>CERTRUDE. Nous avons précisément, au château, de</Unicode></TextEquiv></TextLine><TextLine id="tr_1779379478_tl_2" custom="readingOrder {index:1;}"><Coords points="1344,3526 2397,3504 2397,3472 1346,3494"/><Baseline points="1352,3523 1370,3520 1415,3517 1460,3517 1505,3514 1549,3511 1594,3508 1639,3508 1684,3505 1728,3505 1773,3505 1818,3505 1863,3505 1908,3502 1952,3502 1997,3502 2042,3499 2087,3499 2132,3499 2176,3499 2221,3499 2266,3499 2311,3502 2356,3502 2400,3502"/><TextEquiv><Unicode>quoi composer un ambigu délicieux : pâtés fin, vo¬</Unicode></TextEquiv></TextLine><TextLine id="tr_1779379478_tl_3" custom="readingOrder {index:2;}"><Coords points="1348,3586 2397,3563 2389,3516 2238,3508 1348,3535"/><Baseline points="1355,3571 1370,3571 1415,3568 1460,3568 1505,3565 1549,3562 1594,3559 1639,3559 1684,3556 1728,3556 1773,3556 1818,3556 1863,3556 1908,3553 1952,3553 1997,3553 2042,3553 2087,3553 2132,3553 2176,3553 2221,3553 2266,3553 2311,3556 2356,3556 2400,3556"/><TextEquiv><Unicode>lailles froides, gibier, marmelades et gelées, fruits ex¬</Unicode></TextEquiv></TextLine><TextLine id="tr_1779379478_tl_4" custom="readingOrder {index:3;}"><Coords points="1354,3643 2399,3622 2399,3578 1354,3586"/><Baseline points="1361,3625 1373,3622 1418,3619 1463,3619 1508,3616 1552,3613 1597,3613 1642,3610 1687,3607 1731,3607 1776,3607 1821,3607 1866,3607 1911,3607 1955,3607 2000,3604 2045,3604 2090,3604 2135,3604 2179,3604 2224,3607 2269,3607 2314,3610 2359,3610 2403,3610"/><TextEquiv><Unicode>quis; quant aux vins, nous serons sobres, mais nous</Unicode></TextEquiv></TextLine><TextLine id="tr_1779379478_tl_5" custom="readingOrder {index:4;}"><Coords points="1344,3677 2291,3678 2399,3670 2401,3627 1344,3638"/><Baseline points="1352,3670 1373,3672 1418,3670 1463,3667 1508,3664 1552,3664 1597,3664 1642,3661 1687,3661 1731,3661 1776,3658 1821,3658 1866,3658 1911,3658 1955,3658 2000,3658 2045,3658 2090,3658 2135,3658 2179,3658 2224,3661 2269,3661 2314,3661 2359,3661 2403,3658"/><TextEquiv><Unicode>choisirons! (A Hermann, qui par-dessus ses habits</Unicode></TextEquiv></TextLine><TextLine id="tr_1779379478_tl_6" custom="readingOrder {index:5;}"><Coords points="1342,3737 2397,3730 2381,3662 1342,3694"/><Baseline points="1349,3723 1370,3723 1415,3720 1460,3717 1505,3714 1549,3714 1594,3711 1639,3711 1684,3711 1728,3711 1773,3711 1818,3711 1863,3711 1908,3711 1952,3711 1997,3711 2042,3711 2087,3711 2132,3714 2176,3714 2221,3714 2266,3714 2311,3711 2356,3711 2400,3711"/><TextEquiv><Unicode>met ceux de son maitre.) Que faites-vous donc là,</Unicode></TextEquiv></TextLine><TextLine id="tr_1779379478_tl_7" custom="readingOrder {index:6;}"><Coords points="1342,3794 1370,3782 1530,3797 1610,3774 1636,3792 1721,3773 1765,3793 1767,3720 1645,3722 1617,3737 1558,3726 1545,3740 1489,3724 1415,3746 1343,3734"/><Baseline points="1349,3777 1367,3774 1412,3771 1457,3768 1502,3765 1546,3765 1591,3765 1636,3765 1681,3765 1726,3762 1770,3765"/><TextEquiv><Unicode>monsieur Hermann?</Unicode></TextEquiv></TextLine><TextEquiv><Unicode></Unicode></TextEquiv></TextRegion><TextRegion id="tr_1779379490" custom="readingOrder {index:10;} structure {type:footer;score:0.98;}"><Coords points="2130,3777 2225,3777 2225,3834 2130,3834"/><TextLine id="l" custom="readingOrder {index:0;}"><Coords points="2156,3826 2208,3823 2206,3793 2154,3796"/><Baseline points="2156,3826 2208,3823"/><TextEquiv><Unicode>18</Unicode></TextEquiv></TextLine><TextEquiv><Unicode></Unicode></TextEquiv></TextRegion></Page></PcGts>