2897 4318
1154 262 1329 375 - 313 -
286 528 2197 682 ECONOMIE DOMESTIQUE.
189 736 1197 844 MANIÈRE DE NOTTOYER LES RUBANS LILAS ET
146 812 1197 892 VIOLET. — Faites bouillir deux onces de sel de po¬
148 876 1203 944 tasse dans une pinte d’eau de rivière, jusqu’à ce que
143 922 1200 998 le sel bien fondu laisse l’eau claire. Imbibez une
143 981 1205 1052 éponge de cette eau, frottez légèrement les rubans
140 1022 1203 1089 rougis, essuyez-les entre deux linges, repassez-les en¬
143 1081 1192 1170 core mouillés, et ils auront repris leur couleur primi¬
140 1130 240 1208 tive.
175 1254 1197 1364 RECETTE POUR NOTTOYER LES GANTS DE CAS¬
138 1345 1176 1410 Tor. — Faites une eau de son bien grasse; lors
138 1407 1189 1467 qu’elle est refroidie, mettez-y les gants, laissez-les
138 1453 1186 1521 tremper pendant une nuit; le lendemain, frottez-les
135 1502 1181 1572 dans l’eau avec soin, et faites-les sécher, mais en les
132 1553 1186 1645 froissant souvent, afin que la peau ne se durcisse pas.
167 1723 1184 1825 FLAN DE CRÊME AU CAFÉ. — Faites une petite
132 1809 1184 1879 quantité de pâte brisée, et ajoutez-y un jaune d’œuf.
129 1858 1178 1920 Etendez cette pâte de l’épaisseur d’un demi centimè¬
129 1914 1181 1979 tre sur une tourtière à rebord, que vous aurez préala¬
124 1966 1186 2033 blement beurrée. Délayez deux cuillerées de farine
129 2006 1184 2076 dans un demi litre de lait, sucrez fortement, faites
132 2071 1181 2152 prendre sur le feu en tournant, laissez refroidir à
119 2119 1068 2189 moitié; ajoutez trois jaunes d’œuf, mêlez bien.
170 2162 1186 2232 Il faut avoir préparé à l’avance une petite tasse de
132 2214 1181 2286 café noir très-fort, qu’on ajoute à la crême, avant de
132 2265 1178 2343 la verser sur la pâte. Cela fait, battez en neige très¬
121 2330 1184 2410 soutenue quatre blancs d’œuf, sucrez-les avec trois
1281 741 2338 868 cuillerées de sucre en poudre, étendez cette neige à
1281 833 2346 914 la surface de la crême. Posez la tourtière sur un
1278 892 2343 971 fourneau modérément chaud, entourez-la de braise;
1273 938 2346 1027 laissez bien chauffer en dessous, puis, saupoudrez les
1273 984 2338 1078 blancs d’œuf avec du sucre pilé très-fin, et placez sur
1273 1046 2340 1127 le tout un four de campagne garni de cendre chaude.
1267 1097 2338 1184 La cuisson doit durer une heure. Il faut que les
1267 1146 2335 1256 blancs mcontent et prennent couleur et que la pâte
1267 1194 1982 1283 du bord de la tourtière soit colorée.
1318 1259 2332 1337 On peut parfumer ce gâteau à la vanille, aux aman¬
1270 1286 2335 1386 des, au chocolat, etc., etc. Il est excellent de toutes
1262 1348 1542 1442 les manières
1575 1521 2022 1626 CRÈME A L’ORANCE
1343 1620 1836 1699 Le jus de trois oranges.
1359 1682 1844 1744 Une demi-once gélatine.
1354 1736 1855 1793 Le jus d'un demi citron.
1354 1785 1925 1858 Une demi-livre sucre blanc.
1313 1839 2324 1955 Vous mettez un verre d’eau au feu, dans laquelle
1265 1925 2319 2009 eau vous faites bouillir un peu d’écorce d‘orange.
1270 1976 2327 2057 Vous faites fondre votre sucre dans fort peu d’eau. Il
1256 2036 2324 2095 faut que le tout, sucre, jus, gélative, soit de la conte¬
1256 2095 2319 2149 nance de trois verres à bière. Le tout encore passé
1262 2144 2324 2203 dans un linge blanc, puis mis dans une grande jatte
1265 2189 2330 2281 ou saladier, pour fouetter pendant une heure, et faire
1259 2235 1704 2308 arriver à consistance.
1308 2251 2321 2381 Alors, verser dans un moule et le placer dans une
1256 2346 1931 2421 seau d’eau froide ou de la glace.
666 2721 1809 2931 Correspondance.
127 3028 2292 3101 PLANCHE X. — 1, Félicie — 2 et 3, Col et entre-deux — 4, Anna — 5, Josépha — 6, Garniture assortie au col n° 2 —
202 3082 2319 3184 7, V. R. — 8, Écusson avec le nom de Marie — 9, Écusson pour mouchoir d’homme avec J. L. C. — 10, Quart d‘un
205 3138 2297 3211 mouchoir — 11, Palo — 12, M. S. — 13, B. G.— 14, C. C. —15, M, C, — 16, Eulalie — 17, H. L. — 18, L. C.—
208 3198 2311 3284 19, P. D. — 20, Écusson avec E. H. — 21, Taie d’oreiller — 22, Garniture de la tae d‘oreiller— 23, Col simple —
200 3252 2308 3333 26 et 25, Siége et dossier d’une chaise de fumoire—26, Patron d‘un fichu Marie-Antoinette—27 à 30, Patron de chemise
208 3295 2311 3419 d’homme — 31 et 32, Croquis de deux fichus Marie-Antoinette — 33, Corbeille pour les cartes de visites — 34, Devant
208 3351 1178 3449 de foyer — 35, Bonnet fanchon — 36, Calotte grecque.
240 3408 1170 3508 La petite édition finit au numéro 10 inclusivement.
175 3540 1176 3645 Que le temps du bonheur passe vite ! Ton séjour,
124 3589 1162 3699 ici, n'a été qu'un éclair, ma Florence ! L'existence
135 3659 1173 3740 des mollusques, de tout ce qui naît, vit et meurt aux
138 3707 1170 3829 mêmes lieux, entouré des mêmes affections, a bien
1256 3559 2313 3643 son prix ! Je sais que tu vas crier au blasphème, mais
1262 3635 2311 3688 lorsque je vois s'augmenter tous les jours la facilité
1259 3686 2313 3742 de s'éloigner les uns des autres, je te répète que je
1259 3734 2308 3812 jette un regard d'envie sur les créatures condamnées
