<?xml version="1.0" encoding="UTF-8" standalone="yes"?><PcGts xmlns="http://schema.primaresearch.org/PAGE/gts/pagecontent/2013-07-15"><Metadata><Creator>prov=READ-COOP:name=TrHtr:version=2.44.0:model_id=51170:date=15_06_2026_19:41</Creator><Created>2026-05-21T18:03:45.879032</Created><LastChange>2026-06-20T13:25:24.694+02:00</LastChange><TranskribusMetadata docId="14756063" pageId="115166847" pageNr="303" userId="187713" imgUrl="https://files.transkribus.eu/Get?fileType=view&amp;id=KSTWJHAPTFLTPCOIAQQQGPAN" imageId="97254384"/></Metadata><Page imageFilename="20144531_303.jpg" imageWidth="2897" imageHeight="4318"><TextRegion id="tr_1779379479" custom="readingOrder {index:0;} structure {type:page-number;score:0.99;}"><Coords points="1229,257 1343,257 1343,318 1229,318"/><TextLine id="tr_1779379479_tl_1" custom="readingOrder {index:0;}"><Coords points="1225,321 1240,320 1249,329 1283,326 1292,335 1345,327 1344,263 1330,263 1319,255 1306,266 1280,251 1254,264 1247,258 1223,264"/><Baseline points="1233,301 1278,307 1322,304 1349,304"/><TextEquiv><Unicode>279</Unicode></TextEquiv></TextLine><TextEquiv><Unicode></Unicode></TextEquiv></TextRegion><TextRegion id="tr_1779379481" custom="readingOrder {index:1;} structure {type:paragraph;score:0.99;}"><Coords points="178,316 1199,326 1191,1939 165,1946"/><TextLine id="tr_1779379481_tl_1" custom="readingOrder {index:0;}"><Coords points="645,399 717,425 723,419 757,428 775,417 796,423 796,324 777,321 761,333 752,329 740,335 729,329 720,338 708,330 688,339 645,333"/><Baseline points="653,391 698,391 743,391 788,391 800,391"/><TextEquiv><Unicode>MANCEL</Unicode></TextEquiv></TextLine><TextLine id="tr_1779379481_tl_2" custom="readingOrder {index:1;}"><Coords points="190,480 260,483 303,456 433,480 529,463 549,480 644,477 662,471 660,379 433,373 278,405 245,384 188,390"/><Baseline points="197,444 241,441 286,441 331,441 376,441 421,444 465,444 510,444 555,444 600,444 645,444 665,444"/><TextEquiv><Unicode>Oh ! monsieur, la misère !</Unicode></TextEquiv></TextLine><TextLine id="tr_1779379481_tl_3" custom="readingOrder {index:2;}"><Coords points="642,512 677,512 699,498 709,506 746,501 758,511 796,514 796,430 683,436 656,459 642,454"/><Baseline points="650,492 695,492 740,492 785,492 800,492"/><TextEquiv><Unicode>AMAURY.</Unicode></TextEquiv></TextLine><TextLine id="tr_1779379481_tl_4" custom="readingOrder {index:3;}"><Coords points="642,576 748,578 796,558 853,575 929,547 1035,586 1092,556 1092,486 1040,477 914,492 844,474 781,514 642,511"/><Baseline points="650,546 695,546 740,546 785,546 830,546 874,546 919,546 964,543 1009,543 1054,543 1095,546"/><TextEquiv><Unicode>Oh ! Marcel, la richesse !</Unicode></TextEquiv></TextLine><TextLine id="tr_1779379481_tl_5" custom="readingOrder {index:4;}"><Coords points="651,622 673,630 685,625 714,631 726,622 758,622 772,610 810,616 810,582 795,586 758,573 748,578 706,572 699,578 688,573 651,576"/><Baseline points="659,603 677,603 722,603 767,603 812,600"/><TextEquiv><Unicode>MANCEL.</Unicode></TextEquiv></TextLine><TextLine id="tr_1779379481_tl_6" custom="readingOrder {index:5;}"><Coords points="191,659 1061,671 1059,622 946,613 190,608"/><Baseline points="200,647 244,650 289,653 334,653 379,656 424,656 468,656 513,656 558,656 603,653 647,656 692,656 737,656 782,653 827,653 871,656 916,653 961,653 1006,653 1051,653 1063,653"/><TextEquiv><Unicode>Pouvez-vous comparer vos maux à ma détresse ?</Unicode></TextEquiv></TextLine><TextLine id="tr_1779379481_tl_7" custom="readingOrder {index:6;}"><Coords points="197,709 974,705 1101,735 1101,679 1050,670 639,691 197,663"/><Baseline points="206,698 250,698 295,701 340,701 385,701 430,701 474,701 519,701 564,701 609,701 653,701 698,701 743,701 788,701 833,701 877,701 922,698 967,701 1012,701 1057,701 1101,701 1104,701"/><TextEquiv><Unicode>Vous respirez, du moins... moi, je ne le peux pas.</Unicode></TextEquiv></TextLine><TextLine id="tr_1779379481_tl_8" custom="readingOrder {index:7;}"><Coords points="194,752 1020,757 1020,712 978,705 194,708"/><Baseline points="203,743 247,746 292,749 337,749 382,749 427,746 471,746 516,746 561,746 606,743 650,743 695,743 740,743 785,743 830,743 874,743 919,743 964,746 1009,746 1024,746"/><TextEquiv><Unicode>Car, jusques à l'air pur, tout s'achète ici-bas !</Unicode></TextEquiv></TextLine><TextLine id="tr_1779379481_tl_9" custom="readingOrder {index:8;}"><Coords points="194,800 969,804 957,749 196,751"/><Baseline points="203,791 247,791 292,794 337,794 382,794 427,791 471,791 516,788 561,788 606,788 650,788 695,788 740,788 785,788 830,788 874,788 919,788 964,791 973,791"/><TextEquiv><Unicode>Vous avez, vous avez l'allégement suprême,</Unicode></TextEquiv></TextLine><TextLine id="tr_1779379481_tl_10" custom="readingOrder {index:9;}"><Coords points="194,858 1121,850 1121,790 194,801"/><Baseline points="203,836 247,839 292,839 337,839 382,836 427,836 471,836 516,833 561,833 606,833 650,833 695,833 740,833 785,833 830,833 874,833 919,833 964,833 1009,833 1054,833 1098,836 1125,839"/><TextEquiv><Unicode>Ce qui jette un sourire au front du mourant même,</Unicode></TextEquiv></TextLine><TextLine id="tr_1779379481_tl_11" custom="readingOrder {index:10;}"><Coords points="197,896 925,897 925,839 197,856"/><Baseline points="206,886 212,883 256,883 301,883 346,883 391,880 435,880 480,877 525,877 570,877 615,880 659,877 704,877 749,877 794,877 839,877 883,877 928,880"/><TextEquiv><Unicode>Ce qui guérit parfois et soulage toujours,</Unicode></TextEquiv></TextLine><TextLine id="tr_1779379481_tl_12" custom="readingOrder {index:11;}"><Coords points="188,946 1076,936 1067,891 188,890"/><Baseline points="197,928 229,928 274,928 319,928 364,925 409,925 453,925 498,925 543,925 588,925 633,925 677,925 722,925 767,925 812,925 857,925 901,925 946,925 991,925 1036,925 1080,925"/><TextEquiv><Unicode>Le soleil!... O chaleur ! clarté ! beauté des jours !</Unicode></TextEquiv></TextLine><TextLine id="tr_1779379481_tl_13" custom="readingOrder {index:12;}"><Coords points="197,985 1113,994 1113,943 1062,939 197,942"/><Baseline points="206,976 250,973 295,973 340,973 385,973 430,973 474,973 519,973 564,973 609,973 653,973 698,973 743,973 788,973 833,973 877,973 922,973 967,973 1012,973 1057,976 1101,976 1116,979"/><TextEquiv><Unicode>Quand pourrai-je, aux rayons de ta flamme divine,</Unicode></TextEquiv></TextLine><TextLine id="tr_1779379481_tl_14" custom="readingOrder {index:13;}"><Coords points="188,1029 1044,1041 1044,981 188,983"/><Baseline points="197,1018 241,1018 286,1018 331,1018 376,1021 421,1021 465,1021 510,1021 555,1021 600,1021 645,1021 689,1021 734,1021 779,1021 824,1021 868,1021 913,1021 958,1021 1003,1021 1048,1021 1051,1018"/><TextEquiv><Unicode>Puiser à pleins regards, boire à pleine poitrine?</Unicode></TextEquiv></TextLine><TextLine id="tr_1779379481_tl_15" custom="readingOrder {index:14;}"><Coords points="197,1070 1053,1101 1041,1030 197,1032"/><Baseline points="206,1063 250,1066 295,1066 340,1066 385,1066 430,1066 474,1069 519,1069 564,1069 609,1069 653,1069 698,1069 743,1069 788,1066 833,1066 877,1069 922,1069 967,1069 1012,1069 1057,1069"/><TextEquiv><Unicode>Tu me guérirais, toi !... Mais, pauvre serf caché</Unicode></TextEquiv></TextLine><TextLine id="tr_1779379481_tl_16" custom="readingOrder {index:15;}"><Coords points="188,1128 882,1127 882,1081 188,1082"/><Baseline points="197,1110 241,1113 286,1110 331,1113 376,1113 421,1113 465,1113 510,1113 555,1113 600,1113 645,1113 689,1113 734,1113 779,1113 824,1113 868,1113 886,1113"/><TextEquiv><Unicode>Dans l’atelier obscur où je suis attaché,</Unicode></TextEquiv></TextLine><TextLine id="tr_1779379481_tl_17" custom="readingOrder {index:16;}"><Coords points="188,1173 1035,1174 1018,1104 910,1140 188,1128"/><Baseline points="197,1158 241,1161 286,1161 331,1161 376,1161 421,1161 465,1161 510,1161 555,1161 600,1161 645,1161 689,1161 734,1161 779,1161 824,1161 868,1161 913,1161 958,1161 1003,1161 1039,1167"/><TextEquiv><Unicode>Je cours m'ensevelir, dès que l'aube est parue,</Unicode></TextEquiv></TextLine><TextLine id="tr_1779379481_tl_18" custom="readingOrder {index:17;}"><Coords points="194,1215 966,1225 965,1179 193,1176"/><Baseline points="203,1203 247,1206 292,1206 337,1206 382,1206 427,1206 471,1206 516,1206 561,1209 606,1206 650,1206 695,1206 740,1206 785,1206 830,1206 874,1206 919,1209 964,1212 970,1209"/><TextEquiv><Unicode>Au fond de mon infecte et ténébreuse rue;</Unicode></TextEquiv></TextLine><TextLine id="tr_1779379481_tl_19" custom="readingOrder {index:18;}"><Coords points="194,1255 884,1278 911,1263 910,1212 193,1212"/><Baseline points="203,1248 247,1251 292,1251 337,1251 382,1251 427,1251 471,1254 516,1254 561,1254 606,1254 650,1254 695,1254 740,1254 785,1254 830,1254 874,1254 913,1254"/><TextEquiv><Unicode>Et là, le jour entier, grelottant accroupi</Unicode></TextEquiv></TextLine><TextLine id="tr_1779379481_tl_20" custom="readingOrder {index:19;}"><Coords points="188,1302 1014,1318 1014,1258 188,1267"/><Baseline points="197,1295 241,1298 286,1298 331,1298 376,1295 421,1298 465,1298 510,1301 555,1298 600,1298 645,1298 689,1301 734,1301 779,1298 824,1298 868,1298 913,1301 958,1301 1003,1301 1018,1304"/><TextEquiv><Unicode>Entre les murs suintans et le ruisseau croupi,</Unicode></TextEquiv></TextLine><TextLine id="tr_1779379481_tl_21" custom="readingOrder {index:20;}"><Coords points="188,1359 1101,1358 1101,1319 1044,1307 188,1309"/><Baseline points="197,1343 241,1343 286,1343 331,1346 376,1346 421,1346 465,1346 510,1346 555,1346 600,1346 645,1346 689,1349 734,1346 779,1346 824,1346 868,1346 913,1346 958,1346 1003,1349 1048,1346 1092,1349 1104,1346"/><TextEquiv><Unicode>Les pieds sur un sol gras, je travaille dans l’ombre</Unicode></TextEquiv></TextLine><TextLine id="tr_1779379481_tl_22" custom="readingOrder {index:21;}"><Coords points="188,1397 1007,1406 1007,1362 188,1359"/><Baseline points="197,1388 241,1391 286,1391 331,1391 376,1391 421,1391 465,1391 510,1391 555,1391 600,1391 645,1394 689,1394 734,1394 779,1394 824,1391 868,1391 913,1394 958,1394 1003,1397 1012,1397"/><TextEquiv><Unicode>Aux fumeuses lueurs d’une chandelle sombre ;</Unicode></TextEquiv></TextLine><TextLine id="tr_1779379481_tl_23" custom="readingOrder {index:22;}"><Coords points="191,1445 1015,1452 1015,1423 937,1406 191,1400"/><Baseline points="200,1439 244,1436 289,1439 334,1439 379,1439 424,1436 468,1439 513,1439 558,1439 603,1439 647,1439 692,1439 737,1439 782,1439 827,1439 871,1439 916,1439 961,1436 1006,1442 1018,1445"/><TextEquiv><Unicode>Ou si, pour voir le jour, je sors de ma prison,</Unicode></TextEquiv></TextLine><TextLine id="tr_1779379481_tl_24" custom="readingOrder {index:23;}"><Coords points="197,1494 1053,1492 1053,1449 197,1445"/><Baseline points="206,1484 250,1484 295,1484 340,1484 385,1484 430,1484 474,1484 519,1484 564,1484 609,1484 653,1484 698,1484 743,1481 788,1484 833,1484 877,1484 922,1484 967,1484 1012,1484 1057,1487 1060,1484"/><TextEquiv><Unicode>Que rencontrent mes yeux, hélas! pour horizon?</Unicode></TextEquiv></TextLine><TextLine id="tr_1779379481_tl_25" custom="readingOrder {index:24;}"><Coords points="191,1536 1017,1543 1017,1503 977,1491 191,1489"/><Baseline points="200,1528 244,1528 289,1528 334,1528 379,1528 424,1528 468,1528 513,1528 558,1528 603,1528 647,1528 692,1528 737,1528 782,1528 827,1528 871,1528 916,1528 961,1528 1006,1528 1021,1528"/><TextEquiv><Unicode>L'étroit ruban de ciel qui là-haut, sur nos têtes</Unicode></TextEquiv></TextLine><TextLine id="tr_1779379481_tl_26" custom="readingOrder {index:25;}"><Coords points="188,1582 651,1579 706,1604 1062,1578 1062,1533 188,1535"/><Baseline points="197,1573 241,1573 286,1573 331,1576 376,1576 421,1573 465,1576 510,1573 555,1573 600,1573 645,1573 689,1573 734,1573 779,1573 824,1573 868,1576 913,1576 958,1576 1003,1573 1048,1576 1066,1573"/><TextEquiv><Unicode>Tristement des toits noirs sépare les vieux faites</Unicode></TextEquiv></TextLine><TextLine id="tr_1779379481_tl_27" custom="readingOrder {index:26;}"><Coords points="630,1631 651,1639 656,1634 667,1642 686,1633 728,1645 748,1636 754,1642 777,1639 790,1634 789,1587 732,1605 715,1596 685,1604 671,1591 648,1593 628,1604"/><Baseline points="639,1627 683,1627 728,1627 773,1630 794,1630"/><TextEquiv><Unicode>AMAURY</Unicode></TextEquiv></TextLine><TextLine id="tr_1779379481_tl_28" custom="readingOrder {index:27;}"><Coords points="182,1691 1121,1718 1121,1630 1021,1608 696,1653 492,1613 182,1633"/><Baseline points="191,1681 235,1681 280,1681 325,1681 370,1681 415,1681 459,1681 504,1681 549,1684 594,1684 639,1684 683,1684 728,1684 773,1684 818,1684 863,1687 907,1687 952,1684 997,1684 1042,1684 1086,1687 1125,1687"/><TextEquiv><Unicode>Le ciel ! l'air! le printemps!... Ils ne raniment pas !</Unicode></TextEquiv></TextLine><TextLine id="tr_1779379481_tl_29" custom="readingOrder {index:28;}"><Coords points="188,1737 1032,1752 1023,1694 188,1691"/><Baseline points="197,1728 241,1728 286,1728 331,1728 376,1728 421,1728 465,1728 510,1728 555,1728 600,1728 645,1728 689,1731 734,1728 779,1731 824,1731 868,1731 913,1731 958,1731 1003,1731 1036,1734"/><TextEquiv><Unicode>J'ai traîné ce corps froid de wlimats en wimats,</Unicode></TextEquiv></TextLine><TextLine id="tr_1779379481_tl_30" custom="readingOrder {index:29;}"><Coords points="185,1784 1055,1787 1055,1732 185,1744"/><Baseline points="194,1773 238,1776 283,1776 328,1773 373,1773 418,1776 462,1776 507,1776 552,1776 597,1776 642,1776 686,1776 731,1776 776,1776 821,1779 865,1779 910,1779 955,1779 1000,1779 1045,1782 1057,1782"/><TextEquiv><Unicode>Sans que votre nature, impuissante et marâtre,</Unicode></TextEquiv></TextLine><TextLine id="tr_1779379481_tl_31" custom="readingOrder {index:30;}"><Coords points="185,1839 1136,1838 1105,1779 185,1786"/><Baseline points="194,1821 238,1821 283,1821 328,1821 373,1821 418,1821 462,1821 507,1821 552,1821 597,1824 642,1824 686,1824 731,1821 776,1824 821,1824 865,1824 910,1824 955,1827 1000,1827 1045,1827 1089,1827 1134,1827 1140,1827"/><TextEquiv><Unicode>Ait rien fait pour mes maux qu'en changer le théâtre.</Unicode></TextEquiv></TextLine><TextLine id="tr_1779379481_tl_32" custom="readingOrder {index:31;}"><Coords points="182,1876 933,1882 933,1839 853,1830 182,1841"/><Baseline points="191,1866 235,1869 280,1866 325,1869 370,1869 415,1869 459,1869 504,1869 549,1869 594,1869 639,1869 683,1869 728,1872 773,1872 818,1872 863,1872 907,1872 937,1872"/><TextEquiv><Unicode>Et de ces vains essais je n’ai rien rapporté</Unicode></TextEquiv></TextLine><TextLine id="tr_1779379481_tl_33" custom="readingOrder {index:32;}"><Coords points="190,1946 599,1923 920,1951 929,1883 188,1888"/><Baseline points="197,1920 241,1917 286,1917 331,1917 376,1917 421,1917 465,1917 510,1917 555,1917 600,1920 645,1920 689,1917 734,1920 779,1920 824,1917 868,1920 913,1920 934,1920"/><TextEquiv><Unicode>Qu'une douleur de plus, mon incrédulité.</Unicode></TextEquiv></TextLine><TextEquiv><Unicode></Unicode></TextEquiv></TextRegion><TextRegion id="tr_1779379484" custom="readingOrder {index:2;} structure {type:paragraph;score:0.94;}"><Coords points="1307,334 2416,327 2420,596 1330,604"/><TextLine id="tr_1779379484_tl_1" custom="readingOrder {index:0;}"><Coords points="1365,405 2389,430 2388,376 1362,329"/><Baseline points="1373,385 1418,382 1463,382 1508,382 1552,385 1597,385 1642,385 1687,385 1731,388 1776,391 1821,391 1866,394 1911,397 1955,400 2000,400 2045,400 2090,403 2135,403 2179,406 2224,406 2269,409 2314,409 2359,409 2391,409"/><TextEquiv><Unicode>Le dialecte continue entre les deux misères.</Unicode></TextEquiv></TextLine><TextLine id="tr_1779379484_tl_2" custom="readingOrder {index:1;}"><Coords points="1330,449 2379,485 2377,430 1328,405"/><Baseline points="1337,438 1382,438 1427,435 1472,435 1516,441 1561,435 1606,435 1651,435 1696,435 1740,435 1785,438 1830,441 1875,444 1920,447 1964,447 2009,450 2054,453 2099,453 2144,453 2188,456 2233,456 2278,459 2323,459 2368,462 2382,459"/><TextEquiv><Unicode>Amaury, par une hispiration soudaine, avance à Mar¬</Unicode></TextEquiv></TextLine><TextLine id="tr_1779379484_tl_3" custom="readingOrder {index:2;}"><Coords points="1324,504 2383,543 2382,483 1322,449"/><Baseline points="1331,489 1376,489 1421,492 1466,492 1511,489 1555,489 1600,489 1645,486 1690,486 1734,486 1779,489 1824,489 1869,492 1914,495 1958,498 2003,501 2048,504 2093,504 2138,504 2182,504 2227,507 2272,510 2317,513 2362,513 2385,513"/><TextEquiv><Unicode>cel l’argent nécessaire pour faire un voyage et réta¬</Unicode></TextEquiv></TextLine><TextLine id="tr_1779379484_tl_4" custom="readingOrder {index:3;}"><Coords points="1321,573 1354,582 1452,564 1469,575 1504,567 1523,581 1547,566 1594,569 1596,504 1564,495 1544,512 1492,509 1475,520 1410,517 1379,500 1322,504"/><Baseline points="1331,546 1376,546 1421,546 1466,546 1511,543 1555,543 1600,546"/><TextEquiv><Unicode>blir sa santé.</Unicode></TextEquiv></TextLine><TextEquiv><Unicode></Unicode></TextEquiv></TextRegion><TextRegion id="r" custom="readingOrder {index:3;} structure {type:paragraph;}"><Coords points="1311,639 2395,639 2395,1948 1311,1948"/><TextLine id="r_tl_1" custom="readingOrder {index:0;}"><Coords points="1328,691 1971,677 2237,705 2237,651 2165,628 1328,637"/><Baseline points="1337,677 1382,677 1427,677 1472,677 1516,677 1561,677 1606,674 1651,674 1696,674 1740,674 1785,674 1830,671 1875,671 1920,671 1964,671 2009,671 2054,671 2099,674 2144,677 2188,680 2233,689 2239,689"/><TextEquiv><Unicode>Deux mois plus tard, la porte, avec fraces ouverte,</Unicode></TextEquiv></TextLine><TextLine id="r_tl_2" custom="readingOrder {index:1;}"><Coords points="1328,737 2149,737 2149,700 2085,679 1328,689"/><Baseline points="1337,722 1382,725 1427,725 1472,722 1516,722 1561,725 1606,722 1651,722 1696,725 1740,722 1785,722 1830,722 1875,719 1920,719 1964,719 2009,719 2054,719 2099,719 2144,725 2153,725"/><TextEquiv><Unicode>Laissait entrer un homme impétueux, alerte,</Unicode></TextEquiv></TextLine><TextLine id="r_tl_3" custom="readingOrder {index:2;}"><Coords points="1328,780 2130,786 2105,726 1328,743"/><Baseline points="1337,764 1379,770 1424,770 1469,770 1513,770 1558,773 1603,770 1648,770 1693,773 1737,773 1782,773 1827,770 1872,770 1917,770 1961,767 2006,767 2051,767 2096,770 2132,773"/><TextEquiv><Unicode>Qui courut se jeter dans les bras d'Amaury ;</Unicode></TextEquiv></TextLine><TextLine id="r_tl_4" custom="readingOrder {index:3;}"><Coords points="1325,835 1576,826 1688,856 1896,829 1957,856 2204,826 2204,778 1325,778"/><Baseline points="1334,818 1379,815 1424,815 1469,815 1513,818 1558,821 1603,821 1648,821 1693,821 1737,821 1782,821 1827,818 1872,818 1917,818 1961,818 2006,818 2051,818 2096,818 2141,818 2185,818 2209,821"/><TextEquiv><Unicode>En se reconnaissant, tous deux poussent un cri :</Unicode></TextEquiv></TextLine><TextLine id="r_tl_5" custom="readingOrder {index:4;}"><Coords points="1776,894 1830,899 1845,888 1867,905 1928,903 1928,835 1909,841 1876,830 1851,839 1838,833 1833,839 1815,833 1799,838 1792,832 1776,839"/><Baseline points="1785,865 1830,868 1875,868 1920,868 1932,868"/><TextEquiv><Unicode>AMAURY,</Unicode></TextEquiv></TextLine><TextLine id="r_tl_6" custom="readingOrder {index:5;}"><Coords points="1333,940 1367,933 1397,939 1431,920 1451,919 1448,845 1432,852 1397,836 1374,845 1364,842 1350,852 1330,848"/><Baseline points="1340,907 1385,907 1430,910 1454,910"/><TextEquiv><Unicode>Vous ?</Unicode></TextEquiv></TextLine><TextLine id="r_tl_7" custom="readingOrder {index:6;}"><Coords points="1773,963 1824,977 1836,972 1856,985 1883,968 1932,980 1931,908 1908,900 1886,908 1867,905 1845,890 1807,899 1770,891"/><Baseline points="1782,958 1827,958 1872,961 1917,961 1935,964"/><TextEquiv><Unicode>MANCEL,</Unicode></TextEquiv></TextLine><TextLine id="r_tl_8" custom="readingOrder {index:7;}"><Coords points="1446,1035 1513,1026 1570,1043 1662,1007 1769,1041 1816,1012 1911,1017 1911,966 1848,983 1750,940 1691,960 1446,952"/><Baseline points="1454,1000 1499,1000 1543,1003 1588,1003 1633,1003 1678,1003 1723,1006 1767,1006 1812,1003 1857,1006 1902,1006 1914,1006"/><TextEquiv><Unicode>Vous? Quel changement !</Unicode></TextEquiv></TextLine><TextLine id="r_tl_9" custom="readingOrder {index:8;}"><Coords points="1783,1052 1810,1062 1822,1058 1847,1076 1877,1058 1942,1070 1940,1000 1923,998 1899,1018 1888,1011 1856,1012 1850,1018 1838,1012 1830,1020 1819,1014 1805,1026 1799,1021 1783,1030"/><Baseline points="1791,1051 1836,1054 1881,1054 1926,1054 1946,1054"/><TextEquiv><Unicode>AMAUïr.</Unicode></TextEquiv></TextLine><TextLine id="r_tl_10" custom="readingOrder {index:9;}"><Coords points="1900,1118 2140,1108 2195,1130 2307,1113 2305,1047 2293,1044 2212,1066 2188,1050 2104,1066 2084,1050 2042,1066 1966,1053 1934,1072 1899,1066"/><Baseline points="1908,1101 1952,1101 1997,1101 2042,1101 2087,1101 2132,1101 2176,1104 2221,1104 2266,1104 2311,1104"/><TextEquiv><Unicode>Quelle métamorphose !</Unicode></TextEquiv></TextLine><TextLine id="r_tl_11" custom="readingOrder {index:10;}"><Coords points="1325,1150 1775,1165 1775,1111 1752,1102 1588,1110 1523,1084 1440,1113 1379,1092 1325,1104"/><Baseline points="1334,1140 1376,1143 1421,1140 1466,1140 1511,1137 1555,1140 1600,1140 1645,1140 1690,1140 1734,1143 1779,1137"/><TextEquiv><Unicode>Que votre teint est clair</Unicode></TextEquiv></TextLine><TextLine id="r_tl_12" custom="readingOrder {index:11;}"><Coords points="1783,1200 1816,1211 1841,1199 1853,1203 1864,1194 1894,1208 1911,1199 1926,1205 1937,1200 1935,1151 1903,1160 1870,1144 1850,1157 1781,1156"/><Baseline points="1791,1188 1836,1188 1881,1188 1926,1191 1941,1191"/><TextEquiv><Unicode>MANCEL</Unicode></TextEquiv></TextLine><TextLine id="r_tl_13" custom="readingOrder {index:12;}"><Coords points="1763,1255 1805,1241 1844,1257 1906,1249 1938,1269 1972,1247 2045,1269 2223,1267 2221,1220 2195,1208 1761,1202"/><Baseline points="1770,1239 1815,1239 1860,1236 1905,1236 1949,1236 1994,1239 2039,1239 2084,1239 2129,1242 2173,1245 2218,1245 2227,1245"/><TextEquiv><Unicode>Le vôtre est presque rose.</Unicode></TextEquiv></TextLine><TextLine id="r_tl_14" custom="readingOrder {index:13;}"><Coords points="1772,1328 1783,1330 1804,1319 1815,1324 1853,1306 1865,1316 1883,1306 1934,1309 1932,1254 1842,1255 1821,1247 1802,1251 1792,1244 1769,1251"/><Baseline points="1779,1281 1824,1284 1869,1284 1914,1287 1938,1287"/><TextEquiv><Unicode>AMAURY.</Unicode></TextEquiv></TextLine><TextLine id="r_tl_15" custom="readingOrder {index:14;}"><Coords points="1328,1362 1405,1368 1539,1332 1619,1361 1763,1348 1763,1298 1686,1302 1636,1267 1593,1261 1536,1306 1435,1299 1358,1255 1328,1261"/><Baseline points="1337,1325 1382,1325 1427,1328 1472,1325 1516,1325 1561,1325 1606,1328 1651,1328 1696,1328 1740,1328 1767,1328"/><TextEquiv><Unicode>Qui vous a donc guéri?</Unicode></TextEquiv></TextLine><TextLine id="r_tl_16" custom="readingOrder {index:15;}"><Coords points="1783,1396 1798,1396 1810,1382 1856,1385 1865,1394 1891,1382 1896,1387 1934,1385 1932,1312 1899,1304 1880,1315 1873,1310 1864,1315 1853,1306 1838,1318 1830,1313 1813,1324 1804,1319 1798,1327 1781,1325"/><Baseline points="1791,1373 1836,1376 1881,1376 1926,1379 1938,1376"/><TextEquiv><Unicode>MARCHI.</Unicode></TextEquiv></TextLine><TextLine id="r_tl_17" custom="readingOrder {index:16;}"><Coords points="1744,1416 1804,1435 1854,1423 1925,1465 1943,1452 2000,1457 2052,1437 2096,1439 2085,1362 2059,1382 2023,1387 1961,1368 1940,1391 1874,1394 1743,1371"/><Baseline points="1752,1415 1797,1418 1842,1421 1887,1421 1932,1424 1976,1424 2021,1424 2066,1424 2099,1427"/><TextEquiv><Unicode>Vous et la liberté !</Unicode></TextEquiv></TextLine><TextLine id="r_tl_18" custom="readingOrder {index:17;}"><Coords points="1319,1504 1380,1506 1428,1466 1506,1483 1607,1465 1831,1472 1831,1426 1319,1426"/><Baseline points="1328,1463 1373,1463 1418,1463 1463,1463 1508,1463 1552,1463 1597,1466 1642,1463 1687,1463 1731,1466 1776,1466 1821,1466 1836,1466"/><TextEquiv><Unicode>Mais vous, qui vous sauva?</Unicode></TextEquiv></TextLine><TextLine id="r_tl_19" custom="readingOrder {index:18;}"><Coords points="1779,1513 1812,1524 1824,1515 1864,1523 1873,1517 1888,1524 1897,1517 1931,1521 1931,1481 1916,1487 1908,1480 1888,1484 1867,1468 1851,1475 1841,1466 1822,1475 1810,1468 1779,1472"/><Baseline points="1788,1513 1833,1511 1878,1511 1923,1513 1935,1513"/><TextEquiv><Unicode>AMAUulY.</Unicode></TextEquiv></TextLine><TextLine id="r_tl_20" custom="readingOrder {index:19;}"><Coords points="1825,1556 1906,1575 2163,1570 2162,1524 2111,1509 2079,1527 2041,1509 1961,1526 1945,1513 1897,1517 1879,1533 1856,1518 1825,1521"/><Baseline points="1833,1555 1878,1558 1923,1558 1967,1558 2012,1558 2057,1558 2102,1561 2147,1561 2167,1561"/><TextEquiv><Unicode>Vous et la charité!</Unicode></TextEquiv></TextLine><TextLine id="r_tl_21" custom="readingOrder {index:20;}"><Coords points="1776,1624 1838,1610 1848,1619 1853,1614 1877,1622 1893,1616 1905,1628 1916,1624 1926,1633 1937,1631 1935,1585 1923,1587 1894,1565 1867,1578 1857,1570 1833,1575 1827,1568 1805,1565 1775,1576"/><Baseline points="1785,1603 1830,1603 1875,1606 1920,1606 1941,1606"/><TextEquiv><Unicode>MANCEL,</Unicode></TextEquiv></TextLine><TextLine id="r_tl_22" custom="readingOrder {index:21;}"><Coords points="1319,1659 1575,1685 1838,1660 1838,1620 1809,1636 1734,1608 1711,1625 1654,1625 1628,1604 1555,1624 1517,1607 1319,1619"/><Baseline points="1328,1648 1373,1651 1418,1648 1463,1648 1508,1648 1552,1651 1597,1651 1642,1651 1687,1651 1731,1651 1776,1651 1821,1654 1842,1651"/><TextEquiv><Unicode>Je mourais d’être esclave.</Unicode></TextEquiv></TextLine><TextLine id="r_tl_23" custom="readingOrder {index:22;}"><Coords points="1776,1732 1792,1734 1813,1715 1827,1718 1839,1706 1857,1712 1867,1708 1900,1721 1912,1715 1937,1718 1937,1660 1922,1659 1896,1671 1879,1662 1839,1659 1790,1677 1776,1674"/><Baseline points="1785,1699 1830,1699 1875,1699 1920,1699 1941,1702"/><TextEquiv><Unicode>AMAURY.</Unicode></TextEquiv></TextLine><TextLine id="r_tl_24" custom="readingOrder {index:23;}"><Coords points="1830,1752 1909,1772 1978,1753 2038,1779 2134,1764 2266,1786 2266,1720 2128,1711 2088,1726 2044,1701 1923,1721 1830,1709"/><Baseline points="1839,1746 1884,1746 1929,1746 1973,1746 2018,1746 2063,1746 2108,1746 2153,1749 2197,1752 2242,1752 2269,1752"/><TextEquiv><Unicode>Et moi d'être égoïste...</Unicode></TextEquiv></TextLine><TextLine id="r_tl_25" custom="readingOrder {index:24;}"><Coords points="1766,1822 1781,1828 1793,1819 1813,1822 1827,1834 1914,1827 1916,1769 1838,1752 1822,1767 1813,1760 1807,1767 1789,1764 1764,1773"/><Baseline points="1773,1791 1818,1791 1863,1794 1908,1794 1920,1794"/><TextEquiv><Unicode>MANCEL.</Unicode></TextEquiv></TextLine><TextLine id="r_tl_26" custom="readingOrder {index:25;}"><Coords points="1316,1851 1354,1838 1475,1877 1666,1876 1682,1871 1682,1802 1608,1775 1532,1789 1498,1776 1461,1789 1315,1776"/><Baseline points="1325,1836 1370,1836 1415,1836 1460,1839 1505,1839 1549,1839 1594,1839 1639,1839 1684,1842"/><TextEquiv><Unicode>J’ai respiré, je vis!</Unicode></TextEquiv></TextLine><TextLine id="r_tl_27" custom="readingOrder {index:26;}"><Coords points="1770,1888 1801,1897 1818,1888 1865,1890 1877,1900 1894,1891 1912,1896 1931,1890 1931,1833 1909,1825 1900,1834 1873,1828 1857,1841 1830,1834 1810,1845 1789,1828 1770,1827"/><Baseline points="1779,1884 1824,1884 1869,1884 1914,1884 1935,1884"/><TextEquiv><Unicode>AMAURY.</Unicode></TextEquiv></TextLine><TextLine id="r_tl_28" custom="readingOrder {index:27;}"><Coords points="1660,1945 1805,1937 1902,1952 1919,1937 2041,1940 2041,1891 1660,1894"/><Baseline points="1669,1929 1714,1929 1758,1929 1803,1932 1848,1932 1893,1935 1938,1932 1982,1932 2027,1935 2045,1938"/><TextEquiv><Unicode>J'ai consolé, j’existe!</Unicode></TextEquiv></TextLine><TextEquiv><Unicode></Unicode></TextEquiv></TextRegion><TextRegion id="tr_1779379480" custom="readingOrder {index:4;} structure {type:heading;score:0.99;}"><Coords points="647,2235 1911,2235 1911,2544 647,2544"/><TextLine id="tr_1779379480_tl_1" custom="readingOrder {index:0;}"><Coords points="662,2396 1237,2414 1342,2368 1876,2408 1890,2289 660,2287"/><Baseline points="671,2356 716,2356 761,2356 806,2359 851,2359 895,2359 940,2359 985,2362 1030,2362 1075,2365 1119,2365 1164,2365 1209,2365 1254,2365 1298,2365 1343,2365 1388,2365 1433,2365 1478,2365 1522,2365 1567,2365 1612,2365 1657,2365 1702,2368 1746,2368 1791,2368 1836,2368 1881,2371 1893,2371"/><TextEquiv><Unicode>LEUTRES A UNE JEUNE DILLE</Unicode></TextEquiv></TextLine><TextLine id="tr_1779379480_tl_2" custom="readingOrder {index:1;}"><Coords points="1096,2507 1186,2524 1247,2496 1347,2510 1469,2504 1469,2441 1449,2434 1406,2455 1339,2449 1324,2464 1283,2446 1177,2461 1154,2443 1096,2443"/><Baseline points="1104,2490 1149,2487 1194,2487 1239,2487 1284,2487 1328,2490 1373,2490 1418,2490 1463,2493 1472,2493"/><TextEquiv><Unicode>(Cinquième lettre.)</Unicode></TextEquiv></TextLine><TextEquiv><Unicode></Unicode></TextEquiv></TextRegion><TextRegion id="tr_1779379478" custom="readingOrder {index:5;} structure {type:paragraph;score:0.99;}"><Coords points="158,2609 1252,2609 1252,3801 158,3801"/><TextLine id="tr_1779379478_tl_1" custom="readingOrder {index:0;}"><Coords points="229,2678 1241,2692 1226,2614 1093,2643 942,2607 229,2610"/><Baseline points="238,2666 283,2669 328,2669 373,2669 418,2669 462,2672 507,2672 552,2672 597,2672 642,2672 686,2672 731,2672 776,2672 821,2672 865,2675 910,2672 955,2675 1000,2675 1045,2675 1089,2675 1134,2675 1179,2675 1224,2678 1245,2681"/><TextEquiv><Unicode>Vous voilà bien joyeuse, chère enfant. Un voyage,</Unicode></TextEquiv></TextLine><TextLine id="tr_1779379478_tl_2" custom="readingOrder {index:1;}"><Coords points="185,2730 1247,2738 1246,2703 983,2680 185,2691"/><Baseline points="194,2723 238,2723 283,2726 328,2726 373,2726 418,2726 462,2726 507,2726 552,2726 597,2726 642,2729 686,2729 731,2729 776,2726 821,2729 865,2729 910,2729 955,2729 1000,2729 1045,2729 1089,2729 1134,2732 1179,2732 1224,2732 1251,2732"/><TextEquiv><Unicode>un séjour à la campagne chez d'aimables amis, vous</Unicode></TextEquiv></TextLine><TextLine id="tr_1779379478_tl_3" custom="readingOrder {index:2;}"><Coords points="190,2795 1238,2799 1237,2755 188,2732"/><Baseline points="197,2771 241,2774 286,2774 331,2777 376,2777 421,2777 465,2780 510,2780 555,2780 600,2780 645,2780 689,2780 734,2780 779,2780 824,2783 868,2783 913,2783 958,2783 1003,2783 1048,2783 1092,2783 1137,2783 1182,2783 1227,2783 1242,2786"/><TextEquiv><Unicode>offrent une respective de l'autant plus</Unicode></TextEquiv></TextLine><TextLine id="tr_1779379478_tl_4" custom="readingOrder {index:3;}"><Coords points="191,2836 1220,2856 1243,2808 190,2795"/><Baseline points="200,2824 244,2824 289,2824 334,2824 379,2827 424,2827 468,2830 513,2830 558,2830 603,2830 647,2833 692,2833 737,2833 782,2833 827,2833 871,2833 916,2833 961,2833 1006,2836 1051,2836 1095,2836 1140,2836 1185,2836 1230,2836 1248,2836"/><TextEquiv><Unicode>douces que vous les goûterez en famille, et que ces</Unicode></TextEquiv></TextLine><TextLine id="tr_1779379478_tl_5" custom="readingOrder {index:4;}"><Coords points="199,2892 1195,2906 1251,2856 197,2840"/><Baseline points="206,2872 250,2875 295,2875 340,2875 385,2878 430,2878 474,2881 519,2884 564,2884 609,2884 653,2884 698,2884 743,2887 788,2887 833,2887 877,2887 922,2887 967,2887 1012,2887 1057,2887 1101,2890 1146,2890 1191,2887 1236,2887 1254,2887"/><TextEquiv><Unicode>vacances, en ajoutant à vos plaisirs, ne vous êteront</Unicode></TextEquiv></TextLine><TextLine id="tr_1779379478_tl_6" custom="readingOrder {index:5;}"><Coords points="194,2937 1241,2947 1241,2899 1195,2926 1147,2895 194,2892"/><Baseline points="203,2923 247,2926 292,2926 337,2926 382,2929 427,2932 471,2932 516,2935 561,2935 606,2935 650,2938 695,2938 740,2938 785,2938 830,2938 874,2938 919,2938 964,2938 1009,2941 1054,2941 1098,2938 1143,2941 1188,2944 1233,2941 1245,2944"/><TextEquiv><Unicode>rien de votre bonheur. Je m’associe à votre joie, et</Unicode></TextEquiv></TextLine><TextLine id="tr_1779379478_tl_7" custom="readingOrder {index:6;}"><Coords points="203,2996 1238,3010 1220,2950 203,2938"/><Baseline points="212,2977 256,2977 301,2980 346,2980 391,2980 435,2983 480,2983 525,2986 570,2986 615,2989 659,2989 704,2989 749,2992 794,2992 839,2992 883,2992 928,2992 973,2992 1018,2992 1063,2992 1107,2992 1152,2995 1197,2995 1242,2995 1245,2992"/><TextEquiv><Unicode>puisque vous me demandez quelques conseils, je</Unicode></TextEquiv></TextLine><TextLine id="tr_1779379478_tl_8" custom="readingOrder {index:7;}"><Coords points="196,3035 1096,3077 1238,3053 1237,3010 194,3002"/><Baseline points="203,3022 247,3024 292,3027 337,3030 382,3030 427,3033 471,3033 516,3036 561,3036 606,3039 650,3039 695,3042 740,3042 785,3045 830,3045 874,3045 919,3042 964,3042 1009,3042 1054,3045 1098,3045 1143,3048 1188,3045 1233,3045 1242,3045"/><TextEquiv><Unicode>m’empresse de vous les offrir, en les accompagnant</Unicode></TextEquiv></TextLine><TextLine id="tr_1779379478_tl_9" custom="readingOrder {index:8;}"><Coords points="203,3088 1237,3131 1235,3070 1169,3050 798,3076 679,3039 202,3033"/><Baseline points="212,3078 256,3078 301,3078 346,3078 391,3081 435,3084 480,3087 525,3087 570,3090 615,3090 659,3090 704,3093 749,3093 794,3096 839,3096 883,3096 928,3096 973,3096 1018,3096 1063,3099 1107,3099 1152,3099 1197,3099 1239,3099"/><TextEquiv><Unicode>de mes vœux les plus sincères, afin que votre voyage</Unicode></TextEquiv></TextLine><TextLine id="tr_1779379478_tl_10" custom="readingOrder {index:9;}"><Coords points="196,3142 920,3168 1014,3161 1014,3120 193,3087"/><Baseline points="203,3129 247,3129 292,3129 337,3129 382,3132 427,3135 471,3138 516,3141 561,3141 606,3141 650,3144 695,3144 740,3147 785,3147 830,3150 874,3150 919,3150 964,3150 1009,3153 1018,3153"/><TextEquiv><Unicode>soit agréable et suivi d’un paisible retour.</Unicode></TextEquiv></TextLine><TextLine id="tr_1779379478_tl_11" custom="readingOrder {index:10;}"><Coords points="242,3194 1205,3223 1226,3148 1095,3135 902,3184 526,3143 240,3160"/><Baseline points="250,3177 295,3180 340,3180 385,3180 430,3183 474,3186 519,3189 564,3192 609,3192 653,3195 698,3195 743,3198 788,3201 833,3201 877,3204 922,3204 967,3204 1012,3204 1057,3204 1101,3204 1146,3207 1191,3207 1233,3204"/><TextEquiv><Unicode>« Le voyage, dit Montaigne, me semble un exer¬</Unicode></TextEquiv></TextLine><TextLine id="tr_1779379478_tl_12" custom="readingOrder {index:11;}"><Coords points="197,3252 1241,3275 1240,3206 1062,3232 196,3194"/><Baseline points="206,3234 250,3234 295,3234 340,3234 385,3234 430,3234 474,3237 519,3237 564,3239 609,3242 653,3242 698,3245 743,3248 788,3248 833,3251 877,3251 922,3251 967,3251 1012,3254 1057,3257 1101,3257 1146,3257 1191,3257 1236,3260 1245,3260"/><TextEquiv><Unicode>» cice profitable; l’âme y est sans cesse occupée à</Unicode></TextEquiv></TextLine><TextLine id="tr_1779379478_tl_13" custom="readingOrder {index:12;}"><Coords points="197,3302 1244,3320 1212,3268 197,3258"/><Baseline points="206,3284 250,3284 295,3284 340,3284 385,3284 430,3284 474,3284 519,3284 564,3287 609,3290 653,3290 698,3293 743,3296 788,3299 833,3299 877,3299 922,3302 967,3302 1012,3305 1057,3305 1101,3308 1146,3311 1191,3311 1236,3311 1248,3311"/><TextEquiv><Unicode>» remarquer des choses inconnues et nouvelles, et je</Unicode></TextEquiv></TextLine><TextLine id="tr_1779379478_tl_14" custom="readingOrder {index:13;}"><Coords points="197,3342 1238,3379 1237,3319 197,3304"/><Baseline points="206,3335 250,3335 295,3332 340,3335 385,3335 430,3335 474,3338 519,3338 564,3338 609,3341 653,3341 698,3341 743,3344 788,3347 833,3347 877,3350 922,3350 967,3353 1012,3353 1057,3356 1101,3356 1146,3359 1191,3359 1236,3362 1242,3362"/><TextEquiv><Unicode>» ne connais pas de meilleure école, comme je l'ai</Unicode></TextEquiv></TextLine><TextLine id="tr_1779379478_tl_15" custom="readingOrder {index:14;}"><Coords points="199,3395 1232,3426 1231,3374 197,3342"/><Baseline points="206,3386 250,3386 295,3386 340,3386 385,3386 430,3386 474,3389 519,3392 564,3392 609,3392 653,3392 698,3392 743,3395 788,3395 833,3398 877,3401 922,3401 967,3401 1012,3404 1057,3407 1101,3407 1146,3410 1191,3410 1236,3407"/><TextEquiv><Unicode>» dit souvent, pour façonner la vie, que de lui propo¬</Unicode></TextEquiv></TextLine><TextLine id="tr_1779379478_tl_16" custom="readingOrder {index:15;}"><Coords points="196,3458 1229,3466 1228,3429 194,3406"/><Baseline points="203,3434 247,3437 292,3437 337,3437 382,3440 427,3440 471,3440 516,3440 561,3443 606,3443 650,3446 695,3446 740,3446 785,3449 830,3449 874,3449 919,3452 964,3452 1009,3452 1054,3454 1098,3457 1143,3460 1188,3460 1233,3460 1236,3457"/><TextEquiv><Unicode>» ser incessamment la diversité des autres vies, cou¬</Unicode></TextEquiv></TextLine><TextLine id="tr_1779379478_tl_17" custom="readingOrder {index:16;}"><Coords points="188,3513 955,3504 1243,3541 1241,3475 1192,3469 187,3460"/><Baseline points="197,3487 241,3490 286,3490 331,3490 376,3490 421,3490 465,3493 510,3493 555,3493 600,3496 645,3496 689,3496 734,3499 779,3499 824,3502 868,3502 913,3502 958,3505 1003,3505 1048,3508 1092,3508 1137,3511 1182,3514 1227,3514 1245,3514"/><TextEquiv><Unicode>» tumes et usages différents. Le corps n’y est ni oisil</Unicode></TextEquiv></TextLine><TextLine id="tr_1779379478_tl_18" custom="readingOrder {index:17;}"><Coords points="190,3556 1235,3579 1234,3528 188,3522"/><Baseline points="197,3544 241,3544 286,3544 331,3544 376,3541 421,3544 465,3544 510,3544 555,3547 600,3547 645,3550 689,3550 734,3550 779,3553 824,3553 868,3553 913,3556 958,3556 1003,3556 1048,3559 1092,3562 1137,3565 1182,3565 1227,3568 1239,3568"/><TextEquiv><Unicode>» ni travaillé, et cette agitation le met en haleine. »</Unicode></TextEquiv></TextLine><TextLine id="tr_1779379478_tl_19" custom="readingOrder {index:18;}"><Coords points="200,3609 1241,3632 1240,3583 977,3559 876,3588 800,3557 199,3553"/><Baseline points="209,3595 253,3598 298,3598 343,3595 388,3595 432,3595 477,3595 522,3598 567,3598 612,3598 656,3601 701,3601 746,3604 791,3604 836,3604 880,3607 925,3607 970,3607 1015,3610 1060,3613 1104,3616 1149,3619 1194,3619 1239,3622 1245,3622"/><TextEquiv><Unicode>Vous serez de l’avis de Montaigne, et, voyageant avec</Unicode></TextEquiv></TextLine><TextLine id="tr_1779379478_tl_20" custom="readingOrder {index:19;}"><Coords points="197,3654 937,3657 1162,3703 1244,3690 1243,3646 196,3622"/><Baseline points="206,3646 250,3649 295,3649 340,3649 385,3649 430,3649 474,3649 519,3649 564,3649 609,3649 653,3652 698,3655 743,3655 788,3655 833,3658 877,3658 922,3658 967,3661 1012,3661 1057,3664 1101,3667 1146,3670 1191,3672 1236,3678 1245,3681"/><TextEquiv><Unicode>ceux qui vous sont chers, vous ne trouverez pas,</Unicode></TextEquiv></TextLine><TextLine id="tr_1779379478_tl_21" custom="readingOrder {index:20;}"><Coords points="194,3716 1238,3736 1195,3678 194,3664"/><Baseline points="203,3696 247,3699 292,3702 337,3702 382,3702 427,3702 471,3702 516,3702 561,3702 606,3702 650,3702 695,3705 740,3708 785,3708 830,3708 874,3708 919,3708 964,3711 1009,3714 1054,3714 1098,3717 1143,3720 1188,3723 1233,3723 1242,3723"/><TextEquiv><Unicode>comme madame de Staël, que voyager est un des</Unicode></TextEquiv></TextLine><TextLine id="tr_1779379478_tl_22" custom="readingOrder {index:21;}"><Coords points="196,3771 1251,3802 1249,3744 194,3716"/><Baseline points="203,3753 247,3750 292,3753 337,3756 382,3756 427,3759 471,3756 516,3756 561,3756 606,3756 650,3759 695,3759 740,3762 785,3762 830,3762 874,3765 919,3765 964,3768 1009,3768 1054,3768 1098,3771 1143,3774 1188,3774 1233,3777 1254,3777"/><TextEquiv><Unicode>plus tristes plaisirs de la vie; aussi, je ne prétends</Unicode></TextEquiv></TextLine><TextEquiv><Unicode></Unicode></TextEquiv></TextRegion><TextRegion id="tr_1779379477" custom="readingOrder {index:6;} structure {type:paragraph;score:0.99;}"><Coords points="1306,2617 2429,2625 2426,3804 1299,3804"/><TextLine id="tr_1779379477_tl_1" custom="readingOrder {index:0;}"><Coords points="1325,2698 2373,2703 2373,2643 2091,2652 2003,2605 1325,2619"/><Baseline points="1334,2681 1379,2678 1424,2678 1469,2678 1513,2678 1558,2678 1603,2681 1648,2681 1693,2681 1737,2681 1782,2681 1827,2681 1872,2681 1917,2681 1961,2684 2006,2684 2051,2684 2096,2684 2141,2681 2185,2681 2230,2681 2275,2681 2320,2681 2365,2681 2376,2681"/><TextEquiv><Unicode>pas vous démontrer l’utilité ou l‘agrément des voya¬</Unicode></TextEquiv></TextLine><TextLine id="tr_1779379477_tl_2" custom="readingOrder {index:1;}"><Coords points="1322,2752 2376,2767 2350,2700 1322,2697"/><Baseline points="1331,2735 1349,2729 1394,2729 1439,2732 1484,2729 1528,2729 1573,2732 1618,2732 1663,2732 1708,2732 1752,2732 1797,2732 1842,2735 1887,2732 1932,2735 1976,2735 2021,2735 2066,2732 2111,2732 2156,2732 2200,2735 2245,2735 2290,2735 2335,2735 2379,2729"/><TextEquiv><Unicode>ges, mais vous donner quelques règles de convenan¬</Unicode></TextEquiv></TextLine><TextLine id="tr_1779379477_tl_3" custom="readingOrder {index:2;}"><Coords points="1319,2810 2266,2795 2266,2758 2168,2743 1319,2750"/><Baseline points="1328,2780 1373,2780 1418,2783 1463,2783 1508,2783 1552,2783 1597,2783 1642,2783 1687,2783 1731,2786 1776,2786 1821,2786 1866,2786 1911,2786 1955,2786 2000,2786 2045,2786 2090,2786 2135,2786 2179,2786 2224,2789 2269,2789 2272,2786"/><TextEquiv><Unicode>ces pour ce genre de vie nouveau et transitoire.</Unicode></TextEquiv></TextLine><TextLine id="tr_1779379477_tl_4" custom="readingOrder {index:3;}"><Coords points="1376,2860 2319,2862 2383,2856 2382,2802 1374,2799"/><Baseline points="1385,2833 1430,2833 1475,2833 1519,2836 1564,2836 1609,2836 1654,2836 1699,2836 1743,2836 1788,2839 1833,2839 1878,2836 1923,2836 1967,2836 2012,2839 2057,2836 2102,2839 2147,2839 2191,2839 2236,2839 2281,2842 2326,2842 2371,2842 2385,2839"/><TextEquiv><Unicode>Vous voyagez sous la protection de votre père, mais</Unicode></TextEquiv></TextLine><TextLine id="tr_1779379477_tl_5" custom="readingOrder {index:4;}"><Coords points="1322,2915 2383,2911 2373,2853 1322,2860"/><Baseline points="1331,2887 1376,2887 1421,2887 1466,2887 1511,2887 1555,2887 1600,2887 1645,2887 1690,2887 1734,2890 1779,2890 1824,2890 1869,2890 1914,2890 1958,2890 2003,2893 2048,2890 2093,2890 2138,2890 2182,2890 2227,2890 2272,2890 2317,2893 2362,2893 2385,2890"/><TextEquiv><Unicode>peut-être n'en sera-t-il pas toujours ainsi, et vous</Unicode></TextEquiv></TextLine><TextLine id="tr_1779379477_tl_6" custom="readingOrder {index:5;}"><Coords points="1316,2969 2382,2958 2382,2915 2333,2900 1316,2915"/><Baseline points="1325,2941 1370,2941 1415,2938 1460,2938 1505,2941 1549,2941 1594,2941 1639,2941 1684,2941 1728,2941 1773,2944 1818,2944 1863,2944 1908,2944 1952,2944 1997,2944 2042,2944 2087,2944 2132,2944 2176,2944 2221,2944 2266,2947 2311,2944 2356,2944 2385,2950"/><TextEquiv><Unicode>sentirez mieux alors combien une femme doit garder,</Unicode></TextEquiv></TextLine><TextLine id="tr_1779379477_tl_7" custom="readingOrder {index:6;}"><Coords points="1319,3004 2376,3009 2344,2950 1318,2969"/><Baseline points="1328,2989 1373,2992 1418,2992 1463,2992 1508,2992 1552,2995 1597,2995 1642,2995 1687,2995 1731,2995 1776,2995 1821,2995 1866,2995 1911,2995 1955,2998 2000,2998 2045,2998 2090,2998 2135,2995 2179,2998 2224,2998 2269,2995 2314,2995 2359,2995 2379,2995"/><TextEquiv><Unicode>en voyageant, de prudence et de modestie, afin de</Unicode></TextEquiv></TextLine><TextLine id="tr_1779379477_tl_8" custom="readingOrder {index:7;}"><Coords points="1319,3061 2376,3064 2376,3009 1319,3006"/><Baseline points="1328,3045 1373,3045 1418,3045 1463,3045 1508,3045 1552,3045 1597,3045 1642,3045 1687,3048 1731,3045 1776,3048 1821,3048 1866,3048 1911,3048 1955,3051 2000,3051 2045,3048 2090,3048 2135,3048 2179,3048 2224,3045 2269,3045 2314,3042 2359,3045 2379,3048"/><TextEquiv><Unicode>n’autoriser personne à se familiariser avec elle. Donc,</Unicode></TextEquiv></TextLine><TextLine id="tr_1779379477_tl_9" custom="readingOrder {index:8;}"><Coords points="1316,3106 2373,3120 2373,3062 2267,3054 1316,3067"/><Baseline points="1325,3099 1346,3099 1391,3096 1436,3099 1481,3099 1525,3099 1570,3099 1615,3099 1660,3099 1705,3099 1749,3099 1794,3102 1839,3102 1884,3102 1929,3102 1973,3102 2018,3102 2063,3099 2108,3099 2153,3096 2197,3096 2242,3096 2287,3093 2332,3090 2376,3087"/><TextEquiv><Unicode>mon Albertine, évitez en voyage de recevoir, et sur¬</Unicode></TextEquiv></TextLine><TextLine id="tr_1779379477_tl_10" custom="readingOrder {index:9;}"><Coords points="1319,3169 2365,3149 2365,3114 2266,3102 1954,3131 1319,3103"/><Baseline points="1328,3147 1337,3150 1382,3150 1427,3153 1472,3153 1516,3153 1561,3153 1606,3153 1651,3153 1696,3153 1740,3153 1785,3156 1830,3156 1875,3156 1920,3153 1964,3153 2009,3153 2054,3150 2099,3147 2144,3147 2188,3144 2233,3144 2278,3144 2323,3144 2368,3141"/><TextEquiv><Unicode>tout de provoquer les soins, les attentions d’un étran¬</Unicode></TextEquiv></TextLine><TextLine id="tr_1779379477_tl_11" custom="readingOrder {index:10;}"><Coords points="1328,3226 2374,3215 2359,3152 1328,3166"/><Baseline points="1337,3210 1346,3207 1391,3204 1436,3207 1481,3207 1525,3207 1570,3207 1615,3207 1660,3207 1705,3207 1749,3207 1794,3207 1839,3207 1884,3207 1929,3204 1973,3204 2018,3201 2063,3198 2108,3195 2153,3195 2197,3195 2242,3195 2287,3195 2332,3195 2376,3195"/><TextEquiv><Unicode>ger. N'acceptez les services d’un homme qui n’est ni</Unicode></TextEquiv></TextLine><TextLine id="tr_1779379477_tl_12" custom="readingOrder {index:11;}"><Coords points="1322,3275 2282,3272 2368,3264 2370,3221 1322,3224"/><Baseline points="1331,3257 1340,3257 1385,3257 1430,3257 1475,3260 1519,3260 1564,3260 1609,3260 1654,3260 1699,3260 1743,3257 1788,3257 1833,3257 1878,3254 1923,3254 1967,3251 2012,3251 2057,3248 2102,3245 2147,3245 2191,3245 2236,3245 2281,3245 2326,3245 2371,3239"/><TextEquiv><Unicode>votre père, ni votre frère, que lorsque vous ne pour¬</Unicode></TextEquiv></TextLine><TextLine id="tr_1779379477_tl_13" custom="readingOrder {index:12;}"><Coords points="1316,3333 2379,3313 2379,3258 2227,3250 1318,3281"/><Baseline points="1325,3311 1352,3311 1397,3311 1442,3311 1487,3314 1531,3311 1576,3311 1621,3311 1666,3311 1711,3308 1755,3308 1800,3308 1845,3305 1890,3305 1935,3302 1979,3302 2024,3299 2069,3299 2114,3296 2159,3296 2203,3296 2248,3296 2293,3296 2338,3296 2382,3299"/><TextEquiv><Unicode>rez pas les refuser; n'entamez de conversation avec</Unicode></TextEquiv></TextLine><TextLine id="tr_1779379477_tl_14" custom="readingOrder {index:13;}"><Coords points="1316,3377 2363,3354 2363,3310 1318,3333"/><Baseline points="1325,3365 1334,3365 1379,3365 1424,3365 1469,3365 1513,3365 1558,3362 1603,3362 1648,3362 1693,3359 1737,3359 1782,3356 1827,3353 1872,3353 1917,3353 1961,3350 2006,3350 2051,3350 2096,3347 2141,3350 2185,3347 2230,3344 2275,3347 2320,3344 2365,3347"/><TextEquiv><Unicode>personne, répondez, si l’on vous parle, avec beau¬</Unicode></TextEquiv></TextLine><TextLine id="tr_1779379477_tl_15" custom="readingOrder {index:14;}"><Coords points="1318,3432 2367,3424 2368,3351 1319,3379"/><Baseline points="1328,3416 1340,3413 1385,3416 1430,3416 1475,3416 1519,3413 1564,3413 1609,3410 1654,3410 1699,3407 1743,3407 1788,3404 1833,3404 1878,3401 1923,3404 1967,3401 2012,3401 2057,3401 2102,3401 2147,3398 2191,3398 2236,3395 2281,3395 2326,3398 2371,3401"/><TextEquiv><Unicode>coup de politesse, mais aussi avec une grande réserve,</Unicode></TextEquiv></TextLine><TextLine id="tr_1779379477_tl_16" custom="readingOrder {index:15;}"><Coords points="1316,3482 2374,3469 2376,3415 1318,3432"/><Baseline points="1325,3466 1349,3466 1394,3466 1439,3463 1484,3463 1528,3463 1573,3460 1618,3460 1663,3457 1708,3457 1752,3457 1797,3454 1842,3454 1887,3454 1932,3452 1976,3452 2021,3452 2066,3449 2111,3452 2156,3452 2200,3452 2245,3452 2290,3449 2335,3452 2379,3452"/><TextEquiv><Unicode>et soyez en garde contre cette sorte d'intimité qui</Unicode></TextEquiv></TextLine><TextLine id="tr_1779379477_tl_17" custom="readingOrder {index:16;}"><Coords points="1318,3528 2373,3508 2373,3475 2198,3455 1319,3487"/><Baseline points="1328,3520 1346,3517 1391,3517 1436,3517 1481,3514 1525,3514 1570,3511 1615,3511 1660,3508 1705,3508 1749,3508 1794,3505 1839,3505 1884,3505 1929,3505 1973,3505 2018,3502 2063,3505 2108,3502 2153,3502 2197,3502 2242,3502 2287,3505 2332,3505 2376,3499"/><TextEquiv><Unicode>s'établit si promptement en voyage, pour finir pres¬</Unicode></TextEquiv></TextLine><TextLine id="tr_1779379477_tl_18" custom="readingOrder {index:17;}"><Coords points="1316,3582 2370,3577 2371,3531 1316,3536"/><Baseline points="1325,3568 1343,3568 1388,3568 1433,3568 1478,3565 1522,3562 1567,3559 1612,3559 1657,3559 1702,3559 1746,3559 1791,3559 1836,3556 1881,3556 1926,3556 1970,3556 2015,3556 2060,3556 2105,3553 2150,3553 2194,3556 2239,3556 2284,3559 2329,3559 2374,3562"/><TextEquiv><Unicode>que toujours lorsqu'on arrive au terme de la route.</Unicode></TextEquiv></TextLine><TextLine id="tr_1779379477_tl_19" custom="readingOrder {index:18;}"><Coords points="1316,3632 2370,3622 2370,3576 1316,3582"/><Baseline points="1325,3622 1343,3622 1388,3619 1433,3619 1478,3616 1522,3613 1567,3613 1612,3610 1657,3610 1702,3610 1746,3607 1791,3610 1836,3607 1881,3607 1926,3607 1970,3607 2015,3607 2060,3607 2105,3607 2150,3607 2194,3610 2239,3607 2284,3610 2329,3613 2374,3607"/><TextEquiv><Unicode>Mais autant je désire vous trouver silencieuse et ré¬</Unicode></TextEquiv></TextLine><TextLine id="tr_1779379477_tl_20" custom="readingOrder {index:19;}"><Coords points="1322,3689 2376,3677 2354,3620 1322,3641"/><Baseline points="1331,3670 1349,3672 1394,3670 1439,3667 1484,3667 1528,3664 1573,3661 1618,3661 1663,3661 1708,3661 1752,3661 1797,3661 1842,3661 1887,3661 1932,3661 1976,3661 2021,3661 2066,3661 2111,3664 2156,3664 2200,3667 2245,3667 2290,3664 2335,3667 2379,3664"/><TextEquiv><Unicode>servée avec vos compagnons de voyage, autant je</Unicode></TextEquiv></TextLine><TextLine id="tr_1779379477_tl_21" custom="readingOrder {index:20;}"><Coords points="1318,3744 2376,3723 2376,3678 2316,3674 1319,3692"/><Baseline points="1328,3726 1349,3723 1394,3720 1439,3720 1484,3717 1528,3714 1573,3714 1618,3714 1663,3714 1708,3714 1752,3711 1797,3714 1842,3714 1887,3711 1932,3714 1976,3714 2021,3714 2066,3714 2111,3717 2156,3717 2200,3717 2245,3717 2290,3714 2335,3714 2379,3714"/><TextEquiv><Unicode>souhaite que vous ayez pour vos compagnes, surtout</Unicode></TextEquiv></TextLine><TextLine id="tr_1779379477_tl_22" custom="readingOrder {index:21;}"><Coords points="1316,3790 2377,3796 2377,3721 1316,3742"/><Baseline points="1325,3780 1349,3774 1394,3774 1439,3771 1484,3768 1528,3768 1573,3768 1618,3765 1663,3765 1708,3765 1752,3765 1797,3765 1842,3768 1887,3768 1932,3768 1976,3771 2021,3771 2066,3771 2111,3771 2156,3771 2200,3765 2245,3765 2290,3765 2335,3762 2379,3762"/><TextEquiv><Unicode>pour les femmes âgées ou souffrantes, des égards et</Unicode></TextEquiv></TextLine><TextEquiv><Unicode></Unicode></TextEquiv></TextRegion></Page></PcGts>