2959 4075
1636 90 1816 187 226
782 168 1279 245 Un chapelet (1) lui donnai,
823 223 1158 294 Fait à la vesprée;
782 272 1273 350 Il le prit, bon gré l’en sçai,
823 323 1165 388 Puis m’a appelée :
773 365 1259 436 « Veuillez ouïr ma prière,
808 418 1268 491 » Très-belle et doucette !
781 470 1376 546 „ Un petit plus que n’affière (2),
815 520 1272 581 » Vous m'êtes durette. »
784 613 1290 671 On dit que j’ai bien matière
815 669 1210 726 D'être orguillousette ;
774 704 1217 767 Bien a raison d’être fière
810 755 1134 826 Jeune bachelette.
589 851 1303 926 Le triolet suivant reproduit on ne
1329 871 1638 937 peut mieux la
547 922 1627 978 tranquille bonhomie qui semble avoir distingué l'ex¬
546 978 1629 1052 cellent chanoine, presque autant que sa curiosité
542 1020 1318 1094 naïve et son amour de la locomotion :
661 1130 1454 1192 On doit le temps ainsi prendre qu’il vient ;
669 1186 1328 1246 Tout dit que pas ne dure la fortune.
669 1231 1422 1295 Un temps se part, et puis l’autre revient ;
666 1280 1439 1359 On doit le temps ainsi prendre qu’il vient.
666 1373 1391 1448 Je me conforte, en ce qu'il me souvient
676 1430 1385 1503 Que tous les mois avons nouvelle lune.
666 1473 1454 1545 On doit le temps ainsi prendre qu’il vient;
670 1526 1331 1611 Tout dit que pas ne dure la fortune.
591 1627 1395 1727 C'est absolument dans le ton d'Horace :
589 1718 1626 1789 « Vois comme la cime du Soracte blanchit sous une
539 1782 1626 1838 neige épaisse, comme les arbres fatigués s'affaissent
535 1834 1618 1904 sous le poids des frimas, et comme, saisies par la ge¬
540 1880 1627 1951 lée, les eaux se sont arrêtées dans leur cours. Chasse
540 1932 1627 2012 le froid, et, pour cela, ne crains ni d'entasser du bois
536 1988 1618 2054 dans ton foyer, ni de verser à flots d’une amphore sa¬
535 2032 1626 2107 bine un vin de quatre ans. Remets aux dieux le soin
540 2090 1625 2165 du reste : ils feront tomber les rents en lutte sur les
535 2152 1618 2219 flots bouillonnants de la mer, et cyprès et ormes an¬
546 2203 1348 2271 tiques cesseront alors d'être agités (3). »
591 2254 1620 2355 Au seizième siècle, l’Horace français, Salmon Ma¬
544 2325 1615 2410 crin de Loudun, disait aussi, dans une de ses meil¬
537 2381 1623 2478 leures odes latines, à son ami le savant Tusanus
544 2429 792 2516 (Toussaint) :
585 2516 1619 2590 « Déjà, Tusanus, l'orageuse Pléiade a voilé son
529 2567 1611 2641 front; sous l’humide vent du sud les nuées se con¬
537 2628 1615 2697 densent, et les verts bocages n'ont plus le même as¬
543 2676 1623 2760 pect. Redoutant l'inclémence de la mer Egée, le mar¬
537 2738 1625 2813 chand, songe à sa jeune femme, à son doux logis, et
529 2790 1618 2855 retire sa nef cyprienne dans la rade accoutumée. Tu
536 2840 1616 2907 vois quelles vicissitudes contraires transforment, dans
528 2879 1622 2955 leur succession rapide, le cours de la vie : tantôt
522 2950 1616 3024 Phébus resplendit, diaphane; tantôt il étouffe ses
532 3003 1622 3078 rayons. Quoi qu’il arrive, si tu es sage, oppose à tout
526 3067 1615 3125 une âme égale et prends tout en bonne part, soit
524 3119 1616 3174 qu'avec sa foudre Jupiter ébranle nos tour, soit qu’il
517 3173 1618 3236 éclaire mollement son limpide asur. Loin de toi l'an¬
521 3225 1615 3286 goisse accablante : voilà ce qui tue l'homme! Goûte
524 3282 1616 3352 les jouissances permises, tends au pauvre une main
559 3443 1615 3524 (1) Une couronne, une guirlande de fleurs. Ce n’est pas
513 3493 1608 3613 la première fois que nous rencontrons ce mot dans cette
513 3550 712 3613 acception.
546 3599 1188 3703 (2) Un peu plus qu’il ne convient.
542 3654 811 3746 (3) Odes, 1, 9.
1726 189 2816 299 secourable... abandonne le reste aux dieux et aux
1727 242 2277 305 destins tout-puissants (1). »
1764 302 2802 395 Nous venons de faire un peu comme Simonide,
1723 354 2449 427 dans certaine fable de la Fontaine :
1879 455 2563 517 Le poète d’abord parla de son héros.
1884 499 2650 576 Après en avoir dit ce qu’il en pouvait dire,
1886 550 2574 611 Il se jette à côté, se met sur le propos
1880 602 2297 676 De Castor et Pollux...
1759 696 2801 775 A son exemple, nous avons dit d’abord, au sujet de
1719 736 2795 831 Froissart considéré comme poète, à peu près ce que
1713 807 2797 893 nous en pouvions dire; et, quant au reste, deux rap¬
1718 871 2798 927 prochements nous ont tiré d’affaire. Le vieux chroni¬
1719 930 2801 1000 queur, au surplus, habitué à prendre le temps comme
1713 971 2794 1050 il vient, n’aura guère à se plaindre de notre conduite
1711 1015 2797 1093 à son égard, et nous ne pensons pas lui avoir donné
1713 1079 2254 1157 trop mauvaise compagnie.
2021 1250 2486 1339 CHRISTINE DE PISAN.
1759 1344 2799 1426 Cette femme remarquable, — pour son temps sur¬
1715 1417 2795 1485 tout, — et qui nous a laissé une foule d’ouvrages, en
1715 1469 2795 1536 prose et en vers (2), naquit à Venise, vers 1363. Son
1718 1526 2787 1603 père, Thomas de Pisan, fut appelé en France, en qua¬
1704 1570 2799 1648 lité d'astronome, par Charles V. Christine fut élevée
1707 1618 2797 1709 à la cour de ce prince, que l'histoire a furnommé le
1708 1679 2788 1750 Sage. A peine âgée de quinze ans, elle épousa un jeune
1707 1733 2794 1813 homme de Picardie, Estienne du Castel, noble de nais¬
1705 1798 2794 1860 sance et de caractère, courtois, honnête et savant, qui
1704 1841 2795 1905 reçut, presque aussitôt après son mariage, le titre de
1707 1890 2797 1962 notaire et secrétaire du roi. Malheureusement, il fut
1704 1960 2787 2017 emporté par une maladie contagieuse, à l’âge de
1713 1995 2802 2076 trente-quatre ans; et Christine, qui n’en avait que.
1711 2050 2795 2136 vingt-cinq, demeura seule au monde, seule avec trois
1707 2107 2801 2188 enfants. Mais c'était une nature d'élite; son courage
1704 2167 2799 2234 et sa résignation furent admirables. Se concentrant
1708 2210 2795 2276 avec héroïsme dans ses devoirs de mère, elle refusa
1705 2270 2794 2338 de se remarier, travailla sans relâche pour sa jeune
1707 2323 2791 2401 famille, imprima sur son doux visage la pâleur de
1705 2371 2791 2446 l'étude et la fatigue des veilles nocturnes, et attei¬
1708 2415 2795 2493 gnant enfin le but de tant d'efforts, se fit lire, applau¬
1708 2489 2783 2578 dir, estimer. On ignore en quel temps précis elle
1703 2523 1876 2587 mourut.
1761 2576 2781 2656 Voici la complainte qu'elle composa sur la mort du
1707 2631 2784 2704 premier duc de Bourgogne, Philippe le Hardi, oncle
1708 2697 2786 2758 de Charles VI; on pourra la rapprocher de la ballade
1704 2738 2787 2817 d'Eustache Deschamps sur Bertrand du Guesclin,
1712 2799 2787 2873 pièce remarquable que nous avons citée dans notre
1700 2859 2794 2940 dernier article, et se convaincre en même temps qu'elle
1703 2896 2312 2977 ne lui est pas trop inférieure :
1779 3004 2642 3086 Pleurez, Français, tous d'un commun vouloir;
1783 3056 2620 3114 Grands et petits, pleurez cette grand' perte!
1748 3214 2783 3294 (1) Poésies latines de Salmon Macrin, publiées chez Si¬
1698 3283 2163 3344 mon de Colines, en 1530.
1745 3316 2786 3386 (2) Ses principaux ouvrages en vers sont : le Luman d'O¬
1693 3382 2779 3434 théa et d'Hector, ou les Cent histoires de Troye, le Dit de la
1693 3426 2781 3480 Pastoure, le Duc des vrais amants, le Début des deux amants,.
1693 3480 2776 3527 le Dit de Poissy, le Livre des Trois jugements, poèmes, et
1693 3524 2776 3590 la Prière à Notre-Dame, chant en dix-huit strophes ou dou¬
1693 3575 2769 3632 zains. Quant à ses œuvres en p:ose, elles sont trop nom¬
1690 3625 2764 3710 breuses pour pouvoir être citées ici, et d'ailleurs nous n'a¬
1687 3673 2229 3739 vons pas à nous en occuper.
