2897 4318
1172 187 1362 288 147
682 410 1832 544 LE PONT DE MOUSSE
865 542 1694 680 Δ φνέξE (CẾуέnΗές) (1)
802 738 1313 825 Dans une gorge reculée
807 789 1397 874 S’ouvre et traverse la vallée
811 849 1467 934 Une arche au cintre verdoyant,
809 903 1389 967 Qui d'uno source cristalline
809 945 1442 1025 Transmet de colline en colline
800 1014 1435 1103 Le flot léger, frais et bruyant.
809 1114 1491 1190 A travers la mousse et les lierres,
807 1181 1469 1239 L’intervalle de quelques pierres
807 1226 1380 1293 A son faîte laisse épancher
811 1270 1433 1360 Une onde que le vent disperse
807 1335 1455 1409 Aux gazons, où l’osier se berce
809 1404 1478 1471 Aux flancs polis du noir rocher.
807 1482 1529 1560 Sur le gravier qu’un pré couronne,
807 1549 1368 1627 Le flot s’agite, tourbillonne
809 1602 1346 1678 Et s’étend, limpide miroir
807 1645 1504 1721 Qu’effleure en fuyant l’hirondelle,
809 1714 1328 1781 Où voltige la demoiselle,
807 1763 1409 1836 Où frémit la pourpre du soir.
800 1863 1538 1941 Puis, aux parois couvertes d’ombre,
800 1935 1469 2006 Dans le ravin sauvage et sombre
807 1977 1373 2057 Par la dure pente entraîné,
807 2037 1319 2104 En gémissant il précipite
807 2082 1409 2146 Le bouillonnement et la fuite
807 2142 1389 2227 De son courant désordonné.
809 2244 1522 2311 Comme un éclair, au roc qui fume
809 2302 1533 2376 Brille un instant la blanche écume
809 2354 1482 2420 Dont l’éclat se perd dans la nuit,
807 2409 1458 2465 Et de l’eau qui chantait si pure
800 2465 1529 2543 Il reste à peine un sourd murmure
807 2507 1373 2599 Qui s’éloigne et s‘évanouit.
802 2594 1480 2683 Mais cette onde dont la merveille
809 2668 1482 2753 Charme l’œil, enchante l‘oreille,
809 2717 1386 2788 Et fait sourire, et fait rêver,
807 2775 1413 2833 N’est point ici le seul prodige
802 2824 1458 2920 Dont on aime à voir le prestige,
800 2875 1333 2969 Le souvenir à conserver :
796 2958 1424 3060 Du large pont tout de verdure
807 3020 1524 3111 On cherche en vain l’architecture ;
802 3091 1591 3180 Point de grands blocs, point de ciment.
802 3147 1406 3209 On y voit mousses veloutées,
811 3200 1455 3270 Plantes par les vents apportées,
807 3256 1524 3352 Touffes d herbes au brin charmant.
800 3334 1413 3430 Là, se bercent les clématites ;
809 3414 1406 3479 Là, s’étalent les marguerites,
800 3466 1458 3541 Soleils d’argent, disques dorés :
807 3526 1368 3597 L’ardent papi lon y voltige
798 3568 1366 3648 Et l’abeille, de tige en tige,
809 3615 1464 3702 Bourdonne comme sur les prés.
176 3738 1964 3818 (1) Extrait de la nouvelle édition des VARIA. — Chez M. Paulin, éditeur, 60, rue Richelieu.
