2897 4318
1250 272 1356 354 253
208 335 1258 420 sur un bouillonné de même étoffe, très-long et sur¬
207 402 1259 480 tout très-ample, se ferme par des boutons de fantai¬
202 451 285 518 sie.
241 499 771 574 19, I. B., plumetis feudu.
241 564 1232 647 20 et 21, autres semés, plumetis et points sablés.
235 616 660 679 22, A. D., plumetis.
241 670 1260 751 23, ÉCUSSON-LÉGENDE renfermant le nom de Cécile,
194 722 395 790 plumetis.
242 764 982 849 24, J. F., plumetis simple ou feston.
246 830 1260 901 25, CHAUSSON POUR ENFANT DU PREMIER AGE, à broder
186 894 1262 958 au passé et soutache, sur du cachemire blanc, rose ou
190 937 1260 1003 bleu. Ces petits chaussons me semblent plus jolis
188 990 1258 1054 tout blancs; on les monte soi-même, car rien n’est
199 1045 1262 1108 plus facile, puisqu’il ne s’agit pour l’intérieur que de
192 1100 1262 1161 les piquer ou simplement de les garnir d’une petite
191 1157 1260 1217 flanelle; le dessus est lacé et orné d’un nœud de
183 1200 1263 1280 ruban. Cet ouvrage sans importance fait toujours
195 1256 1248 1319 plaisir à une jeune mère, et il est aussi fort bien ac¬
190 1323 1248 1384 cueilli dans toutes nos loteries, la vente en étant d’a¬
190 1358 495 1424 vance assurée.
225 1412 1248 1481 26, T. G. pour mouchoirs d’homme, plumetis sim¬
187 1467 457 1544 ple ou feston.
231 1519 1251 1597 27, DESSUS DE PELOTE pour broder au passé sur
183 1588 1250 1650 moire blanche; Ia soie cordonnet pourra être, ou
183 1630 1240 1705 d’une seule couleur, ou assortie aux couleurs natu¬
178 1683 1248 1758 relles des fleurs et du feuillage ; le chiffre en soie
180 1740 1239 1812 maïs. Pour une jeune mariée, la moire bleu clair
186 1798 1241 1875 pourrait remplacer la moire blanche ; une passe¬
179 1852 1250 1929 menterie et une jolie frange mousse termineront ce
179 1900 555 1965 charmant ouvrage.
211 1957 979 2035 28, BOUTONNIÈRE au plumetis très-fin.
219 2008 1100 2077 29, L. L. enlacés, plumetis et points sablés.
213 2061 955 2135 30, M. H., plumetis, æillets ou pois.
218 2114 946 2183 31, J. L., plumetis et points sablés.
223 2167 1240 2256 32. DESSIN SOMPLE ET LÉCER POURMANCHES BOUILLONS,
174 2202 1049 2291 à broder sur mousseline au plumetis facile.
218 2265 1235 2351 33, ENTRE-DEUX allant avec les manches bouillons.
211 2331 1034 2404 34, Suzanne, plumetis et æillets ou pois.
215 2374 755 2437 35, BOUTONNIÈRE, plumetis.
218 2429 963 2499 36, ENTRE-DEUX, guipure et plumetis.
211 2471 842 2568 Nous voici au côté des patrons.
211 2554 1241 2616 37, PARTON D'UN MANTELET DE PETITE FILLE DE TROIS A
172 2605 1236 2666 QUATRE ANS, dont tu vois le croquis au n° 38, et qui te
165 2662 1232 2718 dit assez que tout le corps de ce petit mantelet est
171 2703 1233 2761 composé d’entre-deux guipure et d‘une bande de taf¬
160 2756 1227 2819 fetas de largeur égale, dont les distance sont indi¬
172 2804 1228 2886 quées par les fraits que tu vois sur le patron; tout
164 2872 1232 2929 autour se trouve un volant, haut, par derrière, de
167 2912 1224 2975 douze centimètres, allant, sur le devant, en dimi¬
161 2970 1233 3038 nuant; au bord du volant est un entre-deux guipure
161 3010 1224 3098 et une dentelle du même genre. Ce mantelet, dont le
159 3065 1229 3141 modèle nous vient de la maison Havez, était encore
159 3118 1227 3194 reproduit de la manière que voici : sur un fond de
159 3170 1227 3243 tulle de Lyon noir étaient alternés un entre-deux de
172 3213 1225 3307 guipure et un rang d'effilé gaufré de même largeur
171 3274 1216 3345 que l’entre-deux. Le volant, dans les mêmes pro¬
165 3318 1212 3418 portions, était également composé d’entre-deux et
167 3372 1215 3447 d'effilés. Ce genre, très-joli, peut se faire à bon mar¬
164 3428 1217 3505 ché, car les effilés noirs coûtent très-peu, et l’on
153 3473 1217 3571 trouve en mutation des entre-deux qui valent les
164 3527 1209 3605 vraies guipures ou les Chantilly. Pour grandes per¬
152 3586 1206 3658 sonnes, cette dernière composition est aussi très¬
147 3625 358 3692 heureuse.
198 3692 1215 3763 38, CROQUIS DU MANTELET que nous venons de dé¬
149 3727 270 3798 crire.
1399 339 2416 456 39 à 41, PARTON D'UNEMANCHE DE ROBE DE FORME
1346 425 2408 507 ODALISQUE. Cette forme, pendante du bas et très¬
1340 464 2406 555 fuyante, est réellement la seule nouveauté du mo¬
1349 526 2413 608 ment, car nous ne parlerons plus des bouillons et
1348 589 2412 666 des volants que l’on cherche à varier à l‘infini et qui
1336 628 2406 714 n’en sont pas moins ce qu’ils étaient il y a un an,
1350 679 2404 755 tandis que la manche odalisque et la mancke grec¬
1344 738 2413 808 que, celle-ci à peu près semblable à celle—là, sortent
1338 799 2408 855 un peu de tout ce que nous avons vu jusqu'a présent.
1334 833 2413 916 La plupart se font feudues jusqu'à la saignée, avec un
1340 888 2409 970 nœud de velours ou de ruban, suivant la garniture
1337 942 2408 1018 de la robe; le patron que je t'envoie, au contraire,
1336 998 2395 1069 est fermé jusqu’au bas; ce genre plus simple con¬
1340 1046 2405 1123 vient aux robes ordinaires. D’ailleurs, lorsque tu
1336 1103 2404 1177 voudras donner à ta manche plus d’élégance, rien
1330 1151 2381 1240 ne te sera plus aisé que de l’ouvrir comme la précé¬
1333 1212 2399 1280 dente et même au delà; la garniture de dessus te
1336 1266 2398 1338 servira de limite. Ces sortes de manches étant fort
1329 1309 2399 1388 large exigent une doublure blanche en percaline de
1332 1369 2184 1438 soie et une ruche de ruban de satin blanc.
1373 1424 2399 1489 42, CROQUIS DE LA MANCHE toute montée et garnie
1323 1473 2399 1547 d’un double rang de ruches en ruban; les fronces du
1323 1523 2394 1601 haut, sur lesquelles retombe le jockey, n’ont point
1322 1572 2395 1648 été assez marquées par le dessinateur; d’après ce
1330 1623 2397 1693 dessin, il n’y aurait, pour ainsi dire, pas d’ampleur
1326 1684 2395 1750 dans le haut, tandis que c’est le contraire, ainsi que
1318 1727 2005 1797 tu pourras en juger par le patron.
1368 1786 2397 1866 43, CROQUIS DE PANTALON pour notre poupée, miss
1326 1844 2395 1911 Lily; les fraits du bas indiquent la position des plis,
1322 1902 2387 1970 que l’on pourrait faire avec un petit jour à fil tiré.
1318 1949 2382 2013 Le cran du devant marque l’endroit jusqu’où le pan¬
1323 1992 1750 2061 talon doit être cousu.
1360 2057 2379 2124 44, LEINTURE DU PANTALON que l’on ferme à l‘aide
1319 2102 2385 2174 d’un bouton et d’une boutonnière ; cette ceinture doit
1313 2159 2385 2223 être fixée aux fronces du pantalon par un point de
1321 2213 2377 2274 piquûre à l’endroit et un point de côté à l'envers, pi¬
1321 2265 2371 2323 quant dans chaque fronce. Si j’entre dans d’aussi mi¬
1310 2317 2382 2383 nutieux détails, c’est d’abord parce que je sais miss
1310 2356 2382 2440 Lily très-difficile, et puis, surtout, parce que je tiens à
1306 2426 2382 2494 faire de nos toutes jeunes amies d’habiles ouvrières;
1314 2469 2383 2534 ce que l’on apprend dès le jeune âge ne s’oublie
1311 2515 1434 2582 point.
1356 2565 2374 2654 45 à 48, DOS, DEVANT, MANCHE ET COL D'UNE CARISOLE,
1306 2629 2363 2687 toujours pour miss Lisy. Le feston qui entoure ce pa¬
1310 2681 2367 2744 tron est placé en dedans du trait, de manière à indi¬
1306 2730 2373 2799 quer que ce feston peut aussi bien être fait au bord
1305 2798 2375 2849 qu'au-dessus d'un ourlet de deux centimètres. Sur
1311 2831 2374 2904 les épaules, la largeur des trois plis est marquée. Le
1307 2888 2367 2958 feston du bord pourrait, si l’on voulait varier, être
1306 2939 2369 3013 remplacé par un ourlet à jour ou par un ourlet pi¬
1307 2990 1395 3056 qué.
1345 3017 2081 3096 49, CROQUIS DE LAselisole TERïNÉE.
1341 3085 2362 3146 50, ROND pour faire le bonnet du n° 51. Plusieurs
1294 3143 2359 3204 fois déjà, tu m’as demandé une jolie forme de bonnet
1299 3194 2350 3252 de nuit, ne rappelant point ce que tu as reçu jus¬
1309 3252 2354 3317 qu’à présent ; croyant l’avoir enfin trouvée, je m’em¬
1302 3301 2359 3368 presse de te l’envoyer, et vais, à l‘aide de ce croquis
1297 3358 2362 3414 très-fidèlement rendu, du reste, t'expliquer comment
1294 3404 1794 3469 tu dois faire ce bonnet :
1348 3445 2355 3521 1° broder au plumetis le petit rond du n° 50;
1299 3502 2343 3571 2° choisir du jaconas fin et clair comme de la ba¬
1294 3562 2355 3632 tiste, et 3º, faire en plus grand comme un bonnet
1291 3611 2354 3680 d'enfant à coulisses; chaque coulisse a, de largeur,
1293 3679 2359 3726 deux centimètres et se trouve formée par cinq ganses
1297 3708 2351 3770 très-fines; il doit y avoir six coulisses; la coulisse
1294 3771 2354 3845 près du fond fait légèrement la pointe; le rond brodé
