2897 4318
1208 242 1344 332 209
252 320 1251 393 - Vous êtes un galant homme ! s'écria M. de la
166 388 1254 449 Morandière, et vous savez prendre les choses comme
165 432 328 507 il faut.
253 494 1253 558 Suivez-moi, monsieur; en attendant que vous
173 554 1244 620 entriez en possession du château à titre de maître,
167 604 1073 676 je vais vous y introduire en qualité d'ami. »
211 658 1251 725 La grille s’ouvrit devant eux; ils montèrent chez
166 707 796 782 Diane par l’escalier d’honneur.
666 834 751 921 III
630 955 787 1035 DIANE.
209 1076 1253 1155 La vicomtesse de Montclair était assise dans une
174 1134 1251 1193 vaste bergère, près d’une haute et antique cheminée
171 1183 1247 1247 où flambait un feu vif. Elle brodait au tambour. De
160 1227 1254 1315 l’autre côté du guéridon était assis un vieillard à la
171 1287 1247 1357 belle chevelure argentée et aux fraits vénérables :
174 1342 1251 1410 c’était le recteur du village. La jeune femme prêtait
173 1406 1247 1470 une attention profonde à la lecture, que lui faisait
166 1447 1251 1512 le recteur, du beau livre de l'Imitation. De temps
171 1507 1251 1565 en temps, elle suspendait sa tâche et s’abandonnait
165 1550 1239 1616 à ses réflexions. Le vieillard s’arrêtait un moment jus¬
160 1616 925 1671 qu'à ce qu'elle le priât de poursuivre.
201 1659 1242 1722 Lorsqu’elle craignit qu’il ne fût fatigué, elle le
170 1722 1239 1784 pria de cesser sa bienfaisante lecture, et lui dit avec
158 1764 709 1839 un sourire mélancolique :
208 1818 1240 1889 « Vous vous étonnez souvent de ma gravité pré¬
158 1877 1232 1948 coce, et pourtant elle n’a rien qui doive vous sur¬
167 1924 1232 1995 prendre. J’ai beaucoup regrette mon mari M. de Mont¬
158 1988 1239 2059 clair, qui, bien plus âgé que moi, me considérait
159 2040 1236 2101 comme sa fille; et j’ai vu, de plus, tomber autour de
152 2084 1242 2152 moi tous les parents de Henri, les miens. Je me
162 2130 1229 2200 trouve seule en face d’un jeune homme sans expé¬
162 2190 1238 2264 rience. Il faut que j’aie de la raison pour deux. Ce
160 2247 1231 2315 n’est pas la vie par elle-même qui m’inquiète, car
165 2296 1232 2365 pour ma part je ne désire rien, mais c’est l’avenir de
155 2347 413 2413 mon cousin.
264 2395 1232 2477 Patience, madame, dit le recteur; le comte vous
160 2452 1228 2526 écoute avec docilité, et il sait que vous êtes animée à
152 2490 1228 2584 son égard du dévouement le plus pur et le plus désin¬
160 2547 364 2613 téressé. »
196 2583 1225 2690 En cet instant la porte s’ouvrit et le comte entra,
152 2675 1231 2731 avec M. de la Morandière. Cette visite inattendue
154 2728 1229 2810 causa une extrême surprise à Diane; mais M. de
162 2762 1182 2842 Verville s’empressa de donner le mot de l’énigme.
199 2833 1229 2890 « Ma chère cousine, lui dit-il, j’ai l’honneur de
158 2878 1220 2959 vous présenter une de mes connaissances de Paris,
160 2913 1217 3021 M. de la Morandière, qui visite notre province et a bien
160 2968 665 3049 voulu se souvenir de moi.
208 3031 1216 3112 — Sous vosiscpices, monsieur ne peut être que le
158 3053 861 3151 bienvenu, répondit la vicomtesse. »
196 3127 1219 3210 M. de la Morandière fit un salut étudié; puis, il ha¬
151 3165 1217 3279 sarda quelques banalités sur la beauté des sides de la
165 3225 400 3290 Nochmandie.
207 3282 1119 3366 Diane avait sonné pour Commander le souper.
208 3351 1213 3433 « Restez-vous avec nous, monsieur le recteur? de¬
158 3378 639 3460 manda-t-elle au curé. »
200 3431 1202 3524 Celui-ci la remercia et prit congé. Comme la vi¬
148 3464 1208 3605 comtesse le reconduisait, il lui dit dans le Salon sui¬
155 3548 276 3608 vant:
188 3608 944 3668 « Je ne sais, vous avez l’air inquiet...
241 3658 1209 3737 J'en conviens; ces amis de Paris m’inspirent un
141 3714 1210 3803 certain effroi. Ce monsieur surtout a quelque chose
140 3763 1200 3852 de mystérieux, et ses manières manquent de dis¬
326 3822 959 3921 VINGT-CINQUIÈME ANNÉE. — N° VII.
1327 330 2415 439 tinction. Je m'étonne que mon cousin se soit lié avec
1330 389 1410 464 lui.
1401 437 1942 520 — Tout s'éclaircira bientôt.
1376 502 2156 586 — Je l'espère, dit Diane avec fermeté.
1425 562 2410 653 Moi aussi. En attendant, gardez ce livre; et
1329 623 2410 715 toutes les fois que vous éprouverez de l’ennui, de la
1329 670 2411 749 défaillance, recourez-y comme au meilleur remède
1336 722 2421 815 pour les maladies de l'âme, bien autrement graves
1333 782 1890 847 que les maladies du corps.
1378 839 2421 908 — Je le garde, monsieur le recteur; et, si je ne me
1331 883 2421 960 trompe, j’aurai à m’en servir bientôt. Mais il me
1331 936 2138 1008 donnera de la force et de la patience. »
1370 997 2418 1066 Elle rentra. En ce moment Henri disait à M. de la
1322 1034 1594 1103 Morandière :
1376 1106 2410 1178 « Ce que vous exigez pour ce soir m’est vraiment
1322 1138 1602 1213 impossible. »
1367 1200 2410 1277 La vicomtesse saisit ces mots, mais n'en laissa rien
1334 1250 2406 1337 paraître. Sur son invitation, ils formèrent avec elle
1331 1315 2407 1391 un petit cercle autour du feu. Elle s'arma d'un écran
1331 1368 2268 1431 et dit en abritant à demi sa charmante figure :
1370 1409 2411 1486 « Mon cousin, je crois que M. de la Morandière est
1323 1477 2415 1540 assez de vos amis pour que je puisse vous faire devant
1322 1514 2414 1591 lui une confidence intime. Vous savez combien de fois
1329 1565 2414 1655 je vous ai blâmé de consumer dans l’obscur séjour de
1322 1622 2400 1705 la province votre jeunesse, votre énergie et vos ta¬
1316 1676 2407 1765 lents. Vous m’avez permis d’agir, de demander en
1330 1741 2399 1816 votre nom. J'ai demandé au duc de Luxembourg, gou¬
1323 1798 2406 1870 verneur de Normandie; j’ai demandé à mon oncle,
1316 1833 2406 1915 M. Bigot de la Motte, inspecteur général de la marine
1322 1894 2403 1965 et des galères, et j’ai obtenu pour vous une épaulette
1319 1934 2379 2013 d’officier sur le vaisseau de Sa Majesté le Nepune...
1428 1999 2396 2075 Bravo! fit M. de la Morandière. Rien ne résiste
1321 2058 2048 2109 au pouvoir d’un sexe enchanteur. »
1361 2103 2384 2180 Sans honorer d’une marque d‘attention ce sot com¬
1316 2152 2398 2240 pliment, Diaue interrogea d’un regard fixe les traits
1310 2202 1514 2271 de Henri.
1359 2252 2396 2339 Le jeune homme était bouleversé. Il porta les mains
1306 2317 1911 2384 à son front et pencha la tête.
1355 2369 2316 2438 « Eh bien ! dit la vicomtesse, pas de réponse?
1418 2432 2384 2494 Ah! ma cousine, pourquoi faut-il que ce tou¬
1311 2467 2379 2542 chant témoignage de votre amitié m’accable de dou¬
1306 2530 2388 2604 leur, au lieu de me rendre heureux et fier de la noble
1318 2581 1954 2642 perspective qu'il va m'ouvrir !..
1402 2623 2379 2724 Je ne vous comprends pas, Henri. Parlez, parlez
1307 2679 1826 2735 vite. Vous m'épouvantez.
1413 2740 2181 2804 Oui, parlez vite, dit de la Morandière.
1350 2788 2384 2855 — Vous m’offrez une noble carrière, celle que j’ai
1300 2840 2383 2910 souvent rêvée, celle qui me permettra de rendre quel¬
1311 2898 2376 2961 ques services à mon pays. Mais s’il est vrai qu’un bre¬
1308 2957 2370 3018 vet me soit accordé, s’il est vrai que je doive partir
1299 3000 2381 3071 bientôt, quel regret n’ai-je pas à éprouver, ma chère
1300 3059 2375 3125 et bonne cousine, en pensant que je vous laisserai der¬
1300 3101 1545 3172 rière moi...
1405 3146 2365 3237 N'importe. Ici règne le calme; ici l'on peut at¬
1300 3207 1987 3291 tendre en paix ceux qui sont loin.
1401 3256 2360 3337 Non, ma cousine, ce n’est pas ici que vous pour¬
1296 3318 1629 3396 riez m'attendre.
1402 3365 1938 3441 Comment? et pourquoi?..
1401 3401 2361 3488 Ah ! vous allez me mépriser, et j'ose à peine lever
1296 3476 2362 3535 les yeux sur vous. Vous voyez un créancier et son dé¬
1293 3526 2370 3590 biteur ; le créancier c'est monsieur, le débiteur c' est
1293 3590 2373 3649 moi. La dette remonte à plus d’une année ; cette
1292 3628 2366 3721 dette, je l'ai contractée à Paris, sur une table de pha¬
1288 3687 1443 3755 raon!..
1390 3710 2368 3804 Expliquez-vous mieux, dit froidement auaine. Et
1281 3800 2364 3877 surtout calmez-vous. Ce n'est pas un juge sévère qui
