2946 4158
1583 114 1692 212 296
483 207 1579 281 cette grandeur, l’homme n’en est pas souvent capable;
485 266 1590 334 la femme, au contraire. Quand la foudre éclate et
496 323 1583 379 vient frapper une famille dans un fils bien-aimé, dans
487 376 1580 434 une fille chérie, combien de fois j’ai vu cela ! L’homme,
487 423 1583 487 le père, succombe anéanti; la femme, la mère, est
487 479 1580 535 brisée, mais elle résiste; on voit qu’elle est faite pour
479 536 1580 593 souffrir, qu’elle en a une science profonde, et que,
479 590 1585 653 selon l’admirable parole des saint livres, on lui a
487 636 1583 703 appris tous les secrets de l'infirmité et de la douleur.
485 696 1579 764 Il y a en elle quelque chose qui demeure là immolé,
487 755 1583 827 mais toujours debout et invincible, au milieu des
485 810 890 880 ruines de son cœur.
525 866 1583 922 » Alors, toute la majesté même d’un père disparaît et
485 919 1592 978 s'efface devant la dignité de la douleur maternelle ; et
490 975 1583 1030 pour moi, en contemplant cette douleur, je compatis¬
478 1032 1585 1097 sais sans doute, mais j’honorais encore plus; je res¬
486 1089 1579 1145 pectais avec attendrissement les plus héroïques, les
486 1139 1572 1192 plus hautes, les plus réparatrices, j’ai presque dit les
490 1189 1277 1246 plus divines infortunes de l'humanité.
524 1239 1583 1303 » Et qu'on ne me reproche pas de venir attrister ici
485 1301 1586 1360 la gloire et les joies de la dignité maternelle. Non: les
479 1345 1580 1419 femmes, les mères chrétiennes me comprendront, et
478 1408 1579 1475 bien qu’il y ait ici-bas des épines entrelacées aux
482 1459 1580 1533 joyaux de cette glorieuse couronne, c'est pour cela
479 1516 1575 1579 même que la femme évangélique la porte avec joie;
490 1571 1572 1633 elle en chérit les douleurs aussi bien que les gloires ;
479 1617 1580 1689 elle sent que de là viennent les droits sacrés qu’elle
489 1674 1572 1743 possède à la vénération et à l’amour de ses enfants,
478 1735 1489 1798 aux respects de leur père, et au secours de Dieu.
529 1789 1586 1844 » Et n'est-ce pas pour cela, enfin, que le Dieu du
479 1841 1579 1899 ciel et de la terre, le Père céleste a adressé aux fils
479 1892 1579 1950 de l’homme des exhortations si vives, et a consacré
487 1950 1580 2015 pour eux, dans un langage si simple et si profond, si
485 2000 1569 2060 touchant et si fort, les droits et la dignité de la dou¬
480 2054 1575 2124 leur maternelle ! Mon fils, honore ton père, et n’oublie
485 2112 1580 2168 jamais les gémissements de ta mère. Si tu honores ta
479 2161 1578 2236 mère, c’est comme si tu amassais des trésors dans ton
486 2231 1579 2288 cœur. Et que dire de cette extraordinaire puissance
490 2278 1579 2332 que Dieu a placée entre les mains des pères et des
486 2319 1580 2396 mères ? Les maisons des enfants s'élèvent par la béné¬
487 2384 1567 2438 diction du père, mais la malédiction de la mère les ar¬
479 2433 1074 2500 rache jusqu'aux fondements ?
521 2494 1580 2555 » Que dire de ces dernières paroles et de cette for¬
479 2550 1586 2607 midable différence? Ah ! c’est que la mère, c‘est
480 2590 1585 2665 l’amour : elle bénit, bén it toujours, mais quand cette
487 2653 1583 2715 vie pour laquelle elle eût donné la sienne se retourne
483 2707 1583 2786 contre elle, quand cet amour est vaincu et vient à
490 2749 1411 2818 maudire, c’est effroyable: il déracine, il tue !
525 2816 1582 2894 » Voilà pourquoi je dirais souvent : Mes enfants,
483 2859 1585 2940 le sachant et le voulant, ne faites pas pleurer vos
483 2910 645 2976 mères !
519 2973 1586 3045 » Mais laissons ces tristes pensées. Grâces en soient
482 3038 1586 3102 rendues au ciel, il se rencontre souvent ici-bas un
478 3084 1575 3155 meilleur et plus doux spectacle, et c'est une consola¬
485 3130 1578 3207 tion pour moi de le mettre en finissant sous les yeux
482 3179 1575 3254 de mes lecteurs : c’est celui que nous offrent les fa¬
485 3249 1576 3310 milles chrétiennes, celui que nous présentent les Saints
482 3295 1572 3360 livres eux-mêmes, lorsqu’ils nous montrent les fils de
480 3349 1580 3423 la femme forte se lever avec transport, se presser à
473 3402 1580 3481 l'envi autour de leur mère, admirer sa vertu, sa sa¬
480 3458 1589 3537 gesse, sa grandeur, et publier hautement qu'elle est
479 3510 1579 3597 bien heureuse ! Les filles de Juda, ravies d’admiration,
479 3568 1582 3653 se levèrent aussi, dit le Prophète, joignirent leurs
483 3611 1580 3705 louanges à celles de cette glorieuse famille, et s'écriè¬
473 3689 1574 3760 rent: Oui, les grâces sont trompeuses, la beauté est
479 3739 1575 3836 un éclat vain et fragile, mais votre sagesse et vos ver¬
1672 180 2781 277 tus, ô heureuse mère, méritent une louange immor¬
1674 266 1803 330 telle !
1717 317 2788 386 » Son époux, heureux et fier de sa noble et sainte
1667 377 2781 446 compagne, et partageant le respect de ses fils et de
1665 433 2779 507 ses filles pour leur mère, se lève à son tour, et lui,
1665 480 2781 561 dont le cœur s’était tant de fois reposé sur elle avec
1667 540 2781 613 bonheur, s’écrie: Vous avez surpassé toutes les femmes
1667 586 2781 664 par vos vertus ! Oui, vous étiez un trésor digne d’être
1670 659 2784 723 recherché jusque dans les terres les plus lointaines,
1667 714 2784 762 car depuis que vous êtes parmi nous, tous les jours de
1658 762 2686 834 votre vie vous avez fait le bien, et jamais le mal.
1711 829 2771 883 » Telle est donc la gloire de la dignité maternelle !
1667 870 2771 939 telle est la félicité pure de la famille humaine, sous
1667 922 2779 989 les Justices et la protection de l’autorité divine. Tel
1667 984 2782 1042 est un père, telle est une mère ; belle et sainte non
1672 1040 2778 1101 de la force et de la douceur, de la puissance et de Ia
1678 1085 2778 1159 grâce, de la sagesse et de l’amour, d’où naissent la vie,
1674 1143 2768 1220 la sécurité, la joie, la douce paix, la noble abondance,
1667 1198 2779 1266 la pieuse harmonie des vertus au foyer domestique,
1664 1257 2416 1315 et enfin la grande loi du respect ! »
1720 1299 2779 1377 Quel tableau ! quel exemple ! quet encouragement!
1670 1365 2778 1438 Ce beau portrait de la mère chrétienne nous semble
1667 1419 2770 1484 bien placé dans un journal destiné aux jeunes filles
1670 1469 2775 1533 et après avoir emprunté cette noble page au livre de
1667 1523 2768 1587 Mgr. Dupanloup, nous en extrairons aussi quelques
1660 1583 2774 1654 réflexions, plus pratiques, sur les défauts et le soin
1672 1635 2778 1689 qu'on doit prendre de s'en corriger pendant la jeu¬
1668 1690 2775 1770 nesse. Ceri s’adresse directement à nos jeunes lec¬
1670 1743 2777 1814 trices : qu’elles veillent sur elles-mêmes, qu‘elles
1667 1803 2781 1855 rectifient leur âme et leur caractère, avant ces tristes
1667 1856 2772 1926 jours où l'on se dit vainement : Si vieillesse pouvait !
1717 1911 2774 1966 « On ne se corrige guère de ses défauts que dans la
1672 1958 2771 2029 jeunesse. Il n’y a qu’une voix à cet égard : les mora¬
1667 2015 2770 2090 listes profanes comme les moralistes sacrés le procla¬
1670 2085 2764 2142 ment. Hélas ! oui, il faut le reconnaître : on ne rec¬
1670 2136 2768 2202 cueille dans l’âge mûr que ce qu’on a semé dans ses
1677 2182 2764 2253 premières années. Quand la sagesse est enfin venue,
1672 2241 2774 2292 on fait, en les déplorant, des fautes, qui sont les suites
1668 2291 2778 2355 malheureuses de fautes anciennes. Quand les hommes
1672 2341 2774 2405 veulent quitter le mal, dit admirablement Fénelon, le
1663 2401 2770 2468 mal semble encore les poursuivre longtemps ; il leur
1665 2448 2772 2526 reste de mauvaises habitudes, un naturel affaibli; ils
1665 2509 2768 2587 n'ont plus rien de souple, et sont presque sans res¬
1664 2555 2486 2617 sources naturelles contre leurs défauts.
1711 2618 2771 2685 » Semblables, dit encore Fénelon, aux arbres dont
1668 2678 2768 2731 » le tronc rude et noueux s’est durci par le nombre
1667 2722 2775 2789 » des années, et ne peut plus se redresser, les hommes,
1667 2779 2779 2841 » à un certain âge, ne peuvent plus se plier eux-mêmes
1668 2831 2778 2902 » contre certaines habitudes qui ont vieilli avec eux
1664 2892 2775 2951 » et qui sont entrées jusque dans la moelle de leurs
1670 2941 2778 2998 » os; souvent ils les connaissent, mais trop tard; ils
1667 2992 2775 3061 » en gémissent, mais en vain, et la tendre jeunesse
1674 3062 2778 3104 » est le seul âge où l’homme peut encore tout sur lui¬
1670 3089 2202 3167 » même pour se corriger.
1709 3141 2768 3219 » Mais ce qu’il faut constater de plus, et ce qui est
1670 3204 2770 3270 déplorable, c'est que les défauts sont, chez nous, les
1678 3275 2772 3336 principes de tous les malheurs, de tout les chagrins,
1667 3321 2770 3389 de toutes les faiblesses, de tous les grands égarements,
1668 3377 2775 3449 de tous les grands mécomptes, de tous des grands
1672 3433 2768 3494 troubles de la vie... Cela est vrai partout, pour tous,
1667 3490 2760 3544 dans les petites comme dans les grandes positions,
1678 3540 2770 3601 pour le commerçant, pour l’ouvrier comme pour le
1664 3588 1863 3658 ministre.
1711 3643 2764 3705 » Supposez dans une famille un défaut bien com¬
1660 3694 2767 3761 mun, l'esprit de contradiction : si c'est dans les petites
1670 3767 2775 3821 choses, il en bannit la paix et le bonheur de chaque
