2939 4158
1562 122 1707 232 346
1042 404 2262 645 Correspondance.
468 799 2796 894 PLANCHE XI — 1, Quart d’un mouchoir — 2 à 6, Robe de baptême — 7 à 9, diverses couronnes — 10 et 11, Ecussons
549 848 2782 915 pour mouchoirs — 12, pale — 13, Julie — 14, 15 et 16, Couronnes — 17 et 18, Manchette et col — 19, Ecusson —
546 909 2793 990 20, Écusson avec C. B.—21 à 23, Col, manchette et entre-deux—24, Écusson—25, L. H. — 26. Ecusson—27, A. V. H.,
563 964 2796 1037 — 28, T. B.— 29, Désiré — 30 et 31, Col et manchette — 32, M. C. enlacées — 33, Clara — 34, Olga — 35, Césarine
560 1019 1057 1095 — 36, J. F. — 37, E. D.
1086 1022 2796 1095 — 38, A. D. — 39, G. G. — 40, A C. — 41, M. C.  — 42, J. F. A. enlacées — 44 à 46,
546 1077 2802 1153 Camisole — 47, Mouchoir — 48, C. C. enlacées — 49, Irma — 50, Mouchoir — 51 et 52, Col et manchette — 53, Bas
552 1135 2791 1202 de jupon — 54, Mouchoir — 55, Ecusson avec C. P. — 56, Ecussen avec le nom de Lizzy — 57, J. V H. enlacées
540 1193 2796 1257 58, C. V. — 59, Mouchoir — 60, Couronne — 61 à 64, Patron du manteau Pultava — 65 à 67, Manteau algérien pour
552 1246 2791 1321 petite fille de trois à cinq ans — 68, Croquis du manteau algérien — 69 et 70, Burnous pour mademoiselle Lilie —
546 1312 2793 1397 71. Croquis du burnous — 72 et 73, Capuche pour poupée — 74, Croquois de cette capuche—75 à 78, Patron de corset
555 1371 2776 1434 pour poupée — 79, Dessin d’une poignée à bouillotte — 80, Croquis de cette poingée — 81 et 82. Feston à la minute
546 1429 2793 1490 83, Dessus de pelote—84 et 85, Deux alphabets—86, Tapisserie par signes—87, Croquis d’une manche de dessous—
546 1469 1966 1559 88, Soufflet de cheminée — 89, Abat-jour plumes — 90, Dessus de lampes.
621 1527 1315 1617 La petite édition finit au numéro 11.
502 1710 1580 1812 Ma chère Florence, à Grignan (je ne te ferai pas
459 1795 1577 1885 l’injure d’ajouter en Provence), à Grignan, on vient
465 1861 1571 1922 d'élever une statue à madame de Sévigné. Si la nou¬
462 1919 1583 1992 velle ne t'en est point encore parvenue, je te l'ap¬
470 1969 1574 2036 prends. C’est à M. le maire de Grignan que cette ini¬
459 2021 778 2094 tiative est due.
508 2056 1577 2143 De nos jours, la justice semble prendre à tâche de
470 2128 1577 2198 payer les arriérés de la gloire; il n’est pas de pro¬
470 2195 1580 2256 vince qui n’ait le droit de demander au marbre
462 2239 1577 2317 quelque statue qu’on puisse montrer avec organeil,
470 2297 1571 2369 et ce droit, elle en use. Ici, c’est un intrépide ma¬
465 2346 1571 2407 rin; là, un brave général; ailleurs, un célèbre agro¬
468 2404 1580 2474 nome; plus loin, l’illustre Georg Saint-Hilaire, dont
459 2462 1577 2529 l'on pouvait, tout dernièrement, contempler la figure
468 2515 1571 2581 puissante et pensive, exposée devant le Louvre à l’ad¬
456 2576 1577 2642 miration des passants ; aujourd'hui, c'est celle d’une
456 2622 1577 2695 femme, dont l’esprit ne pouvait être égalé que par le
462 2680 1580 2759 cœur ; d'une femme, sous le badinage charmant de
456 2724 1574 2814 laquelle on rencontre, à chaque pas, la raison, le
462 2785 1574 2866 bon sens, les vues généreuses, le tout, assaisonné de
465 2840 1574 2910 cette modestie qui ne semble pas absolument la vertu
456 2892 1574 2965 du dix-neuvième siècle, témoins!... Mais, n’allais-je
459 2965 1568 3032 pas commettre de grosses et impardonnables indiscré¬
465 3011 1571 3078 tions? Ciel!... Seulement, où les Bourguignons et les
459 3066 1565 3139 Bretons se vont-ils fourrer pour cacher leur rou¬
459 3124 1571 3194 geur? N'est-il pas honteux que ce soit à Grignan
462 3174 1577 3241 qu’on ait eu l’idée d’élever une statue à madame de
456 3235 1571 3296 Sévigné, et non en Bourgogne, où elle est née, et not
453 3290 1571 3354 aux Rochers, où elle a vécu une si bonne partie de
465 3342 1583 3406 sa vie? Je sais qu'on dit, fort ingénieusement, que
462 3400 1577 3455 c'était à Grignan qu'étaient son cœur et son âme, et
456 3450 1571 3522 que, sans Grignan, il n’y aurait point eu lieu à ses
459 3499 1574 3580 lettres immortelles. Est-ce là une raison sans répli¬
468 3554 1571 3641 que? et si Corneille se trouve dans la galerie de la
456 3615 1562 3685 rue de Richelieu, cela l'empêche-t-il d'être à Rouen ?
505 3659 1565 3740 Tu as connu, de nom du moins, la respectable ma¬
456 3723 1574 3813 dame de Swetchine? une dame de nos amies, qui
447 3786 1565 3891 avait l'honneur d'être reçue chez elle, nous a sou¬
1673 1725 2796 1835 vent entretenues de la bonté de son cœur, du charme
1667 1803 2791 1890 de sa conversation et de l’exquise distinction de ses
1661 1873 2793 1937 manières? Cette dame n’est plus; elle est morte dans
1661 1928 2791 1998 son hôtel de la rue Saint-Dominique, dont le Salon
1658 1975 2796 2079 fermé est un vide immense pour les amateurs de la
1661 2030 1998 2108 causerie d’élite.
1710 2091 2796 2157 Il y a comme cela quelques grandes dames, qui
1661 2140 2791 2216 semblent continuer cet hôtel de Rambouillet, dont
1652 2204 2788 2262 madame de Sévigné fut longtemps une habituée
1661 2259 2793 2329 fidèle, une précieuse, comme on disait alors; mais
1658 2308 2791 2378 non pas une précieuse ridicule. Ce ne fut que plus
1664 2364 2785 2425 tard, quand le bon, exagéré, devint le pire, que l’hô¬
1661 2416 2791 2489 tel de Rambouillet, où mesdames de Sévigné et de
1664 2468 2793 2547 La Fayette n'allaient plus, mérita que Molière y prît
1664 2523 1937 2610 des modèles.
1707 2581 2782 2651 S’il m’est permis d’émettre une opinion sur ces
1655 2628 2788 2703 matières, j'approuverai, très-haut et trèschort, les
1655 2695 2785 2770 dames qui se donnent cette mission d'offrir un champ¬
1667 2750 2788 2828 clos à l’aimable causerie. On ne cause qu’en France,
1658 2805 2782 2875 a-t-on dit. Causons donc; ou plutôt, nous autres, écou¬
1655 2857 2779 2939 tons causer. Écouter causer et discuter des gens polis,
1658 2915 2782 2982 assister à ce subit enthousiasme qu’inspirent les
1655 2965 2785 3034 beaux récits, saisir au vol de jolies satires mignonnes
1664 3020 2785 3090 qui fustignent sans écorcher, c'est pour moi un si vif
1664 3084 2430 3148 plaisir, que j’en puis oublier le bal !
1699 3127 2788 3212 Je t'entends d'ici me répondre : oublie le bal tant
1661 3183 2779 3258 que tu voudras, mais que le charme de ta propre cau¬
1649 3241 2782 3310 serie ne te fasse pas oublier l’explication de nos plan¬
1655 3302 2785 3368 ches. Tu aurais quelque peu raison, car elles sont
1658 3351 2782 3421 immenses aujourd'hui et renferment de véritables
1652 3412 2187 3499 trésors. Tu vas en juger!
1925 3502 2515 3604 PLANCHE DE BRODERIES.
1696 3627 2782 3705 1, QUART D'UN MOUCHOIR. Ce dessin élégant, à effet,
1652 3688 2773 3760 et promptement exécuté, se fait, moins les nervures,
1646 3731 2785 3807 complètement au feston. Il serait encore plus joli au
1661 3798 2782 3879 plumetis que festonné; dans ce cas, tu laisserais la
