2907 4318
1316 229 1377 305 29
219 284 1291 408 19, Hortense, avec guirlande d’hortensias; plumetis
171 367 255 433 fin.
212 417 1275 513 20 et 21, ENTRE-DEUX pour divers objets de trous¬
174 495 1282 564 seau et de layette. Ces petits pois, tout délicats, se font
173 549 1274 627 en piquant deux points l’un sur l‘autre ; on augmente
171 594 1284 670 le nombre des points suivant la grosseur des pois; ces
166 663 1272 726 tout petits pois sont très en faveur, on en voit beau-
169 728 1270 792 coup en coton de couleur pour les cols du matin,
169 772 769 840 avec manche à la chevalière.
216 826 634 902 22, O. R., plumetis.
208 886 1274 959 23, DESSIN DE MOUCHOIR, dont le point d’échelle doit
166 956 1263 1019 appuyer sur le bord d’un ourlet de trois centimètres,
162 1012 1278 1065 c’est-à-dire que le dessin devra se trouver moitié sur
162 1058 1268 1125 l’ourlet et moitié sur le fond du mouchoir ; le tout se
159 1118 1268 1183 fait au plumetis, ainsi que les lettres A B, renfermées
159 1168 479 1238 dans l’écusson.
208 1217 631 1312 24, T. F., plumetis.
210 1293 811 1378 25, H. L., plumetis et jours.
212 1359 1266 1438 26 et 27, COL et GARNITURE assortie, pouvant se bro¬
169 1424 1240 1497 der au plumetis sur jaconas, batiste ou mousseline.
201 1476 633 1546 28, P. A., plumetis.
208 1536 1267 1615 29, ENTRE-DEUX pour manchette ou pour fond de
153 1594 545 1663 bonnet; plumetis.
195 1656 1266 1734 30 et 31, PETIT COL et MANCHETTE; plumetis fin. J’ai
159 1725 1266 1787 vu dernièrement, chez une de nos grandes lingères, ce
153 1787 1267 1843 même col tout monté, et voici comment : au bord du
156 1836 1253 1901 feston était cousue une bande de tulle uni, de la lar¬
156 1893 1257 1957 geur d’un doigt ; sur ce tulle se trouvait, de même
151 1939 1261 2014 hauteur, une petite valencienne tuyautée ; enfin, au
149 2006 1256 2071 bord du tulle, était une autre valencienne également
156 2056 1257 2127 tuyautée, mais ayant trois centimètres de hauteur ; la
148 2113 1247 2173 manchette, il va sans dire, doit toujours être en rap-
156 2158 255 2222 port.
194 2219 1250 2291 32, BANDE allant avec le col dont nous venons de
156 2272 294 2339 parler.
190 2326 705 2410 33, C. G., point de rose.
188 2393 715 2473 34, Georgiana, plumetis.
188 2442 949 2532 35, J. B., plumetis simple ou feston.
188 2510 1010 2608 36, Thérèsa, plumetis et œillets ou pois.
188 2581 801 2651 37, Gustavie, plumetis fendu.
183 2648 1242 2723 38, BOURSE de quêteuse se brodant sur velours, sur
145 2696 1239 2779 drap ou sur peau ; les colonnes sont alternées, l’une
137 2772 1239 2838 au passé, l’autre en soutache or ; de petites perles de
144 2817 1239 2888 jais, d’or ou d‘acier, sont placées autour du rond, aux
144 2873 1239 2948 endroits indiqués. Ces bourses se font le plus souvent
145 2930 1242 2994 rouges, et bleues lorsqu’il s’agit d’une quête pour les
135 2990 721 3059 autels consacrés à la Vierge.
184 3048 1236 3111 39, QUART D'UN MOUCHOIR. Ce dessin se recommande
144 3096 1224 3168 de lui-même ; je ne t’en dis rien, si ce n’est la ma¬
135 3153 1243 3231 nière dont tu dois le broder. Tu peux le faire de deux
144 3204 1232 3273 façons, toutes deux également jolies : d’abord, en
135 3259 1225 3341 suivant le dessin tel qu’il est indiqué; plaçant dans
128 3307 1224 3390 le bord, à l’endroit pointillé, une bande de tulle
130 3371 1228 3444 crêpe sur lequel on brode en application ; le restant se
130 3434 1231 3501 compose de plumetis, de feston, de guipure et de jours
130 3482 1224 3543 variés. Pour jeune femme, on pourrait terminer ce
121 3539 1225 3597 riche dessin par une valencienne ou guipure, posée
125 3585 1221 3656 légèrement ondée, tout juste ce qu’il faut pour suivre
127 3636 1229 3707 les sinuosités du bord. Ensuite, pour jeune fille, en
127 3703 1224 3767 supprimant non-seulement la dentelle, mais encore
123 3738 1013 3808 tout le bord jusqu’aux feuilles de trèfles.
174 3799 1210 3872 40, DESSIN pour bas de volant de robe de mousse-
125 3840 413 3926 line, plumetis.
1427 309 1862 418 44, Esther, plumetis.
1429 401 1838 488 42, Flore, plumetis.
1427 481 2484 573 43, RICHE ÉCUSSON renfermant les lettres J F; le tout
1373 524 1707 603 au plumetis fin.
1417 594 2468 680 44, T. C. enlacés, plumetis simple ou feston feuille
1373 647 1540 715 de rose.
1422 695 2477 800 45 à 48, Patron d’une sortie de bal, que l’on fait en
1364 748 2473 850 cachemire d’Écosse uni, avec une bordure, soit de pe¬
1367 824 2475 913 luche, soit de velours, ou, enfin, en galon dont la
1371 893 2474 963 variété est, cette année, infinie. Les sorties de bal les
1369 941 2473 1020 plus nouvelles sont celles en étoffe rayée blanc et
1358 991 2457 1069 bleu, blanc et rose, et même rouge, couleur très-
1358 1038 2473 1136 appréciée pour ces sortes de vêtements; l’étoffe dont
1364 1095 2470 1190 je parle a le double avantage, par son épaisseur et
1367 1171 2470 1249 par son genre, de porter avec elle et sa doublure et
1358 1221 2463 1292 sa garniture. Cette même étoffe, dans les couleurs
1359 1267 2463 1353 foncées, s’emploie pour les manteaux de ville; les
1352 1339 2473 1419 raies se placent ou en biais ou même tout à fait en
1358 1367 1528 1437 travers.
1399 1430 2459 1522 49, CROQUIS DE LA SORTIE DE BAL. — Celle-ci est or¬
1356 1495 2461 1586 née de quatre rangs de chenille tissée dans l’étoffe,
1358 1550 1856 1628 et ondulant tout autour.
1394 1618 2461 1695 50 et 51, PATRON DE PANTALONS POUR FEMME DE TAILLE
1346 1674 2445 1744 ORDINAIRE. Dans le bas, au-dessus d’un ourlet de cinq
1348 1730 2454 1801 ou six centimètres, on place un entre-deux, au-dessus
1348 1791 2450 1850 duquel se trouvent trois ou quatre rangs de tout pe-
1346 1838 2456 1921 tits plis. On monte ensuite le pantalon sur la ceinture
1352 1890 2457 1969 du n° 51. Cette ceinture est en biais. Sur le devant
1349 1946 2452 2022 elle doit être entourée d’un lisere; par derrière, elle
1346 1996 2445 2068 est retenue par un bouton ou par deux rubans de fil
1339 2059 2445 2125 que l’on noue; ceci est encore ce qu’il y a de plus
1339 2110 2438 2187 commode. Sur le milieu du devant on fait une bou-
1339 2170 2335 2237 tonnière, qui doit être fixée à l’agrafe du corset.
1388 2230 2428 2297 52, TAPISSERIE PAR SIGNES, pouvant servir, si on l’exé¬
1339 2263 2432 2357 cute au petit point, sur un canevas de soie, pour écran,
1344 2332 2435 2425 dessus de pelote, etc. ; ce dont je puis t’assurer, car
1344 2385 2435 2471 on ne le devinerait pas, c’est que ce bouquet de pen¬
1339 2443 2297 2532 sées, très-heureusement jeté, est fort joli.
1384 2499 2443 2585 53. CROQUIS DE MANCHES A BOUILLONS. —On n’en peut
1344 2570 2432 2643 plus douter, nous revenons aux manches fermées,
1337 2630 2431 2701 même pour les manches habillées, puisque celles-ci
1335 2687 2436 2740 se composent de tulle et de fine dentelle guipure. Si
1339 2725 2429 2803 tu veux les faire toi-même, et la chose te sera facile.
1339 2785 2443 2857 voici toutes les mesures qui t’aideront à arriver à
1330 2833 2435 2909 un heureux résultat. Tu commences par couper, en
1328 2899 2438 2969 tulle, une manche de forme pagode, qui se termine au
1330 2942 2424 3027 bas par un poignet, toujours en tulle, et ayant dix cen¬
1332 3001 2421 3079 timètres de hauteur. Tu prépares ensuite les bouillon¬
1327 3050 2421 3129 nés, qui sont, comme te l’indique le croquis, placés
1323 3118 2413 3182 en long et non en large, ainsi que nous les avions vus
1327 3165 2421 3231 jusqu’à présent. Tu tailles un morceau de tulle,
1321 3221 2418 3288 ayant un mètre de large sur quarante-cinq de long, du
1327 3266 2413 3330 côté double, et trente-cinq à l’endroit qui doit se trou¬
1323 3324 2418 3391 ver sous le bras ; tu fronces ensuite ce morceau de tulle
1320 3378 2413 3437 dans sa longueur, mettant entre chaque fronce vingt
1317 3430 2400 3507 centimètres de distance. Après, tu fixes les bouil-
1317 3489 2407 3550 lonnés au corps de la manche, cousant chaque fronce
1312 3540 2408 3615 à surjet à l’envers du bouillonné, et, sur l‘endroit de
1310 3593 2406 3680 la manche, les plaçant à dix centimètres de distance,
1313 3656 2403 3730 sur une hauteur de vingt-cinq centimètres, pour les
1314 3700 2406 3771 trois plus longs, et de quinze centimètres pour les
1316 3753 2413 3823 deux qui se trouvent sous le bras. Ces deux derniers
1310 3792 2406 3877 seront forcément cousus à l’endroit, mais dans le tulle
1306 3866 2406 3958 le point se dissimule aisément. Maintenant, il nous
