2897 4318
1209 243 1392 358 — 245
215 346 1290 418 se mesure point à la grandeur d'une toile, et que
220 396 1292 477 depuis quelques années il tend à se réfugier dans
220 453 1008 540 les tableaux de genre et les paysages.
262 511 1286 588 Cela vient-il de ce que l’inspiration des peintres se
210 569 1286 642 rapetisse à des sujets moins épiques, ou de ce que le
214 624 1274 697 goût du public et des Mécènes a déserté la grande
215 675 1278 752 peinture? — Je ne sais, mais le résultat est le même.
215 722 1284 798 Certes, les grands tableaux ne manquent point à
206 767 1281 857 l’exposition; cependant, je ne saurais guère vous en
207 821 668 889 citer de remarquables.
248 871 1273 947 Les tableaux d'histoire même, prennent des pro¬
208 931 687 995 portions restreintes. —
718 937 1279 1012 Voyez le beau tableau de
200 979 1277 1058 M. Pils, le Débarquement de l'armée française en Cri¬
200 1039 1271 1114 mée, qui est une des plus remarquables peintures du
210 1089 1271 1167 Salon, une des meilleures qui aient jamais été faites
200 1152 1270 1215 en ce genre; voyez aussi la Bataille de l'Alma de
196 1179 1261 1277 M. Horace Vernet, et tous les tableaux de M. Durand¬
195 1243 968 1316 Brager sur l'expédition de Sébastopol !
245 1296 1261 1378 On fait de petits tableaux comme de petite contes,
191 1357 1263 1432 des études à la loupe comme des proverbes mignons
195 1403 791 1474 et des nouvelles de dix pages.
238 1455 1263 1536 A la suite de M. Meissonier, se rangent plusieurs
192 1507 1251 1576 peintres de talent : MM. Chavet, Fauvelet et Plassan.
225 1566 1254 1634 Le talent de M. Hamon ne se rattache à au¬
183 1619 1255 1693 cune école et ne relève que de lui-même. Nulle
189 1658 1254 1739 peinture ne ressemble à la sienne : il ne procède de
192 1720 1254 1795 personne. Rien de gracieux et de joli comme ses
185 1773 1254 1852 petits enfants tout ronds et tout rose; comme ses
185 1822 1248 1896 femmes ou ses nymphes Burgissant parmi les fleurs
185 1881 1236 1941 ou jouant avec des scarabées étincelants. Cette pein¬
183 1922 1252 2008 ture est pleine d’effets étranges, absurdes, mais tous
185 1976 1251 2065 plus coquets les uns que les autres. Ain-i, tandis que
177 2025 1242 2115 les personnages à peine terminés par le pinceau sem¬
176 2077 1243 2157 blent se couvrir d’une gaze ou d‘un nuage, les acces¬
170 2145 1242 2214 soires s’enlèvent sur la toile comme s‘ils y avaient été
180 2183 1242 2275 appliqués après coup. On ne peut pas passer devant
170 2230 1242 2320 un tableau de M. Hamon sans s’y arrêter, sans le
172 2298 1229 2353 regarder avec curiosité. — Cependant toutes les rè¬
164 2343 1236 2424 gles de l’art sont outrepassées ou dédaignées par
164 2390 1229 2480 l'artiste; il se rit des tradition, du vrai, du pos¬
165 2455 1228 2537 sible, de la nature et de la convention, et joue avec
172 2502 1224 2593 son talent comme un enf.ant avec une bulle de savon.
206 2558 1009 2640 — Il jouera trop, le public s'impatientera.
206 2604 1231 2685 M. Chapin fait de la décoration en maître du siècle
164 2659 1233 2733 dernier, ses punneaux sont jolis au possible. C’est
165 2705 1231 2792 frais, gracieux, riant. Il semb e que la tristesse, ou la
165 2765 1227 2852 mélancolie même, ne pourraient jamais approcher de
168 2816 732 2892 ses galants dessus de portes.
211 2867 1224 2950 Les tableaux de M. Comte amusent et intéressent.
172 2913 1228 3007 C'est de l'histoire, peinte comme les romanciers la ra¬
168 2966 1224 3042 content. Regardez Catherine de Médicis faisant de la
170 3024 1219 3113 magie dans sa chambre, au château de Chaumont; elle
170 3065 1223 3163 est assise au milieu d'un intérieur meublé à la façon
176 3124 1221 3222 princière de ce temps, où les reines avaient les plus
164 3177 1219 3278 beaux miroirs de Venise, les bahuts sculptés par les
162 3223 1213 3329 meilleurs artistes de la renaisance, les plus splen¬
166 3278 1216 3365 dides tapis-eries; Cosme de Ruggieri, son astrologue
164 3333 1216 3418 attitré, est debout près d'elle et lui fait voir dans le
158 3393 1208 3484 miroir magique que ses fils mourront sans postérité
158 3427 1213 3531 et qu'Henri de Bourbon leur succédera sur le trône;
153 3494 1216 3569 au milieu d'un cercle tracé à la craie blanche sur le
156 3542 1212 3618 parquet est placée une statuette de cire transpercée
153 3600 1204 3682 de dards; c'est un envoûtement et probablement ce¬
153 3631 626 3715 lui d'Henri de Navarre.
256 3699 1201 3795 Vous savez ce que c'était qu'un envoûtement,
147 3749 1204 3859 mesdemoiselles? — On faisait faire en cire une image
1373 377 2437 475 grossière de son ennemi où de la personne à laquelle
1365 433 2432 523 on voulait nuire. On la donnait ensuite à un magi¬
1363 476 2434 573 cien qui, par certaines paroles et certaines cérémo¬
1366 544 2432 636 nies, devait la mettre sous une influence maligne;
1358 588 2428 683 enfin, après avoir fait suivre un régime désagréable
1365 642 2433 722 à la statuette pendant quelque temps, on finissait par
1362 691 2426 780 lui enfoncer des épingles ou de petites épées dans le
1367 752 2433 833 cœur, dans la tête, das les membres, dons toutes
1352 789 2437 875 les parties du corps qu'on voulait spécialement faire
1354 871 2436 937 souffrir. Après cette opération, vous comprenez de
1355 901 2303 982 reste que l'envoûté allait nécessairement à mal.
1400 958 2428 1043 M. Comte a encore au Salon trois tableaux qui se
1352 1009 2428 1093 distinguent par les mêmes qualités élégantes et la
1346 1074 2430 1143 même richesse de détails : Jane Grey défendant sa
1350 1116 2425 1206 foi et convertissant son mari; Henri III visitant sa
1342 1182 2426 1252 ménagerie de singes et de perroquets ; François 1er et la
1350 1228 2416 1301 duchesse d’Étampesvisitant l'atelier de Benvenuto Cellini.
1392 1274 2420 1361 M. Heilbuth est un peintre qui recherche aussi les
1340 1324 2412 1398 riches intérieurs de la renaissance, les étoffes somp¬
1340 1375 2418 1455 tueuses, les guipures découpées comme par la main
1343 1416 2421 1516 des fées. J'en ai vu chez lui de merveilleuses qu'il
1346 1478 2424 1572 prend pour modèles. Il sait admirablement composer
1346 1536 2413 1620 un costume, il a le secret de la toilette des belles
1340 1586 2413 1665 dames du seizième siècle. Sa peinture a plus d'am¬
1340 1641 2412 1719 pleur que celle de M. Comte, plus de noble élégance
1338 1695 2409 1769 que celle de M. Willems, mais au Salon elle n’a pas
1331 1738 2407 1823 l’éclat de celle de ces messieurs. Son principal ta¬
1328 1793 2402 1872 bleau, Palestrina, est une scène d’intérieur chez quel¬
1332 1857 2406 1925 que grande dame italienne, amoureuse de la belle
1335 1910 2407 1980 musique religieuse; vient ensuite une plus petite toile
1328 1952 2407 2027 qu’il a intitulée : Politesse : Deux seigneurs se saluent
1325 2007 2397 2088 au bas de l’escalier d’un palais et veulent se céder
1325 2049 2402 2149 le pas. Ils ont les meilleures figures du monde en se
1323 2111 2394 2187 faisant leurs grâces diplomatiques. On voudrait avoir
1324 2165 2398 2241 ce tableau dans un coin de son Salon, et prendre pour
1317 2224 2397 2299 son cabinet de travail la tête d'étudiant pensif qui
1316 2255 2102 2340 fait le troisième envoi de M. Heilbuth.
1443 2330 2389 2401 Qui est-ce qui peint le satin blanc comme
1317 2378 2397 2448 M. Willems? — Personne. C’est pourquoi toutes ses
1316 2432 2386 2510 héroïnes en sont habillées. Mais on pourrait dire
1315 2491 2384 2555 aussi : Qui est-ce qui peint comme lui les meubles
1316 2521 2387 2604 d'ébène, les tentures de soie, les cadres dorés, les
1311 2583 2382 2660 glaces de Venise ou d’Ognies, les photographies et
1313 2633 2356 2706 les tableaux accrochés à la muraille d’un boudoir?—
1312 2691 2150 2762 Et, vrai, on ne saur, it nommer personne.
1361 2739 2379 2819 Les frères Stevens se sont accoutumés comme
1308 2774 2379 2867 M. Willems à venir aux expositions françaises pren¬
1315 2854 2376 2932 dre pour l'école belge la meilleure part de nos suf¬
1304 2907 2375 2982 frages. Alfred Stevens peint des scènes modernes;
1308 2940 2375 3027 Joseph peint les chiens flamands dans toutes leurs
1311 3001 2375 3066 attitudes. Tous deux sont des réalistes de la meilleure
1308 3059 2370 3135 école. Peut-être pourrait-on désirer que M. Alfred
1305 3108 2367 3184 Stevens choisît des sujets moins exclusivement dou¬
1300 3157 2375 3230 loureux : mais que de talent, de vérité, d'expression
1300 3214 2364 3269 dans chacune de ses compositions! — Je vous recom¬
1300 3261 2364 3329 mande une scène d’intérieur où deux femmes en
1302 3319 2364 3372 deuil, la mère et la fille, cela se devine, viennent
1302 3374 2359 3433 pleurer près d'une jeune femme charmante, vêtue de
1297 3418 2361 3480 rose et de blanc. Je vous recommande aussi Petite in¬
1300 3476 2361 3545 dustrie, tableau qui représente au com d'une riche
1297 3518 2368 3603 boutique, sous une porte cochère, une vieille femme
1300 3581 2370 3661 qui vend des livres de comptes, des carnets, etc. Un
1300 3625 2356 3699 petit gaęçon s'agite autour d'elle et appelle le cha¬
1292 3675 2361 3760 land. C'est encore l'opposition du luxe et de la mi¬
1286 3746 2359 3815 sère, cet effet douloureux que recherche trop, selon
1292 3769 1776 3861 moi, M. Alfred Nevens.
