2939 4158
1578 42 1717 141 342
484 151 1588 211 eu recours à ma plume, ma confidente, mon trésor;
481 211 1590 272 j’ai écrit, et une nouvelle élégie: Seule dans Paris, est
481 267 1589 322 venue augmenter mon recueil... J'irai demain chez
481 321 1202 380 un autre éditeur, au Palais-Royal.
1058 403 1493 538 Paris. Novembre 18...
529 517 1588 597 Nouvelle tentative, nouvelIe déception! L’éditeur
490 583 1589 656 auquel je me suis adressée ne ressemble guère à
493 640 1586 712 M. E... si élégant et si beau discur, pas plus que son
500 695 1590 777 vieil et sombre taudis, encombré de livres anciens et
487 749 1582 821 nouveaux, ne ressemble au splendide magasin, étin¬
488 797 1586 884 celant de marbres et de dorures, où la veille j’étais
488 854 1586 933 entrée avec tant d'inquiètes espérances, et d'où je
474 912 1583 981 suis sortie abattue et découragée. M. Gervais est vieux
481 964 1575 1037 comme sa boutique; affublé d’une houppelande brune,
481 1029 1581 1091 coiffé d’un bonnet de velours, il m’a fait penser, je ne
476 1075 1578 1141 sais pourquoi, au Nicolas Flamel des légendes; pour¬
484 1129 1581 1196 tant, j’étais moins embarrassée devant lui qu'en pré¬
481 1175 1578 1251 sence de M. E..., dont l’attitude et les paroles, si gra¬
484 1241 1581 1305 cieuses qu’elles fussent, me gênaient beaucoup. Il
481 1298 1579 1365 m’écouta d’un air de bonhomie, parcourant des yeux
484 1351 1578 1419 mon manuscrit, et parfois, en s'arrêtant sur certains
487 1398 1581 1479 passages, il hocha la tête d’une façon approbative,
488 1461 1583 1533 puis, après un assez long silence, il me dit d’un ton
484 1506 1583 1576 vraiment paternel : « Ma chère demoiselle, nous ne
481 1565 1581 1644 pouvons imprimer cela : les vers ne se vendent guère
481 1637 1585 1692 et se paient encore moins, probablement parce qu’ils
479 1676 1578 1734 sont impayables, disait une femme d’esprit... Croyez-
476 1731 1579 1792 moi, renoncez à cela, je vous parle au nom de ma
481 1788 1578 1847 vieille expérience, c’est un métier creux et qui ne
476 1844 1579 1900 mène à rien, rien! rien ! Cependant, si vous êtes en
469 1892 1581 1961 fonds, et que vous désiriez vous voir imprimée en
473 1951 1578 2011 beaux caractères, sur papier vélin, avec couverture
480 2001 1578 2082 gris de lin, afin de pouvoir offrir des exemplaires de
479 2069 1572 2123 vos œuvres à vos oncles, à ves tantes, à Vos amies,
476 2121 1568 2183 voire même à M. le préfet du département, nous pour¬
476 2168 1579 2242 rions traiter ensemble... Vous seriez contente du
479 2224 1568 2291 pauvre Gervais... Il a fait la fortune de plus d’un au¬
469 2282 640 2343 teur...»
524 2317 1571 2393 — Monsieur Gervais, je ne suis pas assez riche pour
469 2387 1569 2449 faire imprimer mes vers à mes frais... J'espérais que
463 2434 1567 2500 ce petit recueil aurait pu me faire connaître... J'en¬
463 2498 1569 2555 tends : nous sommes venue à Paris pour y trouver de
466 2550 1564 2615 la gloire et de l’argent : c’est une illusion, ma chère
469 2607 1569 2673 enfant (si vous me permettez ce nom, car je suis as¬
457 2655 1568 2719 sez vieux pour être votre grand'père), plus d’un joli
463 2712 1569 2784 papillon, plus d'une belle demoiselle, si vous aimez
463 2766 1567 2829 mieux, sont venus se brûler à la chandelle... Écoutez
469 2826 1567 2877 un bon conseil : faites des vers pour vous-même, ca¬
463 2878 1567 2952 chez-les dans le tiroir de votre secrétaire, mais ne comp¬
463 2935 1564 3002 tez pas là-dessus pour vous faire des amis ou de l’ar¬
463 2999 1567 3056 gent... On ne veut plus de vers : voyez mon magasin,
452 3042 1564 3105 il est tout rempli de ces recueils de poésies; qui est¬
463 3096 1564 3156 ce qui en demande ? Voilà un Delille qui se moisit;
463 3158 1560 3215 voilà madame Dufrénoy et madame la princesse de Salm
455 3205 1558 3268 dédaignées dans leur coin, voilà des Hymmes poétiques,
456 3263 1561 3326 des Cantiques, des Fleurs de l'âme, des Cordes de lalyre,
460 3309 1561 3393 des Réveries, des Odes, des Ballades, qui, je vous en
452 3378 1555 3440 réponds, n’iront jamais à la postérité : on ne veut plus
452 3423 1564 3492 que de la prove! — Mais, monsieur, moi aussi j'ai
457 3481 1551 3567 écrit en those : j’ai fait deux nouvelles... les voici...»
493 3538 1561 3619 M. Gervais prit mon second manuscrit, affermit
452 3583 1558 3657 ses lunettes, et lut les titres à haute et intelligible
456 3651 1551 3716 VOIX : Julienne Du Gueselin, chronique ; Aurêlie,
452 3696 1560 3785 récit... C'est fort bien... de la diversité... l'histoire
1675 113 2792 200 et l'imagination... Voyez-vous, mademoiselle, ceci
1678 190 2792 249 convient à une Revue... Portez-moi bravement ces jo¬
1675 236 2792 308 lies nouvelles à quelque recueil périodique, joignez-y
1681 289 2800 356 une ou deux pièces de vers, les meilleures, car le
1676 343 2798 422 public est un monsieur très-friand... c’est l’ unique
1675 405 2792 462 moyen de se faire peut-être, si la Providence le per¬
1669 452 2795 521 met, une petite réputation... Mais, avant tout, croyez-
1669 514 2798 576 en le vieux monsieur Gervais, si le bon Dieu vous a
1675 563 2795 628 octroyé quelque fortune, tricotez-vous des bas; si vous
1672 628 2792 684 avez une bonne profession, exercez-la, mais ne de¬
1669 678 2794 746 mandez à la plume ni repos, ni plaisir, ni richesse...
1735 743 2797 794 Vous n'êtes pasür encourageant, monsieur Gervais.
1682 787 2800 849 — Je suis vrai, vous le reconnaîtrez un jour... — Je
1675 842 2800 911 tenterai une nouvelle démarche. — Frappez à la porte
1676 895 2797 959 d’une Revue alors! — Je suivrai votre conseil. Adieu
1672 963 2798 1016 monsieur. — Votre serviteur, mademoiselle... quand
1675 1018 2794 1074 vous voudrez acheter des livres, n’oubliez pas M. Ger¬
1675 1064 1849 1127 vais... »
1712 1109 2795 1179 Je m’en allai, moins découragée que la veille, quoi¬
1672 1175 2797 1246 que j’emportasse également un refus : l’air paterne
1669 1229 2795 1289 de ce bonhomme m’avait rassérénée. A demain les
1675 1277 1842 1360 Revues!
1714 1326 2790 1396 Je me suis assise à ma fenêtre, en soupant avec du
1675 1389 2787 1455 pain et des poires; le soleil se couchait et faisait re¬
1678 1453 2784 1502 luire dans les fenêtres des mansardes des rayons en¬
1669 1503 2780 1564 flammés, dont l'œil ne pouvait supporter la splendeur :
1671 1555 2784 1631 de pauvres ouvrières, des jeunes filles causant du linge,
1672 1612 2792 1675 assises à leur unique croisée, m’apparaissaient dans
1672 1661 2792 1724 une gloire, et je voyais, plongeant dans ces humbles
1666 1714 2791 1780 chambres, visitées, illuminées par le soleil, reluire
1669 1776 2790 1837 les meubles de noyer, les plats de faïence aux fleurs
1657 1834 2781 1896 brillantes, la montre d’argent suspendue à la cheminée,
1664 1880 2788 1951 la Vierge en plâtre que le rayon revêtait d’or et de
1664 1942 2784 2001 rose, ou le Napoléon de bronze, debout, les bras croisés
1664 1999 2788 2055 et le regard sévère.... Je goûtais un plaisir singulier à
1666 2051 2780 2111 examiner ces tableaux d’intérieur, d‘où semblait éma¬
1657 2108 2781 2166 ner la paix, fille du travail et de la pauvreté... Une
1664 2163 2781 2224 de ces fenêtres était voilée par un rideau de serge
1672 2218 2780 2276 verte : le rideause leva tout à coup, et à la faveur d'un
1669 2273 2776 2345 rayon, je vis une mansarde plus nue que les autres...
1664 2328 2781 2390 Quelques plâtres, quelques dessins étaient appendus
1661 2377 2785 2436 aux murs; c’était un atelier... Une jeune fille, petite et
1661 2434 2777 2498 blonde, était debout près d’un chevalet qui portait une
1661 2491 2778 2549 toile, que je ne pouvais voir.... elle tenait un appui¬
1657 2549 2777 2614 main et un pinceau ; sa palette se trouvait sur une
1664 2597 2771 2659 table ; elle regardait son travail avec une expression
1661 2650 2774 2708 triste et découragée , et enfin, comme une personne
1661 2715 2769 2777 saisie d’une résolution soudaine, elle prit une brosse
1654 2769 2771 2825 et la passa sur son ouvrage. Je poussai un cri involon¬
1651 2821 2777 2881 taire, car sa physionomie et son action me faisaient
1654 2870 2769 2936 peine... elle s’assit devant sa toile et la regarda fixe¬
1651 2932 2773 2997 ment : il me sembla que des larmes coulaient sur ses
1657 2985 2771 3049 joues pâles... Au même instant, un chant joyeux
1648 3042 2773 3099 s’éleva d’une mansarde voisine : c’était une petite
1651 3094 2777 3153 ouvrière qui rivalisait avec le bouvreuil suspendu à sa
1651 3149 2770 3213 fenêtre; elle chantait, d'une voix juste et perlée, une
1657 3199 2245 3272 vieille romance de Florian :
1764 3310 2625 3391 Le beau Ferdinand, prisonnier d’un roi Maure,
1779 3372 2411 3436 Osait aimer la fille du vainqueur,
1654 3464 2769 3545 et le bouvreuil, enflant sa poitrine, joutait avec elle
1644 3536 2771 3613 et faisait à son tour les plus brillantes roulades... Ma
1654 3600 2767 3657 voisine, tirée de son accablement, regarda la petite ou¬
1651 3652 2769 3714 vrière, et sourit au milieu de ses larmes... je la vis
1657 3700 2763 3772 prendre tout à coup du papier, un crayon, et dessiner
