2822 3966
537 134 1582 245 Seulement, le père et la mère, qui devenaient vieux,
537 238 1582 290 et qui souffraient de la position de leur fille, allèrent
539 280 1584 332 moins à Paris et restèrent plus longtemps dans leurs
546 327 1579 393 terres; Isaure, le cœur plein d’ennui et de regrets, de-
541 384 1582 438 vint triste et parfois d’humeur chagrine. Ses préten¬
541 433 1586 494 tions, qui n’avaient point diminué avec l’âge, devinrent
534 475 1582 570 ridicules. Henri fuyait cet intérieur morose et vivait
539 541 953 619 beaucoup en dehors.
577 548 1577 664 Un jour, elle s’aperçut que le fils d’Emilie du Rou¬
546 650 1572 706 vre avait douze ans, et elle compta que sa trente¬
546 687 1200 765 cinquième année n’était pas loin.
584 720 1577 810 « Il faut pourtant que je me décide, dit-elle le
537 791 1572 878 soir en se regardant au miroir. — Mon père, je vous
541 843 1344 925 permets de me choisir un mari cet hiver.
612 861 1582 967 — Dis donc, Isaure, tu auras soin de te faire épiler
1659 144 2716 259 avant d’aller à la chasse au mari, s’écria son frère en
1659 226 2716 299 arrachant sur sa tempe un magnifique cheveu blanc...
1718 280 2716 362 Va! tu n’as plus qu’un rôle à jouer en ce monde,
1662 318 2413 400 c’est celui de tante de mes enfants. »
1704 391 2714 497 Isaure de Valeroy est chanoinesse. Dans le monde,
1659 461 2227 553 on l'a surnommée le HÉRON.
1702 497 2712 598 « Et, disait dernièrement, une de ses anciennes
1659 586 2716 671 compagnes du couvent, elle n’avait pourtant ni long
1652 636 2335 720 bec, ni long cou, ni longs pieds...
1704 676 2714 746 — Bah! répliqua un jeune étourdi : avec son turban
1657 739 2716 805 orange, sa robe de velours à pointe, son tour frisé et
1657 791 2714 878 ses grands airs, cela fait vraiment une tante fort im¬
1659 843 1871 930 posante ! »
2297 869 2613 986 CLAUDE VIGNON.
887 1280 2337 1396 FRAGMENTS DU JOURNAL D'UN OFFICIER DE MARINE.
676 1605 2568 1763 VISITE AU SULTAN DE BACALAM
1217 1794 1991 1909 ILE DE MADURE (MALAISIE)
560 2050 1570 2128 . Je viens de parcourir l’océan Indien, notre
518 2123 1556 2175 navire a visité les rivages de bien des îles connues
518 2170 1551 2227 à peine des navigateurs, et dont la vigoureuse végé-
515 2224 1556 2281 tation reçoit un nouvel éclat du soleil de feu sous le-
520 2276 1558 2335 quel elles s’épanouissent. Entre toutes celles qui mi¬
513 2333 1561 2396 rent leur parure verdoyante dans ces eaux bleues et
513 2377 1558 2448 lointaines, Java, reine brillante et superbe, voit se
520 2438 1556 2497 grouper autour d’elle, comme autour de leur suze-
513 2476 1561 2549 raine, des îles moins fameuses, mais non moins belles,
515 2537 1561 2596 ce sont des Princesses tributaires et non d’humbles
513 2589 1561 2643 sujettes. Madure, la plus grande de ces îles, est séparée
504 2641 1558 2707 de Java par un détroit large d’un mille, sur lequel
506 2695 1558 2752 s’ouvre le port de Sourabaïa, l’un des plus importants
515 2737 1551 2799 de la colonie hollandaise. La longueur de l’ile est de
506 2792 1544 2857 deux cent huit kilomètres sur quarante de large ; Ma
513 2846 1558 2909 dure forme une des vingt régences qui depuis 1825
504 2902 1563 2968 divisent l’empire Hollando-Indien ; elle est partagée
506 2945 1563 3008 entre deux sultans tributaires de la Hollande; le sultan
513 2999 1549 3055 de Sumanap, qui habite la ville de ce nom, règne sur
504 3053 1558 3121 la plus petite partie; celui de Bacalam commande
497 3105 1186 3175 à la portion la plus importante.
548 3140 1551 3225 De tous les souverains sous la tutelle hollandaise,
511 3196 1549 3281 ceux de Madure sont les seuls qui jouissent d’une appa-
515 3248 1551 3335 rence de liberté ; cet avantage est dû sans doute à
506 3295 1549 3373 leur faiblesse, mais quel qu’en soit le motif, ils en
506 3364 1553 3441 profitent et disposent à leur gré de leurs biens et de
506 3415 1546 3484 leurs sujets. Cependant il ne faudrait pas qu’ils éten¬
508 3460 1556 3540 dissent trop loin cette franchise; ils ont toujours près
506 3512 1537 3632 d’eux un résident hollandais chargé d’épier leurs ac-
1641 2027 2709 2088 tions et d’en rendre compte à son gouvernement.
1641 2067 2712 2137 Les Maduriens, comme toutes les peuplades de la
1634 2123 2709 2187 Malaisie, n’entendent rien à l’administration; ce sont
1643 2175 2702 2236 des Chinois (1) qui, à titre de fermiers, en exploitent
1636 2220 2045 2293 toutes les branches.
1676 2285 2712 2351 Depuis notre arrivée à Java, nous avions projeté
1638 2330 2695 2401 de visiter le sultan de Bacalam; nous savions qu’il re-
1636 2391 2709 2455 cevait avec plaisir les Européens, et tout ce qu’on nous
1636 2443 2709 2497 dit de l’accueil qui nous attendait excita en nous un
1634 2490 2704 2547 vif désir d’en juger. A tout instant on nous vantait la
1626 2540 2704 2610 magnifique hospitalité de ce prince, le cachet oriental
1638 2591 2690 2650 de sa cour originale, qui, seule entre toutes, con-
1626 2653 2697 2712 serve encore les traditions de ce vieil empire hindou,
1636 2697 2704 2756 tombé comme tombent, hélas! tous les trônes et
1629 2747 2700 2815 toutes les civilisations, mais qui en tombant a semé
1636 2794 2702 2876 des ruines de ses monuments bizarres et grandioses
1629 2846 2697 2912 l’Inde et les îles de la Sonde. Bien que pour nous
1629 2905 2702 2982 les merveilles de l’Inde et de Java eussent déjà
1641 2952 2700 3022 émoussé notre curiosité, ces récits et mille autres eu¬
1629 3008 2238 3095 rent le pouvoir de la réveiller.
1671 3187 2690 3272 (1) Les Chinois sont extrêmement répandus dans les îles
1636 3253 2693 3312 de la Malaisie, dans l’Inde, et émigrent jusqu’en Amérique:
1629 3309 2693 3361 ce peuple a le génie du commerce et de la spéculation, et
1626 3356 2690 3404 on le trouve disséminé dans ces régions comme les juifs le
1629 3396 2690 3460 sont en Occident ; leur nom prononcé évoque une idée de
1629 3444 2686 3493 lucre et souvent de mauvaise foi dans les transactions com¬
1629 3491 2686 3575 merciales. Du reste, ils sont bons administrateurs et ex¬
1631 3533 1956 3606 cellents fermiers.
