2959 4075
1644 168 1762 282 218
584 243 1669 347 et d’animation. On a redemandé le chœur des picadores,
582 308 1672 389 et le rideau est tombé sur une sérénade chantée par Gril¬
590 364 1669 433 lon, reprise ensuite en quintette. Bref, on remarquait dans
587 414 1669 498 cet ouvrage un talent viril, original, et d'un excellent style,
1762 240 2838 344 et l’on regrettait que cette charmante cargaison de mé¬
1759 330 2847 403 lodie et d'harmonie se fût embarquée par une si chaude
1750 377 2326 436 saison sur un si pauvre navire.
2352 380 2690 501 MARIE LASSAVEUR.
724 693 2715 822 ÉCONOMIE DOMESTIQUE.
618 856 1675 968 GELÉE AUX FRAISES. — Prenez deux onces de colle
582 959 1669 1021 de poisson ou de gélative rose, faites cuire avec un
579 1015 1672 1074 verre d'eau, jetez un peu de blanc d'œuf, enlevez et le
570 1046 1664 1135 blanc et l’écume qui s’y attache; faites un sirop avec
579 1116 1661 1180 une livre de sucre; mêlez ces deux préparations, ajou¬
573 1166 1667 1244 tez-y le jus d’un fort panier de fraises; mêlez le tout,
582 1219 1672 1289 versez dans un moule et mettez ce dernier dans de la
570 1283 1661 1353 glace. Lorsque la gelée sera formée, prenez un linge
576 1331 1658 1401 bien chaud, frottez-en les parois du moule et renver¬
570 1387 1658 1446 sez-le sur un plat. On fait de même la gelée aux gro¬
570 1434 1661 1499 seilles et aux framboises. C'est un bon et joli entremets
618 1493 1664 1549 CONFITURES D'ABRICOTS ENTiERS. — On prend
568 1524 1661 1605 des abricots qui ne soient pas trop mûrs et on en ôte
570 1594 1661 1664 le noyau avec soin. On emploie i kilogramme 1j4 de
562 1641 1667 1720 sucre par kilogramme de fruit. On casse le sucre, on
565 1695 1658 1764 le met dans la bassine avec un demi-litre d'eau par
568 1748 1661 1826 kilogramme, on le laisse cuire, on la clarifie, et quand
565 1806 1667 1876 il est arrivé au grand boulé, on met avec précaution
1745 914 2841 987 les abricots dans le sirop; on active le feu. Après quel¬
1745 979 2833 1035 ques minutes, on retourne les fruits, et quand ils de¬
1745 1032 2838 1096 viennent transparents, on les prend un à un avec une
1739 1079 2833 1149 fourchette et on les place dans des pot en verre. On
1736 1124 2844 1208 remet le sirop sur le feu, on y ajoute le jus que les
1734 1191 2835 1256 abricots ont déposé dans les pot, on fait cuire de nou
1745 1244 2841 1314 veau au grand boulé et on achève de remplir les pot
1736 1283 2030 1373 avec ce sirop.
1781 1348 2833 1409 GELÉE D'ABRICOTS. — On prépare les abricots de
1736 1384 2830 1471 la même manière que ci-dessus en employant les
1734 1460 2816 1516 mêmes proportions de sucre et de fruit. Quand la con¬
1734 1502 2816 1574 fiture est faite on la verse par un tamis dans les potS.
1739 1555 2821 1627 Cette gelée est magnifique et délicieuse; les abricots
1739 1611 2816 1681 qui ont servi à la faire peuvent être mangés sur-le-
1734 1661 2819 1734 champ ou conservés dans des pot s. En les plaçant au
1734 1711 2816 1776 four, à une chaleur très-douce, ils se dessèchent et
1731 1767 2819 1862 forment des abricots confits qu’on peut conserver en
1731 1812 1876 1896 boites.
1325 2293 2100 2545 Correspondance.
556 2707 2807 2849 PLANCHE VII. — 1, Quart d’un mouchoir — 2, A. Z. — 3, L. B. — 4 et 5, Col et manchette — 6, M. F. — 7, Bas de
632 2802 2813 2900 jupon — 8, L. G. — 9, A. —9 bis, I. B. — 10, M. H. — 11 et 11 bis, Passe et porte d'un bonnet d'enfant — 12, Mou¬
626 2875 2807 2947 choir—13, Nicolaïde — 14, Garniture — 15, 16 et 17, Devant, col et manchette de camisole — 18, L. J, —19, Écusson
624 2903 2810 3003 20, Ecusson — 21, Clémence — 22, Rose — 23, J. L. — 24, J M. — 25, Moitié d'une pièce de chemise — 26, Manche
621 2975 2810 3081 de la chemise — 27, Volant de robes de mousseline — 28, Même dessin réduit — 29, L. D. — 30, A. D, — 31, Simo¬
621 3028 2807 3129 nette — 32, Bertha — 33, Mouchoir — 34, P. L. — 35, Écusson — 36, Noémie — 37, Aloysia — 38, Blanche — 39 à
615 3087 2816 3174 42, Mantelet montant — 43, Quille pour robe — 44 à 47, Corsage de poupée — 48 et 49, Fichu de poupée — 50, Sac
626 3143 2810 3232 de voyage — 51 et 52, Commencements d’alphabets — 53 et 54, Eglamine — 55 et 56, Renoncule — 57 et 58, Pied
618 3191 2810 3288 d’alouette — 59 à 63, Casaque de poupées — 64, Manche bouillon — 65, Boite à gants, fleurs en cuir — 66, Tapisserie
621 3258 1317 3319 par signes — 67, Gibecière de chasse.
654 3311 1630 3400 La petite édition finit au numéro 10 inclusivement.
587 3498 1636 3593 Mon enfant, les fleurs ne sont pas toutes là ou M. A.
542 3532 1633 3657 Karr a établi sa résidence ; l’aspect actuel de notre
551 3610 1625 3705 palais de l'Industrie en fait foi ; on a eu, cette année,
537 3663 1630 3761 l'idée de faire servir ce vaste monument à l'exposi¬
540 3719 1641 3834 tion d'horticulture, et l'idée est bonne, car tous les
1722 3515 2796 3624 curieux qui s’y rendent y retournent, malgré l’ex¬
1709 3585 2791 3688 trême chaleur, que ne parvient pas à atténuer suffi¬
1709 3649 2799 3719 samment une charmante rivière, sinueuse comme la
1703 3705 2799 3792 Seine, d'où je suppose que des conduits souterrains
1706 3753 2796 3853 l'amènent. Une rivière ! t'écries-tu; oui, Florence,
