2822 3966
1549 41 1657 139 174
588 123 1558 202 Eh bé! je connais quelqu’un qui se donnera de
490 195 1296 248 garde d'en faire autant, dit le gascon ! »
529 245 1561 310 Et comme on lui reprochait de s'endurcir dans son
490 293 659 364 erreur :
533 334 1546 442 « Vous l'avez partagée autrefois, cette erreur, re¬
487 392 630 477 prit-il.
557 440 1539 540 — Oui, et, un jour, elles nous a rendus bien coupa¬
481 510 1535 609 bles! Mais nous nous en sommes expliqués avec Par¬
483 568 661 636 mentier.
590 599 1546 683 Vous lui avez fait votre mea culpa! Que c'est
479 669 1539 732 touchant! Moi, c’est autre chose, je ne saurais lui
479 724 730 794 pardonner...
567 744 1549 867 - De n’être point à la Martinique, interrompit
467 813 691 880 Mailloche?
514 860 821 933 — Sans doute !
518 912 1131 1005 — Puisque la Solanée réussit !
564 970 1538 1063 — Et que Sa Majesté le Roi en a mangé, n’est-ce
465 1045 1527 1110 pas? riposta Cistac en goguenardant. Ce qui prouve,
467 1098 1535 1152 tout uniment, que le Roi a un bon estomac. Le Roi
454 1146 1524 1212 en a mangé, poursuivit-il, la noblesse en mangera,
461 1192 1401 1269 le peuple et les bourgeois feront tout comme...
564 1247 1091 1319 Que voulez-vous de plus?
560 1293 1520 1366 La sanction du temps, monsieur ! La consécra¬
456 1350 1524 1419 tion de digestions nombreuses, monsieur! Mais bast!
450 1403 1520 1472 l’engouement pour le fameux Solanum tuberosum
454 1463 1522 1520 n’atteindra pas l’époque des prochaines semailles; si
445 1516 1516 1570 toutefois Parmentier est assez fou pour ensemencer
444 1554 944 1626 de nouveau les Sablons !
499 1600 1527 1689 — Il le sera, j'en réponds, fit Parmentier, entrant
440 1673 1523 1731 sur ce qui précède, et serrant les mains de ses trois
433 1731 1508 1791 amis, car il n’en voulait point à Cistac de leur diver¬
434 1766 1509 1845 gence d’opinion relativement à la pomme de terre,
442 1829 1509 1889 pas plus qu'il ne leur avait gardé rancune, à tous
437 1885 1512 1949 trois, pour ce refus de lui venir en side, lequel
440 1931 1515 2002 jadis lui avait causé une si vive douleur, mais qu’il
434 1988 1511 2049 savait, maintenant, ne leur avoir été inspiré que par
437 2036 1519 2102 leur affection; il le sera, mon bon Cistac, poursuivit
437 2094 1511 2159 Parmentier; oui, je serai assez fou pour continuer
441 2144 1513 2224 une œuvre qui, plus tard, fera certainement aimer et
437 2195 826 2261 bénir mon nom ! »
476 2259 1507 2341 Et comme Armand et Mailloche l’approuvaient avec
438 2307 633 2375 chaleur :
480 2359 1511 2455 « Bon ! bon! Je vous attends à la consommation de
437 2422 789 2491 ladite, fit Cistac!
538 2480 1512 2551 C’est une épreuve qui, désormais, ne saurait
437 2532 1229 2604 tarder beaucoup, répliqua Parmentier.
486 2591 1511 2673 — Mon cher, pas de plaisanterie, s'écria le gascon
436 2632 1500 2717 soudainement alarmé ; mange-s-en si bon te semble
434 2686 1504 2770 mais ne va pas t’aviser de m’en faire manger au
437 2765 1499 2829 moins ! Pouah ! J'ai encore sur les lèvres mes nau¬
430 2792 812 2867 sées de la prison !
483 2865 1504 2934 — A cette époque, mon ami, l’exil et le préjugé dé¬
434 2919 1500 2980 teignaient sur le tubercule, fit Parmentier avec dou¬
429 2963 586 3023 ceur. »
469 3015 1503 3090 Et comme avant de déjeuner, on émit la proposi¬
430 3074 1512 3149 tion d'aller faire un tour au champ des Sablons, et
434 3131 1297 3201 qu'on engageait Cistac à être de la partie :
476 3182 1503 3277 « Ce serait manquer à sa dignité d’ennemi de la
431 3241 879 3310 solanée, dit Mailloche.
530 3293 1503 3369 Allez, allez, rira bien qui rira le dernier, riposta
430 3341 576 3406 Cistac !
521 3411 1499 3491 Rire, répéta-t-il dès qu’il fut seul, sa figure
417 3473 1496 3537 s'allongeant d’une manière sensible ; par la toge de
419 3518 1496 3594 mon père, je n'en ai point la moindre envie ! Je sens
404 3564 1485 3665 ici comme une odeur de trahison; il me semble que
1645 143 2708 233 quelque piége va m’être tendu, que ma bonne foi et
1643 208 2702 280 mon estomac sont en danger; que, sous quelque dé¬
1639 248 2702 326 guisement spécieux, on va me faire absorber l’exé¬
1645 308 2708 385 crable tubercule ! Si je leur brûlais la politesse? Si je
1639 346 2701 434 filais sans crier gare? — La sœur! Il me faut adroi¬
1643 400 2700 488 tement l’amener à me révéler le menu, ajouta men¬
1634 457 2621 538 talement le gascon; après cela nous aviserons, »
1676 513 2704 594 Et comme mademoiselle Angélique, maintenant
1637 546 2700 649 heureuse et gaie et rajeunie, venait en effet disposer
1628 607 1875 675 le couvert :
1683 663 2693 747 « Est-il déjà l’heure de déjeuner, mademoiselle? »
1623 720 2693 803 lui demanda Cistac, satisfait de son entrée en matière.
1664 779 2693 855 « C'est que ces messieurs sont descendus aux Sa¬
1628 824 2698 902 blons, continua-t-il, sur la réponse affirmative de
1624 882 2168 952 mademoiselle Parmentier.
1722 936 2686 1017 Ah! mon déjeuner peut attendre, fit observer
1626 972 1795 1047 celle-ci.
1720 1041 2682 1114 Ah ! ah ! eh bé! c'est quelque chose qu'un dé¬
1618 1090 2690 1169 jeuner qui peut attendre; ne me parlez pas de ces
1614 1156 2671 1213 mets dont on est l’esclave, et qu’on est tenu de man¬
1611 1192 2690 1270 ger dès qu'ils sont cuits, tels que... ou encore... tandis
1623 1256 2383 1317 que la... les... le... c'est autre chose !
1706 1302 2685 1377 - Monsieur Cistac, fit en souriant Angélique, qui
1609 1357 2686 1435 devinait le gascon, nous avons pour déjeuner des
1614 1404 2686 1482 côtelettes de mouton à la purée de haricots, du
1603 1462 2681 1538 concombre frit et en salade, un chapon farci, et un
1603 1523 2691 1584 gâteau de ma façon; de ces choses, les unes sont
1611 1570 2682 1634 prêtes et reposent sur de la cendre chaude, les autres
1608 1634 2678 1703 se mangent froides, les dernières se font; vous voyez
1608 1678 2668 1741 que l’on pourra déjeuner dès que ces messieurs re¬
1599 1733 2652 1795 monteront, et que, s’ils tardent, rien n’en souffrira.
1692 1777 2666 1845 - Bravo! bravissimo! fit Cistac, enchanté de n'a¬
1603 1830 2618 1899 voir point entendu nommer le légume redouté! »
1641 1885 2667 1944 Puis, quelques minutes plus tard, lorsque tous fu¬
1596 1931 2352 2010 rent assis autour de la table frugale :
1646 1990 2668 2054 « L'excellente purée ! ne cessait de s’écrier le futur
1596 2050 2675 2114 magistrat d'Agen. Les délicieux concombres frits ! Et
1596 2098 2668 2175 c’est vous, mademoiselle, qui avez préparé tout cela?
1596 2150 2670 2214 En vérité, cette facilité qu’ont les femmes de faire
1596 2209 2668 2265 bien les choses les plus diverses est admirable! Voilà
1592 2257 2670 2315 mademoiselle, par exemple, qui, nous le savons, se
1597 2311 2666 2378 plaît aux occupations de l’esprit, dont la main
1592 2367 2663 2429 s’exerce merveilleusement sur la mousseline et le sa¬
1599 2417 2666 2480 tin, et qui pousse, néanmoins, à un degré suprême
1596 2475 2659 2532 l’art, trop peu cultivé dans les petits ménages, de pré¬
1596 2518 2670 2589 parer ou de faire préparer des mets appétissants et
1596 2574 1875 2637 savoureux! »
1635 2622 2675 2683 A ces phrases élogieuses, mademoiselle Angélique
1586 2685 2667 2742 répondit par le salut modeste qu’il exigeait, et le sourire
1596 2735 2671 2806 qui entrouvrit ses lèvres fut naturellement attribué
1592 2788 2214 2842 au plaisir qu'elle en ressentait.
1641 2840 2671 2902 Cependant, lorsque parut ce gâteau qu'elle avait
1586 2888 2667 2955 annoncé à Cistac, lorsque chacun en eut savouré la
1596 2942 2673 3011 pâte excuse et légère, l'enthousiasme du gascon ne
1596 3000 2063 3059 connut plus de bornes.
1637 3051 2663 3122 « Mademoiselle Parmentier, s’écria-t-il, madame
1588 3107 2663 3163 de Maintenon s’est attaché à tout jamais le cœur de
1581 3163 2651 3219 Louis XIV par les friandises qu’elle savait lui apprê¬
1585 3211 2663 3278 ter de ses belles mains; depuis que j’ai mangé de
1586 3270 2663 3324 votre gâteau, je ne me connais plus, et je prends à
1585 3324 2667 3384 témoin mes amis les plus chers qu'il ne tiendra qu'à
1588 3372 2659 3448 vous de devenir la femme du premier magistrat de
1580 3425 1958 3498 la ville d’Agen! »
1626 3477 2656 3544 Nouvelle salutation de mademoiselle Angélique, et
1584 3541 2268 3611 peut-être aussi, nouveau sourire.
1631 3592 2658 3677 « Ainsi, mes amis, fit Parmentier, vous voulez bien
