2897 4318
1244 263 1352 356 211
182 327 1272 413 main avec le livre entr'ouvert sur ses genoux, elle se
190 405 1244 479 plongea dans une longue et sérieuse méditation (1).
231 462 1269 528 La méditation n'est pas l'absorption de l'âme, elle
183 518 1262 596 en est la consolation et la force ; loin d’abattre, elle
186 570 1259 637 relève; c’est par elle que les résolutions généreuses,
183 628 1257 689 écloses de l’inspiration d’un moment, sont poursui¬
193 681 1265 737 vies et appliquées : elle prend l’intelligence et la fait
183 740 1262 799 monter par degrés jusqu’à Dieu. La poésie peut ne
190 792 1264 845 vivre que d’inspiration; mais la sagesse pratique, le
183 841 1257 896 bonheur réglé de la vie ont besoin de cet exercice sa¬
183 894 886 959 lutaire qui s’appelle la méditation.
231 939 1262 1009 Et ce fut en méditant que Diane trouva le plan de
178 1002 1264 1079 la conduite qu’elle avait à tenir, des sacrifice qu‘elle
186 1054 532 1120 pouvait accepter.
232 1104 1262 1175 Cette fois, calmée et maîtresse d’elle-même, elle
183 1165 1255 1223 rouvrit et lut attentivement le livre qui confole. En¬
178 1218 1257 1279 suite elle se leva, quand elle jugea l’heure venue, et
190 1269 1257 1329 jetant encore sur le parc tout autour d’elle un long et
183 1326 1255 1380 profond regard, elle rentra au château. Son cousin et
186 1374 912 1432 M. de la Morandière l’y attendaient.
231 1421 1251 1488 « Hier, dit-elle à Henri, je vous ai annoncé que je
186 1480 1254 1547 vous gardais une révélation. Ce matin, je vais tenir
175 1533 1254 1595 ma parole. Vous avez, mon cousin, joué et perdu ce
185 1584 752 1653 château, n’est-il pas vrai?...
272 1633 513 1693 Hélas! oui.
264 1685 1247 1764 Il n’y avait à cela qu’un petit inconvénient : c’est
181 1745 983 1808 que le château ne vous appartenait pas.
272 1805 1197 1878 O ciel!... mais à qui donc appartiendrait-il?
275 1847 424 1914 A moi.
272 1905 1139 1960 A vous, Diane!... Malheureux que je suis!
272 1960 1255 2016 Malheureux, en effet, et bien coupable. Car ce
171 2023 1244 2079 château, qui fut toujours un legs de famille, était sa¬
170 2069 1251 2136 cré par les souvenirs, et ce n’est pas tant une perte
175 2125 1242 2180 matérielle qu’il faut regretter, que la perte, bien au¬
171 2167 1244 2230 trement irréparable, de l’honneur, de la dignité de
167 2217 1244 2299 notre nom. Les papiers que voici vous le prouveront, si
176 2274 935 2347 vous aviez besoin de ce témoignage...
272 2323 1239 2393 N'achevez pas, ma cousine; vous me feriez in¬
167 2374 857 2446 jure. Ce que vous dites me suffit.
220 2445 1242 2508 — Notre oncle me légua cette partie de sa fortune;
165 2487 1235 2572 mais je voulais si peu m’en prévaloir, que j’avais eu
174 2537 970 2611 soin de vous laisser ignorer la vérité. »
215 2587 1240 2661 Cependant M. de la Morandière, visiblement af¬
171 2642 939 2710 fecté, arpentait à grands pas le Salon.
212 2701 1233 2771 « C'est très-désagréable, trèst-désagréable, disait-il;
171 2743 1078 2825 lorsque l'on croit pouvoir trouver son gage...
267 2807 1243 2873 Arrêtez, monsieur, dit la vicomtesse, et ne
171 2844 1238 2913 m’imputez point la pensée de m’armer de mon droit
175 2906 1235 2988 pour repousser le vôtre. Ce qui vous est dû vous sera
176 2959 1223 3037 payé immédiatement : vous avez gagné le château...
176 3014 894 3085 vous en êtes maître dès à présent! »
217 3055 1060 3156 Un double cri répondit à cette déclaration.
217 3125 955 3190 « Ah! madame, quelle générosité!...
280 3170 1153 3249 Ah! ma cousine, ce sacrifice est impossible.
279 3220 1238 3296 Non, Henri, il n'est pas impossible, puisque je
174 3260 1240 3350 l'accomplis volontairement et sans regret. Seulement,
176 3313 725 3379 vous savez ce que je désire.
280 3372 1030 3443 Oui, je le sais, et je m'y conformerai.
283 3423 990 3490 Quand part 18ez-vous pour le Havre?
230 3467 771 3536 — A votre commandement.
275 3520 655 3595 Aujourd’hui donc.
205 3733 1232 3834 (1) Voir la gravure, d’après A. Delacroix, qui accompagne
164 3784 379 3850 ce numéro.
1452 336 2269 455 Aujourd'hui? répéta Henri tout troublé.
1448 405 2430 532 Ne laissons pas aux bonnes résolutions le temps
1347 453 1603 535 de s'attiédir.
1460 496 1995 595 Mais vous, ma cousine?...
1454 562 2423 666 Ne vous inquiétez pas de moi. Une maison mo¬
1354 630 2423 718 deste me suffira. Il ne faut pas tant de place à une
1355 678 2426 766 veuve qui ne recherche point le monde. Allons,
1354 733 2423 829 Henri, faites vos dispositions... et ensuite je m’occu¬
1350 795 1675 860 perai de moi. »
1389 812 2431 922 Henri s’inclina respectueusement et se retira dans
1342 905 2438 972 son appartement autant pour cacher ses larmes que
1354 953 2441 1009 pour se livrer à ses préparatifs de départ, tandis que
1350 1004 2430 1087 l'ex-financier, fier de son nouveau domaine et de son
1342 1056 2426 1120 titre de châtelain, ne se gênait plus pour parcourir sa
1350 1117 2420 1208 propriété et dresser les plans de son existence sei¬
1339 1162 1552 1246 gneuriale.
1861 1276 1906 1308 V
1722 1337 2028 1417 LA FiLEISE.
1376 1406 2412 1510 Trois ans avaient passé sur le village de Mortilly,
1331 1466 2412 1547 dans ce cercle de travaux paisibles qui font la vie uni¬
1328 1538 2423 1620 forme mais le cœur content. Cependant les bonnes
1337 1595 2410 1668 gens de l'endroit avaient maintefois soupiré au sou¬
1335 1651 2422 1709 venir du jeune comte, et porté un regard désormais
1335 1703 2422 1780 craintif sur cette riche demeure d’où leur arrivaient
1336 1749 2408 1809 les bruits des fêtes fastueuses que M. de la Moran¬
1339 1804 2408 1871 dière y donnait à ses amis les beaux seigneurs de
1329 1849 2410 1927 la régence. Quand ils voyaient les carrosses à pan¬
1329 1923 2408 1990 neaux de glace circuler dans la cour d’honneur,
1329 1973 2410 2033 quand ils entendaient l’écho des bals, loin d’accourir
1336 2021 2410 2100 avec curiosité, ils s'éloignaient; et c'est tout au plus
1331 2076 2405 2150 s'ils ne se fussent pas signés en se disant : « Les mau¬
1336 2122 1772 2188 vais esprits sont là! »
1374 2142 2400 2240 Jacqueline ne disait rien, elle. Tout ceci lui sem¬
1324 2239 2407 2315 blait un rêve fâcheux qui ne pouvait avoir qu’un
1322 2276 1474 2348 temps.
1380 2304 2407 2407 Pascal, moins endurant, avait rompu son traité de
1332 2353 2362 2456 fermage et se bornait à cultiver le champ paternel.
1369 2429 2400 2512 M. de la Morandière ne tarda point à éprouver qu’il
1326 2498 2405 2570 ne suffit pas d’étaler du faste et qu’on ne s’impose pas
1317 2550 2397 2623 à un pays par les grands airs et les grandes dépenses,
1324 2601 2389 2661 mais que pour y résider il faut y avoir poussé des ra¬
1324 2656 2400 2709 cines dans les habitudes locales et dans l'affection. Il
1325 2706 2400 2764 sentit peu à peu combien le vide s’opérait autour de
1326 2750 2392 2828 lui, tant de la part de la noblesse que de celle des vil¬
1321 2810 2397 2880 lageois. Cette solitude de l’opinion finit par lui peser
1317 2870 2397 2944 en l’effrayant et le déterminer à se défaire du bien
1324 2913 1924 2992 que le hasard lui avait donné.
1359 2978 2385 3026 Mais il lui avait été plus facile de gagner un châ¬
1324 3011 2385 3080 teau que de le vendre : aucun acquéreur ne se pré¬
1321 3073 2390 3136 sentait. Les habitants de Mortilly triomphaient de son
1317 3126 2382 3199 embarras, lorsqu’ils apprirent, à leur profond éton¬
1317 3182 2382 3248 nement, que le château venait d’être acheté par le
1317 3237 1645 3308 compère André.
1369 3244 2377 3350 « Voyez-vous ça ! se disaient-ils. Un méchant col¬
1311 3331 2378 3404 lecteur de tazes!... Ah ben ! il en a assez volé de ces
1321 3389 2375 3449 écus! Ce n'est pas l'embarras : il prêtait à gros inté¬
1324 3443 2385 3521 rêts, et cette moisson-là rapporte plus que celle de
1314 3494 1612 3568 nos champs. »
1366 3499 2384 3614 Ce fut donc, après le départ de M. de la Moran¬
1317 3595 2382 3668 dière, le compère André qui devint le thème des pro¬
1321 3661 2388 3718 pos de veillerie ; et franchement, il ne paraissait pas
1311 3691 2385 3780 s'en soucier le moins du monde. Son sourire frondeur
1313 3747 2375 3808 n'avait point quitté ses lèvres; l'impassibilité subsis¬
1310 3807 2250 3889 tait sur son front; et quand on lui demandait :
