2822 3966
1576 12 1663 106 144
517 98 1582 158 nous sommes à présent dans notre mois, notre saison
522 129 1573 233 des fleurs, et s’il nous survenait des orages, nous leur
519 182 1177 252 trouverions encore du charme. »
558 238 1576 321 Le chevalier de Kernevel, heureux aussi, vécut
513 293 1576 367 vieux. Il découvrait chaque année un degré de
510 332 1570 434 moins dans sa parenté avec le roi, et la veille de sa
1657 92 2711 201 mort il avait presque établi qu’il était son cousin ger¬
1660 162 1795 217 main.
1706 214 2700 301 Malgré ces petites vanités, qui l’attachaient encore
1651 262 2687 351 à la terre, il mourut en bon chrétien, en osant sou-
1652 319 2196 391 rire à Dieu qui l’attendait.
2350 376 2584 467 H. PERRET.
1283 759 1905 896 SOUVEMIBS
517 1088 1540 1198 L’hiver avait été long et rude; la neige avait long¬
478 1162 1538 1236 temps couvert la terre. Les pauvres dans leurs man-
481 1209 1541 1307 sardes ou leurs chaumières, et les petits oiseaux dans
479 1266 1538 1359 les champs avaient eu bien froid, bien froid et bien
474 1305 1532 1407 faim. Sous l’abri misérable et dans la plaine, de nom¬
473 1372 1534 1446 breuses voix s’étaient élevées vers Dieu, criant grâce
478 1432 1533 1509 et pitié, voix d’hommes et cris d‘oiseaux; mais le
474 1470 1521 1560 vent du nord, sans doute, avait étouffé sous son gé¬
473 1530 1521 1619 missement lugubre les plaintes et les cris d’angoisse;
471 1582 1525 1669 ces deux créatures les plus chères au cœur de Dieu,
462 1620 1530 1736 l’homme qui prie et l’oiseau qui chante semblaient
462 1675 949 1750 l’avoir imploré en vain.
510 1723 1529 1810 Les jours sont bien longs quand la faim en compte
466 1781 1522 1881 les heures, et le soir est bien triste quand il s’écoule
457 1834 1523 1912 sans lumière et sans feu. Il y avait dans les mansar¬
462 1881 1529 1979 des et les chaumières un désespoir si grand, que la
469 1951 1528 2016 prière ne partant plus du cœur, n’y apportait plus de
459 1995 1522 2070 soulagement. Prier, c’est espérer encore, quelle que
459 2044 1517 2142 soit la grandeur du malheur dont on gémit, quelle
466 2098 1519 2193 que soit la détresse où l’on se trouve. Pauvres mères,
469 2153 1517 2233 pauvres petits enfants, qui comptez les minutes de ces
458 2202 1513 2300 longues journées et de ces soirs si sombres, pourquoi
450 2262 1517 2339 ne pleurez-vous plus?...... Vos larmes se sont-elles
450 2308 1513 2391 taries comme votre voix s’est éteinte?... Que vos chéris
446 2366 1518 2438 sont pâles, jeunes mères, pâ les d’une pâleur livide !
450 2414 1507 2497 Hélas! j’ai entendu la nuit dernière le cri lugubre
454 2454 1514 2565 d’un hibou, et les corneilles ont, pendant tout le jour,
457 2513 1515 2607 décrit des cercles sinistres autour de la chaumière...
450 2566 1518 2660 Est-ce le premier né ou sa blonde petite sœur qui
454 2619 1505 2712 demain ne souffrira plus et s’envolera pour aller
446 2664 1506 2773 bien loin, bien loi», partager le pain des anges et dire
450 2723 1103 2797 au bon Dieu le nom de sa mère?
489 2783 1510 2862 L’hiver, c’est l’œuvre de Dieu, comme le printemps
444 2830 1502 2917 parfumé et l’automne riche et généreux; c’est pour la
438 2900 1507 2968 nature un temps de sommeil et de repos nécessaire à
438 2935 1510 3020 sa fécondité, toutes les œuvres de Dieu doivent être
435 2992 1511 3079 bénies! Mais quand l’hiver est rude et long, que de
432 3052 1498 3133 souffrances il cause, que de désespoirs il engendre!...
438 3093 1505 3180 Jeunes filles, pour qui l’hiver n’est qu’un temps de
438 3149 1498 3240 plaisirs et de fêtes, qu’une saison brillante et joyeuse,
439 3213 1495 3293 ou le bal succède sans cesse au bal, si vous saviez, si
444 3252 1503 3350 vous saviez !... Mais vous ne savez pas, vous n’y avez
446 3301 1502 3399 jamais pensé. Sans cela, n’est-ce pas, il y aurait moins
443 3358 1503 3453 d’âtres sans feu, moins de familles sans pain, moines
432 3418 1506 3540 de petits enfants sans langes? Non, vous ne savez
432 3453 1008 3577 pas, car vous êtes bonnes...
1685 1013 2695 1134 On était aux derniers jours de cet hiver si long et
1633 1088 2692 1189 si rude; Pâques allait carillonner ses alleluia joveux;
1633 1145 2692 1238 quelques brins d’herbe verdissaient dans les jardins,
1639 1210 2684 1288 quelques primevères ouvraient timidement leurs co-
1628 1265 2694 1324 rolles parmi les brins d’herbe; le ciel avait des éclair-
1631 1308 2684 1391 cies où le soleil se montrait; enfin, le printemps
1631 1357 2680 1434 venait, et les oiseaux essayaient leurs voix pour le
1623 1422 2688 1490 saluer de leurs chants. Tout renaissait, et ceux-là
1624 1461 2680 1542 même qui avaient le plus souffert, le plus désespéré,
1628 1519 2679 1588 oubliaient leurs souffrances, revenaient à l’espoir et
1623 1558 2051 1640 souriaient à l’avenir.
1663 1623 2676 1706 Par une de ces premières matinées douces où
1624 1665 2669 1751 tout s’essaie à sourire et à chanter, je suivais dans
1616 1715 2675 1814 le ciel quelques nuages blancs courant à l’horizon se
1616 1787 2673 1854 cacher derrière de hautes collines; à quelques pas
1617 1829 2669 1906 de ma feuêtre, des oiseaux voletaient dans les bran-
1619 1880 2665 1963 ches d’un cerisier en fleur et d‘un pommier cen-
1621 1926 2657 2009 tenaire qui élevait à côté du cerisier son tronc tor-
1609 1989 2672 2062 tueux et moussu et ses branches encore toutes dépouil-
1612 2032 2679 2111 lées de verdure : le grain et les insectes n’étaient
1609 2088 2661 2173 plus cachés sous la neige, l’abondance était revenue,
1611 2147 2665 2229 et avec elle les joyeuses chansons. Comme ils me
1612 2192 2665 2277 paraissaient heureux! Tout à coup, j’en aperçus un,
1609 2241 2664 2323 isolé, immobile, blotti sur une des grosses bran-
1605 2308 2663 2380 ches du vieux pommier ; quel air de misère et de
1609 2350 2673 2430 tristesse il avait! Ses plumes, peu nombreuses, étaient
1611 2404 2664 2495 hérissées et sales; c’étaient de véritables haillons, de
1616 2457 2661 2530 vraies guenilles d’oiseaux. Sa tête se penchait à tou¬
1613 2521 2664 2578 cher la branche où il était posé, et par instants il
1609 2558 2663 2637 jetait un petit cri faible et triste comme la plainte d’un
1605 2624 2665 2684 mendiant qui dit : J’ai faim! — J‘aime le bonhenr et
1600 2676 2663 2730 son beau sourire, j’aime les cris joyeux des enfants et
1601 2706 2659 2801 le chant des oiseaux ; mais c’est pour tout ce qui
1598 2782 2653 2839 souffre que j’ai les plus vives sympathies. Qu’une
1608 2819 2652 2904 douleur passe à côté des joies que j’admire, je dé-
1607 2869 2663 2953 tourne la tête des joies et suis irrésistiblement attiré
1607 2932 2660 3004 vers la souffrance... Ce n’était qu’un pauvre oiselet,
1597 2983 2665 3050 mais y a-t-il une créature, si petite qu’elle soit, in-
1605 3027 2664 3103 différente à Dieu? Il entend le chant du grillon de
1594 3083 2656 3161 l’âtre, il aime l’insecte de l‘herbe, il voit l‿animal-
1593 3149 2660 3209 cule de la goutte d’eau... Est-ce bien à nous, après
1597 3184 2663 3267 son exemple, de trouver quelque chose de petit et
1594 3238 1823 3311 d’indigne?
1639 3301 2664 3368 Je cessai donc de voir et d’écouter la foule joyeuse
1597 3360 2656 3423 et chantante pour ne regarder, pour n’entendre que
1598 3396 2649 3469 le pauvret. Il était toujours immobile sur la bran-
1596 3463 2651 3520 che; bien certainement il était malade! Je descendis
1594 3521 2647 3601 et j’allai vers lui. Lorsque je fus au pied de l’arbre, il
