2946 4158
1602 136 1701 224 324
500 227 1595 312 Rouen. Écoutez encore, à ce même propos, le pre¬
501 279 1532 351 mier complet de la Ballade de l’honneur français :
601 385 1274 456 Rencontré soit de bêtes feu jetants,
608 440 1329 501 Que Jaçon vit, quérant la Toison d’or ;
605 480 1361 556 Ou transmué d’homme en bête, sept ans,
603 539 1191 602 Ainsi que fut Nabuchodonosor;
619 584 1359 648 Ou bien ait perte aussi griève et vilaine
612 634 1338 692 Que lestroyens pour la prise d’Hélène;
612 683 1173 739 Ouhervalé soit avec Penthalus ;
603 728 1390 794 Ou, plus que Job, soit en griève souffrance,
601 784 1219 843 Tenant prison avecque Dédalus...
596 836 1376 896 Qui mal voudrait au royaume de France !
533 903 1595 1004 Ailleurs, passant du grave au doux, il s’égaie en
486 976 1593 1088 ces termes sur la prestesse de langue des dames de
501 1033 633 1109 Paris :
631 1121 1270 1236 Quoiqu’on tient belles langagères,
630 1198 1082 1266 Génevoises, Vénitiennes,
620 1250 1448 1326 Assez pour être messagères (ambassadrices),
631 1295 1382 1375 Et mêmement les anciennes (les vieilles) ;
629 1348 1303 1415 Mais soit Lombardes ou Romaines,
631 1397 1092 1460 Florentines, à mes périts,
626 1446 1168 1509 Piémontaises, Savoisiennes...
622 1499 1169 1567 Il n’est bon bec que de Paris.
529 1578 1215 1660 Villon lui-même en est la preuve.
528 1642 1575 1719 Les vers suivants contiennent ses impressions de
479 1716 1579 1802 voyage... au cimetière des Innocents. Figurez-vous
477 1757 1288 1844 Bossuet, parlant le langage de la halle :
608 1834 1148 1939 Quand je considère ces têtes
612 1921 1144 1987 Entassées en ces charniers...
609 1970 1243 2034 Tous furent maîtres des requêtes,
610 2017 1284 2089 Ou tous de la chambre aux Deniers,
615 2065 1390 2145 Ou tous furent porte-paniers (porte-faix);
608 2113 1250 2183 Autant puis l'un que l'autre dire,
606 2177 1422 2240 Car, d’évêques ou lanterniers (chiffonniers),
602 2204 1187 2290 Je n'y connais rien à redire (1)
605 2310 1103 2384 Et icelles qui s’inclinaient
608 2365 1219 2437 Unes contre autres en leurs vies,
608 2415 1176 2485 Desquelles les unes régnaient,
606 2461 1211 2528 Des autres craintes et servies...
599 2513 1161 2579 Là, les vois toutes assouvies,
589 2555 1193 2636 Ensemble en un tas pèle-mêle ;
596 2605 1123 2681 Seigneuries leur sont ravies,
596 2659 1184 2737 Clerc ni maître ne s'y appelle !
500 2757 1561 2841 Pour achever de vous faire connaître ce bon maître
456 2803 1550 2899 François, nous allons citer l’épitaphe en forme de
447 2862 1553 2957 ballade qu’il composa pour lui-même et pour cinq
456 2923 1561 3014 ou six autres garnements de son espèce, au moment
442 2981 1553 3076 où ils s’attendaient tous à être pendus de compagnie,
442 3032 1322 3100 aux fourches patibulaires de Montfaucon :
477 3165 1372 3270 (1) C’est-à-dire : Je n’y vois point de différence.
1802 203 2523 304 Frères humains, qui après nous vivez
1807 293 2558 356 N'ayez les cœurs contre nous endurcis ;
1803 336 2461 402 Car, si pitié de nous pauvres avez,
1805 388 2505 454 Dieu en aura plutôt de vous mercis.
1809 440 2549 512 Vous nous voyez ci attachés cinq, six :
1802 487 2601 563 Quant à la chair, que trop avons nourrie,
1800 536 2381 610 Elle est déjà dévorée et pourrie
1798 596 2619 664 Et nous, les os, devenons cendre et poudre.
1792 644 2495 701 De notre mal, personne ne s’en rie...
1791 687 2684 780 Mais priez Dieu que tous nous veuille absoudre
1786 773 2521 839 Si vous clamons, frères, pas n’en devez
1785 820 2440 889 Avoir dédain, quoique fûmes occis
1788 857 2440 937 Par justice. Toutefois, vous savez
1791 921 2615 1002 Que tous hommes n'ont pas bon sens assis ;
1778 974 2471 1033 Intercédez doncque, de cœur rassis,
1784 1016 2449 1085 Envers le Fils de la Vierge Marie :
1786 1063 2493 1142 Que sa grâce ne soit pour nous tarie,
1786 1112 2489 1183 Nous préservant de l'infernale foudre.
1777 1155 2743 1224 Nous sommes morts, âme ne nous harie (injurie)...
1778 1218 2695 1285 Mais priez Dieu, que tous nous veuille absoudre
1775 1261 2566 1392 La pluie nous a débués (lessivés) et lavés,
1782 1351 2402 1417 Et le soleil, desséchés et noircis ;
1772 1403 2520 1470 Pies, corbeaux, nous ont les yeux cavés,
1775 1442 2482 1519 Et arraché la barbe et les sourcils!...
1772 1492 2593 1569 Jamais, nul temps, nous ne sommes rassis ;
1779 1544 2489 1609 Puis çà, puis là, comme le vent varie.
1774 1604 2517 1663 A son plaisir, sans cesser, nous charrie,
1779 1641 2617 1715 Plus becquetés d’oiseaux, que dés à coudre.
1774 1700 2414 1753 Hommes, ici n'usez de moquerie...
1770 1743 2689 1834 Mais priez Dieu, que tous nous veuille absoudre !
1765 1810 2654 1901 Prince Jésus, qui sur tous seigneurie (domine),
1771 1873 2775 1947 Garde qu’Enfer n’ait de nous la maîtrie (la maîtrise) :
1765 1925 2622 2001 A lui n’avons que faire ni que soudre (payer);
1765 1973 2430 2047 Ne soyez donc de notre confrérie...
1758 2030 2696 2111 Mais priez Dieu, que tous nous veuille absoudre !
1701 2082 2773 2212 Ah! gamin de Paris, chenapan sans rival, type
1653 2173 2778 2248 éternellement historique ! Protée multiforme, qui
1665 2232 2772 2316 passes, en un tour de main, de la sensibilité à l’ef¬
1655 2288 2772 2366 fronterie, de l’enthousiasme aumernisme, du soleil
1652 2332 2766 2407 à l’ombre! fange vivante, où parfois se réveille encore
1648 2377 2769 2481 l'étincelle assoupie du feu divin ! mélange incompré¬
1656 2440 2769 2530 hensible de grandeur et de bassesse! vaurien qui in¬
1646 2509 2761 2587 sultes le prêtre et qui te découvres pieusement de¬
1648 2556 2764 2642 vant le corbillard! toi qui as pu conserver, au fond
1645 2617 2757 2670 même de ton abjection Conideuse, le saint dépôt de l’or¬
1655 2666 2761 2737 gueil national et l’amour de la patrie!... il n’y a qu’un
1639 2716 2762 2794 homme, jusqu’à ce jour, en qui tu te sois incarné
1644 2779 2757 2863 complétement... et cet homme, c’est François Vil¬
1641 2820 1743 2881 lon!
1695 2850 2755 2981 François Villon, le joyeux écolier, l’étudiant tapa¬
1635 2940 2191 3006 geur du quinzième siècle!
1686 2989 2758 3080 François Villon; le truand sans vergogne, qui a
1635 3046 2723 3130 mérité si souvent... et peut-être obtenu la potence!
1686 3098 2748 3178 François Villon, en un mot, le plus grand... ou,
1639 3165 2744 3247 pour mieux dire, le seul poète de tout le moyen âge
2274 3219 2639 3310 JOSEPH BOULMIER.
