2946 4158
1616 120 1718 204 270
518 196 1616 283 retourna dans le monde trois jours après. Ne fallait-il
529 278 1615 338 pas avant tout triompher d'une impression redou¬
526 332 1533 384 table? Vous l'avez dit, Nathalie est si sensible ! »
572 381 979 453 Laurence se taisait.
627 438 1613 501 Vous allez me trouver un esprit chagrin, con¬
526 492 1613 559 tinua madame de Corseul, et à la vérité, je ne puis
521 533 1617 599 me défendre de gémir en voyant les sentiments les
536 599 1613 667 plus naturels sacrifiés au vain désir de paraître et de
521 649 1615 717 se faire admirer. Il n’y a qu’un instant, vous laissiez
532 696 1616 774 échapper une plainte sur votre isolement; moi, j'ai
529 757 1613 822 toujours vécu dans le monde avec le désir de finir
526 805 1611 876 dans la retraite mes années trop nombreuses et, de¬
526 861 1605 938 puis longtemps, pleines de lassitude. Loyale et sin¬
523 923 1608 981 cère, j’ai dû me laisser affubler d’un nom qui ne m'ap¬
532 974 1615 1037 partient pas, et prendre ma part d'une foule de peti¬
521 1025 1611 1083 lesses très-répandues, trè-applaudies, et contre les¬
521 1076 1611 1140 quelles ma raison n’a jamais cessé de protester. J’ai
521 1138 1611 1193 vu autour de moi les joies et les douleurs de conven¬
521 1188 1605 1247 tion, les tendresses menteuses, les admirations hypo¬
521 1245 1613 1307 crites, et mon cœur s’est soulevé de dégoût. Forte
528 1298 1616 1366 pour supporter un malheur sérieux, je me suis sentie
523 1354 1605 1419 sans courage devant les ennuis journaliers d'une exis¬
521 1406 1601 1459 tence dont les heures s'écoulaient en visites oiseuses
522 1460 1608 1517 en fêtes énervantes, en occupations futiles. On exi¬
526 1518 1611 1572 geait de moi l’asservissement perpétuel de ma vo¬
521 1569 1605 1628 lonté, et j'inclinais la tête, plus meurtrie, plus sai¬
526 1617 1611 1685 gnante sous mes folles parures que je ne l’eusse été
521 1678 1608 1735 avec la libre disposition de moi-même, dans les plus
518 1729 1602 1789 rudes épreuves de l’adversité. J’aurais voulu consa¬
523 1778 1601 1834 crer ma vie aux devoirs de la famille, aux amitiés du¬
518 1829 1608 1890 rables, aux plaisirs simples, les seuls vrais, les Seuls
511 1887 1611 1946 délicieux. Et le monde disait : Non! Et mon mari et
508 1943 1608 2004 mon fils disaient comme le monde. Depuis quelques
511 1993 1598 2047 années, le compagnon de ma longue carrière a dis¬
521 2050 1608 2109 paru; il ne me reste que mon petit-fils et ses deux
511 2101 1598 2163 enfants, mais c’est encore un lien qui m’attache à
514 2163 1605 2216 cette maison de bruit, où le monde vient étaler de¬
521 2209 1605 2271 vant moi jusqu’à la fin ses plaies hidcuses qu’un
518 2264 1605 2329 œil exercé découvre aisément sous le mensonge des
512 2325 1597 2377 oripeaux. Combien de temps me reste-t-il à supporter
512 2362 1598 2439 ce triste spectacle? Je voudrais en être quitte bientôt,
508 2427 1601 2483 car mon cœur se resserre tous les jours au contact de
508 2475 1599 2548 tant de cœurs égoïstes. Je ne sais quel froid me gagne;
511 2530 1602 2598 un froid qui n'est pas celui de la vieillesse, et dont
508 2582 1594 2658 l’impression funeste éveille en moi le désir de tomber
514 2640 1606 2706 demain en poussière. Demain? Non; nous entrons
514 2687 1605 2756 dans la saison des bals, et l’usage ne permettant pas
512 2749 1601 2815 encore d’y paraître en deuil, Nathalie serait trop mal¬
517 2797 1605 2869 heureuse de ma mort. Attendons les premiers jours
514 2845 1598 2914 du printemps. Au bout de six mois, M. et madame de
507 2891 1609 2970 Corseul enverront en même temps à leurs amis une
508 2959 1599 3036 carte annonçant qu’ils ont quitté les vêtements noirs
503 3014 1597 3080 et une invitation pour une soirée dansante. De cette
506 3066 1222 3120 façon, il n'y aura rien de perdu. »
552 3119 1101 3182 La vieille femme pleurait.
550 3180 1601 3239 « Oh! madame, s'écria Laurence, ne parlez pas
506 3235 1597 3298 ainsi ! Nathalie peut être légère, mais elle vous aime,
503 3286 1402 3351 et si elle avait le malheur de vous perdre...
544 3334 1599 3402 — Oui, si elle-me perdait aujourd'hui je serais très-
504 3394 1595 3468 regrettée, interrompit madame de Corseul, car il fau¬
510 3445 1605 3525 drait de toute nécessité renoncer à la fête qui a lieu
510 3490 1598 3572 ce soir. Ce que je viens de vous dire, mon enfant, se
514 3554 1605 3629 passe tous les jours sous mes yeux, et c'est à peine si
512 3612 1594 3689 quelqu'un y prête attention. « Pauvre jeune fille !
514 3660 1599 3746 pauvre jeune femme ! dit-on, la mort de son aïeule
501 3718 1593 3815 va la priver de tous les plaisirs de cethiver. » Voilà en
1717 181 2808 286 quoi consiste la commisération. Aussi, rien de moins
1707 271 2805 336 étonnant au bout des six mois de rigueur que de voir
1703 323 2804 381 un deuil se terminer dans une polka ou une schot-
1702 372 1826 435 tisch.
1775 414 2278 490 — Mais le respect filial?
1753 494 2815 558 — Dans les âmes passionnées pour le plaisir, il est
1706 539 2811 605 à la hauteur de l'amour maternel; l'un et l'autre ont
1703 597 2804 662 tort dès qu'ils deviennent une entrave. Ne rêvez ni
1706 651 2811 725 l'amitié, ni le bonheur dans ce tourbillon, où pour un
1706 707 2804 769 cœur resté pur, vous en trouveriez dix tout gonflés de
1711 764 2804 820 vanités puériles, d’ambitions égoïstes et imcapables de
1704 804 2809 887 répondre dignement à un sentiment généreux. Le
1703 873 2800 938 bonheur, vous l’avez sous la main; prenez-le et ne
1702 927 2727 986 le cherchez pas où il est si rare de le rencontrer.
1750 981 2803 1039 — Je partirai ce soir, se disait mademoiselle de
1696 1026 2804 1095 Kersaliou. Mais combien mes anciennes compagnes
1703 1082 2796 1146 tardent à rentrer! J’aurai si peu de temps pour les
1702 1142 2804 1209 entretenir. Encore deux heures à passer ici, et en
1711 1188 2149 1249 voilà pour toujours!»
1738 1240 2796 1308 Agathe et Mathalie semblaient, en effet, ne pas se
1706 1303 2797 1376 presser beaucoup. Elles arrivèrent pourtant, et avec
1696 1356 2801 1421 elles les étoffes dont le choix avait été si difficile.
1696 1413 2801 1479 Laurence fut appelée à donner son avis, ce qui fut
1695 1468 2790 1528 bientôt fait. Mais ses compagnes avaient tant de
1695 1525 2800 1586 choses à dire sur la finesse des tissus, l’assortiment
1695 1575 2793 1637 des couleurs, les formes les plus gracieuses de tel ou
1696 1619 2800 1689 tel vêtement, qu'il s'écoula bien du temps avant qu'ils
1699 1681 2794 1742 fût possible d’aborder un autre sujet d‘entretien. On
1693 1732 2793 1791 se mit à table, et là seulement Ia conversation devint
1691 1793 2794 1845 un peu moins frivole. Tandis que Nathalie chuchot-
1695 1845 2793 1912 tait par instants à l’oreille d’Agathe, qui lui répondait
1692 1887 2797 1957 en étouffant un éclat de rire dans son mouchoir, la
1699 1946 2792 2008 jeune solitaire dut répondre à des questions bienveil¬
1691 2007 2793 2066 lantes de M. de Corseul sur la vie calme des champs.
1689 2055 2793 2127 Mademoiselle de Kersaliou parlait avec charme des
1691 2106 2792 2174 bords fleuris de la Rance, de ses bons voisins de cam¬
1702 2159 2789 2236 pagne, des mœurs bretonnes souvent si naïves; mais,
1689 2224 2794 2285 à l’exception de la grand’mère, ceux qui l‘écoutaient
1689 2272 2796 2343 étaient si diststera, il échappait surtout à Agathe des
1693 2329 2790 2391 paroles si incohérentes et qui prouvaient si bien que
1693 2381 2787 2439 mademoiselle Brémont était moins à ce qui se disait
1695 2438 2783 2495 tout haut devant elle qu’à ses petites conf dences à
1693 2488 2783 2546 voix basse, l’inattention générale enfin était si évi¬
1691 2543 2787 2595 dente, qu’il fallut bien s’en apercevoir. Notre amie
1682 2598 2780 2652 balbutia et s’arrêta court au milieu d’une description
1693 2649 2780 2704 de l’abbaye de Bosquen qu’elle avait visitée l‘été pré¬
1693 2700 2778 2757 cédent. Mathalie prit le bras de Laurence et la con¬
1684 2751 2780 2811 duisit au Salon. On entoura le piano, et notre voya¬
1695 2809 2786 2873 geuse, faisant un violent effort sur elle-même, essaya
1688 2866 2780 2930 de ranimer la conversation longuissante par les sou¬
1692 2927 2786 2990 venirs de couvent. « Quand on en est au chapitre des
1695 2971 2786 3030 Vous souvient-il, a dit un écrivain célèbre, que de
1691 3029 2790 3090 précieux liens d'or et de diamants rattachent les cœurs
1688 3084 2785 3141 refroidis! que de chaleureuses bouffées de jeunesse
1688 3141 2786 3193 montent au visage! » Un instant le charme s’opéra :
1684 3181 2782 3257 le frais sourire de l’adolescence revenait aux lèvres;
1687 3243 2785 3305 on allait s’entendre, on allait se reconnaître, quand la
1680 3300 2785 3377 femme de chambre de Nathalie vint prévenir sa mai¬
1688 3352 2785 3416 tresse que la couturière était dans la chambre voisine
1687 3402 1967 3471 et l’attendait.
1727 3450 2778 3514 La couturière ! c'est-à-dire la robe de bal! Oh !
1688 3519 2778 3579 comme les murs gris du couvent s'effacèrent de nou¬
1693 3580 2401 3633 veau dans les ombres de l'oubli!...
1729 3617 2775 3676 Agathe suivit son amie, car elle avait aussi une
1678 3671 2786 3760 robé à essayer. Demeurée seule encore une fois avec
1684 3734 2780 3832 la grand'mère, Laurence prit quelques romances sur
