2897 4318
1242 219 1347 322 227
243 303 1256 376 Pleurez, bon roi, bien vous devez douloir (vous affliger);
243 381 1243 455 Pleurer devez votre grevance apperte (votre malheur
1053 427 1252 488 [évident) !
240 439 1240 546 Pleurez la mort de cil que, par desserte (pour son mé¬
1137 521 1242 609 (rite).
247 547 934 628 Aimer deviez et par droit de lignage;
252 614 927 668 Votre royal, noble oncle, le très-sage,
247 652 1032 717 Des Bourguignons prince et duc excellent :
247 708 1075 780 Car je vous dis qu'en mainte grand’ besogne
255 757 930 806 Encor direz trestous, à cœur dolent :
255 806 1243 867 « Affaire (besoin) eussions du bon duc de Bourgogne. »
247 867 1189 981 Pleurez, Barry, et quiconque est son hoir (héritier);
247 960 993 1023 cause en avez, la mort vous l'a ouverte !
252 1002 1030 1061 Duc d’Orléans, moult vous en doit chaloir,
259 1049 1070 1102 Car par son sens mainte faute est couverte !
252 1082 1247 1156 Duc des Bretons, pleurez, car j'en suis certe (certaine),
247 1135 906 1201 Besoin de lui aura votre jeune âge!
247 1193 1027 1252 Pleurez, Flamands, son noble seignourage ;
240 1236 1138 1294 Tout noble sang, allez vous adoulant (affligeant) !
240 1287 1165 1348 Pleurez, ses gens, car joie vous élogne (vous fuit);
238 1343 1023 1396 Dont vous direz souvent en vous doulant :
245 1390 1091 1455 « Affaire eussions du bon duc de Bourgogne. »
240 1495 902 1551 Pleurez, reine, et ayez le cœur noir
240 1544 957 1600 Pour cil par qui fûtes au trône offerte!
234 1584 1156 1663 Pleurez, dames, sans plus en joie manoir (rester) !
229 1632 936 1709 France, par lui d’un pilier es déserte,
229 1674 885 1742 Dont tu reçois échec à découverte !
240 1723 1060 1782 Gar’toi du mat ; quand mort par son outrage
234 1773 1093 1845 Tel chevalier t’a tollu (enlevé), c’est dommage !
240 1822 993 1883 Pleurez, peuple commun, sans être lent ;
240 1871 972 1931 Car moult perdez, et chacun le témogne,
234 1915 1231 1980 Dont vous direz souvent, mat et relent (triste et lan¬
1027 1969 1229 2043 [guissant):
233 2020 1075 2093 « Affaire eussions du bon duc de Bourgogne. »
194 2114 1222 2198 La ballade sur les douceurs du mariage, tendre ré¬
145 2179 1229 2238 miniscence de la lune de miel, cri de bonheur de
138 2223 1224 2303 l'épouse heureuse et aimée, nous révèle un des plus
147 2277 1222 2356 gracieux côtés du talent poétique de Christine. Nous
143 2352 1198 2412 allons citer la première strophe de cette jolie pièce :
262 2448 839 2513 Douce chose est que mariage!
259 2490 864 2562 Je le puis bien par moi prouver,
1448 313 1983 399 Voire à qui mari bon et sage
1448 371 2057 467 A, comme Dieu m'a fait trouver.
1451 420 1941 500 Loué en soit-il, qui sauver
1457 465 1792 521 Me le veuille !....
1450 493 2074 605 Ah ! certes, le doux m’aime bien !
1373 603 2413 727 Hélas! en vain la jeune femme s'écriait-elle, atta¬
1336 700 2420 778 chant sur le cher compagnon de ses jours un regard
1333 752 2419 829 déjà plein d'inquiétude : « Mon Dieu, ne me le prenez
1336 806 2420 867 pas encore ! Mon Dieu, sauvez-le-moi ! » L'heure fa¬
1333 864 2424 922 tale sonna, et Christine, d'une voix brisée par les
1336 916 2422 988 sanglots, fit entendre dans ce rondeau legubre le chant
1334 955 1824 1048 de la tourterelle veuve :
1404 1028 2235 1165 Com turtre suis sans pair, toute seulette (1),
1411 1107 2055 1170 Et com brebis sans pastour égarée ;
1415 1165 2037 1231 Car par la mort fus jadis séparée
1411 1196 2277 1299 De mon doux pair... qu’à toute heure regrette!
1415 1259 2107 1315 Sept ans y a que le perdis, lassette !...
1406 1310 2112 1366 Mieux m'eût valu être lors enterrée...
1525 1352 1850 1415 Com turtre suis !
1406 1453 2154 1527 Car depuis lors en deuil et en souffrette,
1406 1509 2132 1567 Et en méchef très-grief suis demeurée ;
1408 1549 2104 1616 Plus n'ai l'espoir, en toute ma durée,
1399 1604 2189 1679 D’avoir soulas ni qu’en joie je me mette...
1525 1649 1854 1730 Com turtre suis !
1357 1770 2405 1836 Sans doute, un goût moderne pourrait critiquer là¬
1315 1819 2408 1883 dedans certains diminutifs d’une tournure un peu
1322 1880 2399 1939 trop enfestine, relativement à la triste gravité du su¬
1313 1931 2392 1997 jet; souffrette n'est même pas un mot tout à fait heu¬
1313 1985 2392 2041 reux, au point de vue de l'invention néologique...
1319 2032 2396 2111 Mais qu’importe, après tout? Sous ces vieilles rimes,
1319 2086 2387 2154 incorrectes et naïves, on sent battre un noble cœur...
1322 2142 2370 2207 et qu’est-ce que la poésie, sinon le cœur qui chante?
1901 2196 2261 2317 JOSEPH BOULMIER.
1348 2406 2387 2474 (1) C'est-à-dire : « Je suis seule, comme la tourterelle
1310 2469 2378 2525 qui n’a plus son pair, son compagnon. » Turire (tourterelle)
1301 2509 1703 2585 vient du latin turtur.
532 2929 1936 3092 MARGUERITE D'ANJOU
677 3361 1810 3489 Explication de l'Enigme Historique de Juillet.
182 3522 1200 3625 Marguerite naquit en 1429, année qui voyait com¬
131 3590 1200 3679 mencer, avec la merveilleuse mission de Jeanne
126 3641 1198 3728 d'arc, le déclin des armes anglaises en France, et
128 3695 1205 3776 nous remarquons cette date, parce que les succès de
131 3746 1193 3851 la glorieuse bergère devaient avoir une grande in¬
1280 3548 2354 3632 fluence sur le sort de la petite enfant qui venait de
1284 3622 2235 3686 naître à Réné d'Anjou et à Israelle de Lorraine.
1331 3672 2345 3735 Cette enfant devint une jeune fille, belle, instruite,
1280 3721 2350 3786 spirituelle, et à l'âge de quatorze ans elle épousa
1280 3777 2347 3868 Henri VI, roi d'Angleterre. Elle pouvait se croire
