2897 4318
1157 215 1278 301 329
126 275 1180 370 de Beaufreny s’occupa trop de cette rencontre. Son
124 358 1170 428 imagination se monta et s’égara dans des idées roma¬
124 403 1170 475 nesques. Ne sachant qui était ce jeune homme,
125 456 1169 531 Régine se plut à faire mille suppositions sur cette
124 509 1168 573 figure exceptionnelle. Bientôt elle le revit dans di¬
130 571 1173 624 verses maisons, mais le carême étant venu, on ne
121 618 1170 674 dansait plus ; son inconnu n’avait donc aucun pré¬
124 668 1177 738 texte pour s’approcher d’elle. Partout où il arrivait
124 721 1176 785 elle voyait ses yeux chercher dans toute la salle jusqu’à
117 783 1169 830 ce qu’ils eussent rencontré les siens, et dès lors ne
133 834 1166 895 plus se détourner, et chaque fois une indicible émo¬
122 874 1173 942 tion la faisait rougir et pâlir tour à tour. C’en était
117 922 1173 991 fait, elle aimait, eIle le croyait du moins, et le regard
121 980 1164 1039 du jeune homme lui faisait penser qu’elle inspirait
120 1032 1170 1096 un de ces sentiments exaltés que malheureusement
117 1084 1164 1146 les jeunes filles rêvent trop souvent, et qui ne sont le
130 1148 1169 1210 plus souvent qu’un appât trompeur par lequel on
117 1197 497 1254 séduit leur vanité.
160 1246 1164 1301 Plusieurs fois, d’une voix tremblante, comme si on
130 1306 1164 1359 avait dû deviner sa pensée secrète, Régine avait de¬
133 1355 1165 1414 mandé qui était ce jeune homme ; ceux à qui elle
126 1398 1157 1467 s'était adressée ne le savaient pas. Il était froid, ré¬
124 1466 716 1512 servé et ne parlait à personne.
169 1511 1173 1561 Un dimanche matin, comme mademoiselle de
121 1557 1170 1615 Beaufreny, accompagnée de son père, sortait pour se
112 1607 1164 1670 rendre à la messe paroissiale, la porte de l’hôtel
117 1660 1164 1718 Morvan, autrefois celui de Beaufreny, s’ouvrit et le
121 1712 1164 1770 mystérieux inconnu en sortit. A l’aspect de sa figure,
121 1768 1166 1830 M. de Beaufreny fut frappé de stupeur et Régine se
121 1817 404 1882 sentit défaillir.
166 1869 1162 1923 « Ce jeune homme doit être le fils de Morvan, s’é¬
120 1922 1166 1980 cria M. de Beaufreny. Il me semble que je revois le
117 1978 1164 2039 misérable, quand il avait cet âge. Mêmes fraits, même
121 2032 1157 2085 regard... Même âme, sans doute, ajouta-t-il après un
112 2073 1157 2135 moment de silence; bon sang ne doit point mentir! »
157 2125 1166 2189 A ces paroles de son père, l'émotion de Régine
117 2177 612 2242 alla jusqu’à l’épouvante.
157 2229 1164 2308 « Ainsi donc, se dit-elle, l'homme dont l'usage me
114 2285 500 2349 suit partout est... »
154 2342 1164 2398 Sa pensée n’osa pas achever, et ne pouvant se
117 2390 847 2446 couvrir le visage, elle ferma les yeux.
157 2446 1164 2503 Hélas ! oui, c’était Urbain Morvan, dont le père
112 2492 1157 2576 avait livré au bourreau la tête de madame de Beau¬
116 2542 231 2609 freny.
150 2597 1169 2663 D'abord, elle fit quelques efforts pour chasser de son
114 2644 1161 2709 esprit le souvenir du jeune Morvan, mais sans cesse
121 2704 1161 2757 entraînée vers la même pente par le manége habile
117 2752 1161 2818 d’Urbain, qu’elle retrouvait partout sur ses pas et qui
112 2804 1152 2857 la poursuivait sans relâche de son regard fascinateur.
117 2854 1161 2925 elle finit par penser qu’un destin fatal avait décidé de
112 2910 1161 2969 son sort et qu’elle aimait pour la vie. Dès lors, elle
124 2967 1157 3014 cessa de combattre sérieusement et, s'abandonnant
110 3011 1157 3088 à ce qu’elle crut être un amour invincible, elle en
121 3074 1149 3124 vint à penser que M. de Beaufreny était injuste en fai¬
114 3116 1158 3181 sant peser sur le fils le crime du père. Cependant une
116 3175 1152 3232 vague terreur, une sorte de remords la troublaient, la
114 3224 1152 3281 livraient à tous les tourments d’une lutte pour laquelle
117 3280 1152 3334 elle n’avait pas la force qu’elle aurait trouvée dans
116 3314 1156 3394 de bons conseils et dans un sentiment plus profond
120 3364 1153 3443 du devoir, qui ne doit transiger avec aucune faiblesse,
117 3426 1161 3493 si bien cachée qu'elle soit au fond du cœur. Si Régine
114 3474 1158 3538 avait eu une mère, sans doute elle lui aurait ouvert
110 3517 1157 3598 son cœur, et de là serait venu le salut; mais la gravité
116 3571 1157 3648 de l’homme impose, elle n’eût point osé faire à son
113 3622 521 3687 père un pareil aveu.
153 3677 1152 3763 Cette situation dura quelque temps encore, mais
1254 295 2312 383 quand le jeune Morvan se crut bien sûr au sentiment
1264 359 2309 435 qu’il inspirait, il risqua sa demande par l’entremise
1254 396 2312 485 d’une famille en relation avec M. de Beaufreny, en
1261 460 2309 533 tâchant d’atténuer l’audace de sa recherche par
1252 516 2305 587 l'expression d'une passion qu'il ne pouvait maîtriser.
1252 568 2309 644 En recevant cette demande, M. de Beaufreny faillit
1258 624 2316 686 tomber de son haut. Elle lui sembla le comble de
1256 674 2308 738 l’outrage, mais que devint-il, bon Dieu! quand en la
1264 728 2308 790 communiquant avec une violente colère à sa fille, il
1258 763 2308 834 la vit pleurer à chaudes larmes sans oser le regarder!
1302 831 2312 896 « Quoi! disait le malheureux père avec désespoir,
1252 859 2310 947 l’affront qu’osait me faire un Morvan en s'élevard jus¬
1261 940 2318 995 qu’à ma fille n’était pas assez grand ! Il fallait encore
1256 987 2308 1043 que son insolent amour fut partagé!.. Mais qu’ai-je
1256 1040 2300 1091 donc fait, mon Dieu ! pour que tant de honte fût ré¬
1245 1083 1887 1141 servée à mes cheveux blancs ? »
1293 1138 2305 1210 Plusieurs années s'écoulèrent dans d’inutiles ten¬
1253 1189 2309 1250 tatives pour amener M. de Beaufreny à donner son
1256 1253 2310 1307 consentement à ce mariage qui, en effet, révoltait la
1253 1299 2304 1358 nature, et bien des amis s’en mêlèrent. Exaltée par
1256 1343 2316 1407 lesomstacles et peut être excitée par de mauvais
1256 1402 2308 1460 conseils, Régine en vint enfin à faire à son père des
1245 1455 2314 1520 sommations respectueuses. Dès ce jour, jusqu'à celui
1246 1507 2305 1555 du mariage, M. de Beaufreny ne quitta plus son ap¬
1257 1556 2310 1615 partement, où il se fit servir ses repas afin de ne pas se
1253 1609 2309 1660 trouver en face de sa fille. Un de ses parents était
1256 1657 2305 1716 venu passer tout ce temps chez lui avec sa femme
1256 1714 2305 1769 pour ne pas laisser mademoiselle de Beaufreny seule
1246 1766 2191 1819 et pour l’accompagner à la cérémonie nuptiale.
1287 1817 2297 1869 Le matin de ce jour si cruel pour le père, si dou¬
1250 1861 2306 1926 loureux aussi pour la fille, Régine, après une nuit
1246 1911 2298 1974 d'angoisses gémissait devant la toilette blanche et le
1246 1971 2296 2038 bouquet virginal, dont l’aspect réjouit la jeune fille
1253 2022 2293 2081 prudente et respectueuse qui a disposé de son cœur
1253 2077 2298 2137 selon le gré de ses parents. Ce fut avec des yeux rougis
1246 2128 2296 2181 et gonflés par les larmes qu’elle se laissa parer par
1241 2181 2297 2232 sa femme de chambre, sans même jeter un regard
1250 2230 2302 2286 vers sa glace. Prête à partir, elle ne put se résoudre à
1246 2282 2296 2342 quitter pour toujours le toit de son bon père sans
1244 2328 2302 2394 avoir au moins sollicité sa bénédiction, et, malgré la
1241 2402 2300 2451 défense de M. de Beaufreny, elle se rendit à son
1250 2433 2300 2491 cabinet, où elle se précipita en courant, tant elle crai¬
1241 2487 2293 2562 gnait que l’ordre de se retirer ne l‘arrêtât dans l‛an¬
1246 2539 1468 2612 tichambre.
1290 2591 2296 2656 « Mon père! mon père ! s'écria-t-elle en se jetant à
1250 2656 2290 2715 genoux à l’entrée de cette pièce où M. de Beaufreny
1250 2701 2296 2752 se promenait à grands pas, pardon et pitié!... Mon
1253 2748 1710 2824 père, bénissez-moi!.. »
1286 2801 2293 2860 M. de Beaufreny ne répondit pas d’abord, mais il
1241 2861 2294 2918 s’approcha d’elle et son visage exprima plus de dou¬
1241 2902 2293 2970 leur que de colère. Encouragée par cette remarque,
1250 2962 2290 3015 Régine étreignit avec force les jambes de son père.
1246 3016 2292 3072 M. de Beaufreny fit un mouvement en arrière pour se
1244 3052 2294 3123 dégager; mais Régine, sans dénouer ses bras, le suivit
1234 3099 2292 3179 à genoux en traînant sur le plancher son long voile
1234 3163 2038 3235 de dentelle et sa robe de moire blanche.
1290 3207 2289 3292 « Mon père, bénissez-moi! répéta-t-elle en pleurant
1234 3277 1487 3342 amèrement.
1339 3310 2276 3388 Oui, ma fille, dit M. de Beaufreny, oui, je te bé¬
1234 3376 2285 3435 nis. Un père peut-il maudire? Non, ce ne sera pas
1233 3426 2274 3499 moi qui appellerai sur ta tête le malheur avec la ma¬
1237 3463 2288 3542 lédiction de Dieu. Hélas! la chaîne à laquelle tu tends
1234 3511 2281 3587 tes mains sera bien assez lourde! Puisse-t-elle être al¬
1234 3586 2292 3646 légée par ma bénédiction et que Dieu le pardonne le
1233 3634 2286 3707 mal que tu me fais! Mais ne rentre jamais dans cette
1229 3692 2262 3753 maison, dès que ta main aura touché celle d'un Mor¬
