2822 3966
1601 106 1674 188 72
544 186 1588 255 invente et de celle qui dispose, cet équilibre, cec ac¬
541 236 1599 304 cord, condition indispensable à toute littérature qui
548 290 1597 342 veut vivre, n’est pas le produit d’un jour ni même
540 341 1582 408 d’un siècle, le résultat de quelques tentatives par
548 393 1582 447 tielles et isolées. C’est l’œuvre lente du temps, qui
545 442 1588 497 dans ce cas-là, ne se presse jamais beaucoup, contre
548 491 1582 548 sa coutume ; c’est l’effet d’une réunion de circonstan-
546 542 1585 597 ces, d’un concours de précédents heureux qu’une
548 601 1573 672 nation peut attendre longtemps, bien longtempa, quel
1691 172 2720 277 quefois même toujours. Mais quand la conjonction
1682 253 2724 330 (pour parler comme autrefois parlaient les astrolo-
1691 306 2720 383 gues), oui, quand la conjonction de ces deux astres
1675 358 2716 440 si rares vient enfin à s’opérer chez un peuple, alors,
1675 395 2720 480 alors... on a, par exemple, quelque chose qui s’appelle
1679 454 2723 532 le Siècle de Louis XIV;—et avant ou après... rien; ou
1670 513 2714 586 rien du moins qui puisse soutenir la comparaison.
1670 545 2723 643 Il y a des miracles qui ne s’accomplissent qu’une fois.
2304 619 2637 692 JOSEPH BOULMIER.
1374 939 1436 1064 B.
1442 946 1655 1089 LIOGI
1928 946 1993 1097 2.
784 1192 1354 1302 CHRISTOPHE COLOMB,
643 1340 1468 1401 HISTOIRE DE SA VIE ET DE SES VOYAGES
756 1436 1337 1513 Par M. ROSELLY DE LORGUES (1).
875 1540 1229 1619 (Deuxième article.)
557 1836 1554 1911 Nous reprenons la narration des voyages de l’illus-
515 1885 1556 1951 tre Génois; M. Roselly l’a puisée dans les journaux de
512 1940 1546 2013 bord, les lettres écrites de la propre main de l’amiral
515 1992 1564 2073 et dans son histoire, écrite par son, fils Fernand
515 2032 680 2105 Colomb.
561 2091 1564 2167 « Le vendredi, 3 août 1492, après avoir commandé
499 2154 1550 2219 au nom de Jésus-Christ de déployer les voiles, Chris-
505 2200 1564 2263 tophe Colomb entra dans sa cabine, et, prenant la
509 2244 1565 2326 plume, commença son journal de bord, également au
504 2301 1546 2367 nom de Notre-Seigneur-Jésus-Christ : In nomine Do-
499 2349 1549 2436 mini Nostri Jesu-Christi. Sa traversée jusqu’aux îles
508 2402 1545 2479 Canaries fut favorable, mais là finissait la science des
501 2452 1550 2540 plus habiles marins; on allait entrer dans les régions
501 2513 1544 2593 de l’inconnu. Tandis que le cœur de Colomb palpi-
499 2548 1546 2639 tait d’une noble joie en s’élançant sur une route que
509 2605 1550 2694 nul homme n’avait parcourue, l’équipage, après avoir
508 2654 1538 2732 vu disparaître les dernières cimes de l’île de Fer, com-
492 2712 1540 2790 mença à se lamenter. Les matelots se désolaient, dé-
504 2765 1534 2845 sespérant de jamais revoir la patrie; l’amiral les ras-
501 2813 1545 2890 surait; il les ranima un peu... Cependant, à mesure
488 2886 1545 2943 que l’on marchait vers l‘ouest, commençait à se faire
487 2916 1536 2999 sentir une notable différence dans l’éclat du jour, l‘ef-
487 2972 1544 3057 fet des lointains, la teinte des eaux. Les cieux aussi
489 3019 1538 3101 paraissaient changer. Les constellations familières
492 3073 1529 3147 aux marins semblaient s’éloigner, s‘abaisser à l’hori
487 3135 1536 3215 zon et disparaître. Même la régularité de la boussole
497 3174 1534 3264 fit exception à ses invariables lois... Le 17 septembre,
492 3224 1523 3322 ils atteignaient déjà ces parages où l’influence tropi-
496 3276 1537 3369 cale se fait délicieusement sentir. « On éprouvait un
492 3325 1538 3432 vrai plaisir à jouir de la beauté des matinées, dit
489 3383 1523 3499 Las-Casas, il n’y manquait que le chant des rossi-
496 3524 1094 3631 (1) Voir le numéro de Janvier.
1659 1227 2714 1296 gnols. Le temps était là comme au mois d’avril en
1658 1284 2716 1354 Andalousie... Colomb remarquait un changement
1659 1347 2714 1406 extraordinaire dans le mouvement des corps célestes,
1658 1377 2710 1454 dans la température de l’air et dans l‘état de la mer.
1695 1422 2711 1509 « Le 19 septembre il s’éleva des brumes sans vent,
1662 1497 2699 1560 ce qui était pour Colomb un signe certain de la proxi¬
1658 1530 2714 1615 mité de la terre. Il était convaincu du voisinage des
1651 1586 2699 1667 îles. Le vendredi, dès le point du jour, des signes fa-
1660 1634 2711 1712 vorables apparurent à l’ouest. Un alcatraz passa près
1651 1672 2710 1771 du navire. Une baleine vint s’ébattre à la surface des
1651 1729 2699 1813 flots. Les algues, les goëmons, les raisins des tropiques
1654 1788 2710 1863 s’étalaient avec une telle abondance que la mer en
1655 1858 2704 1916 semblait figée. On était arrivé à ces parages, depuis
1646 1886 2703 1977 lors désignés sous le nom de mer d’herbes, dont
1646 1952 2712 2050 l’étendue occupe une superficie sept fois égale à celle
1647 1991 1923 2058 de la France.
1692 2046 2694 2118 » L’aspect de cette verdure qui d’abord récréait les
1651 2107 2703 2182 yeux et sourait aux espérances des matelots, car elle
1646 2154 2695 2237 paraissait indiquer l’approche des terres, devenait par
1647 2215 2696 2286 son immensité une sérieuse alarme. Ils se croyaient
1639 2260 2699 2330 parvenus à ces éternels marécages de l’Océan qu’on
1639 2325 2698 2402 disait servir de bornes au monde et de tombeau à la
1642 2371 2679 2432 curiosité qui les affrontait... Il semblait que ces pa¬
1635 2426 2699 2493 rages eussent été marqués pour dernier terme à la
1634 2483 2692 2536 navigation; que ces herbes s’épaississant de plus en
1642 2524 2692 2593 plus, une fois les caravelles complétement engagées
1635 2580 2684 2646 dans les inflexions de leurs mobiles forêts, le retour
1635 2625 2687 2699 deviendrait impossible. Une autre cause d’inquiétude,
1630 2688 2684 2755 non moins incessante, travaillait les trois équipages.
1629 2727 2687 2801 Plus on avançait, plus le vent, d’une extrême douceur,
1629 2789 2676 2845 semblait pousser régulièrement vers l’ouest. Or, ja-
1629 2836 2684 2906 mais dans les mers connues, il n’y avait eu exemple
1637 2878 2686 2952 d’une telle fixité d’impulsion. Ils s’imaginaient que
1629 2951 2684 3007 cette constance de direction, si favorable pour les
1629 2985 2680 3060 porter vers ces terres incertaines de l’occident, serait
1623 3044 2666 3129 un obstacle invisible à leur retour, et qu’ils reste-
1625 3088 2393 3163 raient à jamais éloignés de la patrie. »
1670 3143 2658 3239 Jusqu’au 12 octobre, on navigua sur une mer tou
1627 3190 2682 3286 jours belle, sous un ciel serein, mais sans voir la
1622 3264 2659 3333 terre dont le voisinage semblait cependant bien pro-
1623 3313 2658 3375 che. L’équipage, déçu tant de fois dans ses espé-
1617 3361 2678 3424 rances, tombait dans le dernier découragement, on
1617 3406 2664 3463 s’exhortait mutuellement à la révolte et à la résis-
1617 3467 2666 3541 tance; les matelots et même les officiers se montraient
1617 3507 2656 3585 l’un à l’autre avec défiance ce Génois, qui avait ré-
1617 3574 2666 3638 solu, disaient-ils, de risquer leur vie avec la sienne,
