2907 4318
1312 253 1381 343 37
189 350 1288 419 plus savants, les plus clercs d’entre eux se lancèrent
182 405 1288 473 à corps perdu dans le dédale des réveries allégori¬
184 466 1289 521 ques. Ce fut pendant longtemps un véritable défilé
187 529 1291 586 d’abstracteurs de quintessence, analogue à la fameuse
192 564 1287 639 procession des moutons de Panurge. En tête de la
184 629 1301 687 bande apparaît tout d’abord un certain Jehan de la
187 688 1289 746 Fontaine, que, bien entendu, nous ne devons confon¬
187 741 1285 797 dre sous aucun rapport avec son homonyme du dix¬
187 802 1295 854 septième siècle. Jouant sur son nom, en vertu d’une
187 855 1294 913 habitude généralement répandue à cette époque, le
184 900 1296 961 brave homme crut faire merveille avec sa Fontaine
187 954 1289 1019 des amoureux de science. Douce illusion, que parta¬
189 1015 1281 1089 gèrent sans aucun doute la plupart de ses contempo-
184 1072 322 1131 rains!
227 1101 1291 1186 La Fontaine des amoureux de science, dont l’auteur
184 1179 1284 1235 naquit à Valenciennes (ce qui fait que plusieurs écri¬
189 1242 1288 1294 vains l’ont appelé Jehan de Valenciennes, entre au-
189 1291 1295 1351 tres Jacques Gohorry), et fleurit dans toute sa gloire
189 1354 1295 1408 au commencement du quinzième siècle, n’est autre
189 1405 1295 1459 chose qu’un poème où l’on se charge de dévoiler aux
192 1462 1296 1522 profanes les plus impénétrables mystères de l’alchi¬
189 1509 1295 1562 mie. L’ouvrage a pour cadre une espèce de songe, à
192 1565 1281 1617 l’instar du Roman de la Rose; et quant au poète lui-
189 1618 1274 1703 même, franchement, il ressemble fort à un songe
195 1682 334 1743 creux.
230 1716 1287 1789 Cognoissance et Raison, abordées par lui, s’empres-
192 1784 1291 1845 sent de l’initier aux premières notions du grand
189 1851 1298 1890 œuvre. Cela fait, elles conduisent leur élève à dame
189 1888 1291 1950 Nature, qui perfectionne son éducation et lui révèle
192 1950 1301 2016 tous les secrets de la philosophie hermétique. S’il faut
198 2000 1284 2065 en croire maître Jehan, il profita si bien de ces pré-
198 2053 1301 2112 cieuses leçons, qu’à partir de ce moment rien ne lui
198 2114 1289 2163 fut caché dans la science des sciences. Il parvint
195 2164 1288 2225 même à la réduire en pratique ; et, certes, c’était là,
205 2213 1296 2282 plus que partout ailleurs, que la pratique devait l’em-
205 2271 642 2339 porter sur la théorie.
237 2325 1082 2408 Du reste, écoutons-le parler un instant :
308 2462 894 2518 J'ai nom Jehan de la Fontaine:
317 2525 943 2575 Travaillant n’ay perdu ma peine,
323 2566 830 2635 Car par le monde multiplie
317 2612 946 2676 L’œuvre d’or que j’ay accomplie
317 2665 738 2727 En ma vie, par vérité,
320 2706 787 2766 Grâces à Saincte-Trinité.
306 2756 930 2816 C’est de tous maulx la médecine
320 2811 900 2869 Vraye, et par effect la plus fine
315 2843 1185 2915 Qu’on peult en aucune part querre (chercher),
308 2905 919 2959 Soit en mer, soit en toute terre ;
308 2955 822 3016 Et du métal impur l’ordure
308 3009 907 3061 Chasse, tant qu’en matière pure
315 3054 973 3112 Le rend : c’est, en métal très-gent,
317 3102 859 3179 De l’espèce d’or ou d‘argent.
242 3219 1278 3296 Les deux célèbres bibliographes du seizième siècle,
202 3285 1287 3339 La Croix du Maine et Du Verdier, décernent à Jehan
207 3335 1287 3399 de la Fontaine la triple et imposante qualification de
205 3398 1284 3463 philosophe, poète et mathématicien. Il y avait de quoi,
198 3451 1284 3517 en effet ! «Sa vie peu connue, dit Lenglet-Dufresnoy,
198 3499 1277 3565 fut celle d’un artiste occupé de fourneaux et de dis-
198 3563 1287 3620 tillations ; il ne sortait de son laboratoire que pour
194 3611 1287 3671 entrer dans son cabinet, où il s’affermissait dans ses
198 3665 1287 3744 reveries, en écrivant des vers français sur la science
198 3724 497 3789 hermétique. »
240 3756 1291 3827 Des vers français... plus ou moins ! La clarté, cet
205 3831 1291 3885 élément vital de la langue française, ne paraît pas
195 3878 1315 3935 avoir jamais été la qualité dominante du style her¬
1388 347 2490 432 métique en général, et du style de Jehan de la Fon¬
1387 405 1814 473 taine en particulier.
1426 468 2480 546 Ensuite, le polygraphe que nous venons de citer
1386 511 2483 599 aurait pu tout aussi bien écrire alchimiste qu’artiste.
1387 576 2479 641 L’art, à ce qu’il nous semble, n’a pas grand’chose à
1395 629 1791 696 voir dans tout cela.
1437 687 2490 744 Jehan de la Fontaine voyagea quelque peu ; tou¬
1387 741 2480 801 jours, probablement, à la recherche du grand oeuvre
1387 794 2495 859 Ce fut même à Montpellier, comme il a grand soin de
1387 851 2495 933 nous en instruire, qu’il composa sa Fontaine des
1387 898 1835 975 amoureux de science :
1503 983 2176 1086 Pour ce veuil-je nominer mon livre,
1511 1056 2047 1111 Qui dit la matière et délivre
1508 1113 1969 1175 L'artifice tant précieux,
1508 1156 2002 1217 La Fontaine des amoureux
1511 1207 1955 1267 De la science très-utile,
1504 1260 2062 1335 Descripte par mon petit style.
1426 1342 2480 1418 Son petit style... A la bonne heure! au moins no¬
1387 1415 2493 1476 tre homme est le premier à se rendre justice. Mais
1387 1468 2096 1554 continuons... jusqu’à Montpellier :
1504 1568 2124 1640 Faict fut par amoureux servage,
1508 1631 2085 1686 Lorsque n’estoye jeune d’âge,
1504 1681 2098 1738 L’an mil quatre cens et treize,
1511 1732 2161 1785 Que j’avoye d’ans deux fois seize ;
1504 1778 2096 1842 Comply fut au mois de janvier,
1504 1833 2025 1904 En la ville de Montpellier.
1426 1916 2497 1998 Ce qui nous apprend, par parenthese, qu’il termina
1387 1993 2487 2055 son fameux ouvrage à l’âge de trente-deux ans, et
1387 2037 2483 2107 que lui-même avait vu le jour en l’année 1381. Que
1390 2093 1835 2170 la postérité se le dise!
1431 2144 2481 2210 Puisque nous en sommes sur cet intéressant cha-
1392 2213 2491 2270 pitre de la poésie alchimiste, n’oublions pas l’auteur
1387 2260 2483 2324 d’une autre Fontaine à puiser le grand oeuvre, la
1383 2314 2477 2363 Fontaine périlleuse, production anonyme du quin¬
1387 2370 2490 2420 zième siècle. Jacques Gohorry, dans un Commentaire
1387 2424 2473 2487 joint à ce petit ouvrage dont il se fit l’éditeur au sei
1383 2472 2483 2534 zième siècle, prétend qu’il recèle tous les arcanes de
1383 2527 2483 2594 la pierre philosophale. Néanmoins, Goujet affirme,
1383 2586 2483 2640 dans sa Bibliothèque francaise, que la Fontaine péril¬
1383 2636 2477 2693 leuse est tout bonnement un traité de morale allégo¬
1383 2697 2483 2774 rique, destiné à prémunir un jeune homme contre le
1383 2745 1802 2823 danger des passions.
1429 2785 2480 2864 Guillaume de Déguilleville, un enfant de Paris, ap¬
1392 2862 2484 2917 parlient aussi à l’école de Jehan de Meung. Les détails
1377 2905 2477 2959 biographiques n’abondent guère sur son compte. Tout
1377 2959 2480 3029 ce qu’on sait à cet égard, c’est qu‘il se fit moine un
1377 3008 2480 3073 beau jour en l’abbaye royale de Chaalis, de l‘ordre de
1377 3066 2483 3122 Citeaux, fondée au douzième siècle près de la ville de
1380 3119 2483 3190 Senlis. Quelques écrivains assurent même qu’il fut
1387 3171 2483 3258 prieur de cette abbaye, qu’il y vécut toujours et qu‘il
1390 3236 1592 3307 y mourut.
1426 3268 2477 3339 Quoi qu’il en soit, il paraît avoir commencé à
1376 3328 2477 3410 écrire vers l’an 1330, au début du règne si malheu¬
1379 3378 2483 3451 reux de Philippe de Valois. On connaît de lui trois
1380 3448 2470 3520 Songes en vers. Le premier a pour titre : Le Péleri¬
1383 3497 2483 3570 naige de la vie humaine ; le second : Le Pélerinaige de
1377 3541 2470 3634 l’aame séparée du corps ; et le troisième : Le Péleri¬
1377 3601 1826 3678 naige de Jésus-Christ.
1426 3637 2483 3722 Pierre Virgin, moine de Clairvaux, qui, après la
1383 3710 2483 3776 mort de Déguilleville, retoucha et publia les trois
1387 3765 2480 3836 poèmes de ce dernier, les fit précéder d’une espèce
1383 3824 2483 3893 de prologue, où il s’exprime en ces termes assez cu¬
1383 3878 1529 3938 rieux :
