2959 4075
1669 75 1835 157 214
1481 292 1965 412 Enigme Historique.
645 468 1676 550 Je portai le nom d’une fleur et j’eus une fleur pour
598 548 1676 600 emblème : symbolo dérisoire pour la plus infortunée
603 595 1732 679 des reines et des femmes, qui vit périr par le fer son
1767 469 2842 581 époux, son fils, ses parents, sés amis, et qui mourut
1768 547 2303 623 exilée, détrônée et pauvre.
1810 598 2223 681 Quel est mon nom?
1088 1011 2337 1172 LETTRES A UNE JEUNE VILLE
1527 1207 1885 1294 (Quatrième lettre.)
758 1361 1100 1476 Chère Albertine,
622 1478 1658 1569 Votre exclamation est bien naturelle. Vous aimez
562 1555 1652 1639 l’été, non-seulement à cause de ses beaux et longs
581 1611 1649 1684 jours et de l’aspect riant qu’il prête à toutes choses,
573 1667 1661 1734 mais encore à cause de la liberté qu'il vous donne. Le
566 1709 1653 1781 monde que vous voyez habituellement s'en va; la cam¬
572 1776 1645 1847 pagne, les voyages, les eaux, dispensent votre société;
576 1829 1649 1896 vous n’en prenez souci : quelques-unes de vos bonnes
564 1877 1649 1950 amies restent, cela vous suffit. « Plus de visites! vous
570 1924 1645 1995 écriez-vous, plus de ces ennuyeuses visites d'obliga¬
569 1975 1650 2051 tion, de convenance, de circonstance, quel bonheur!»
556 2034 1652 2112 -Je le répète, votre exclamation est toute naturelle. A
569 2085 1653 2169 votre âge, je n'aimais pas du tout les visites, et à l'âge
562 2149 1652 2222 où je suis arrivée, je confesse que je ne les aime
573 2186 1649 2270 guères, et pourtant, elles sont une nécessité sociale;
567 2247 1652 2323 elles entretiennent des liens qu’on ne saurait rompre
556 2304 1649 2369 sans se bannir de la société. Voulez-vous vivre en er¬
564 2355 1644 2436 mite? alors, jetez loin de vous toute contrainte et
556 2401 1641 2486 jouissez à la fois de votre liberté et de votra solitude;
553 2466 1649 2530 mais si vous voulez, si voud devez vivre au milieu du
553 2512 1656 2596 monde, subissez-en les lois, et entretenez, au prix de
564 2561 1644 2641 quelques heures d’ennui, des relations indispensables,
558 2615 1655 2686 créées par le sang, par les alliances, parles services
562 2668 1644 2735 rendus, par la hiérarchieIadministative, ou par des
553 2716 1635 2798 rapports communs d’affaires, d‘intérêts, de plaisirs,
553 2777 1652 2851 enfin, par tout ce qui enchaîne les rangs de la grande
552 2817 909 2882 famille humaine.
594 2878 1641 2949 Puisque je vous prêche la nécessité des visites, j'ai
548 2921 1641 3022 bien envie de vous dire quand et comment il faut faire
545 2980 771 3048 des visites.
600 3031 1635 3106 Vous en ferez le premier de janvier ou dans le cours
542 3084 1635 3170 du mois, à toutes les personnes à qui vous devez des
548 3151 1628 3226 égards et avec lesquelles vous aurez eu quelques re¬
544 3199 1639 3266 willions durant l'année. Vous rendrez soigneusement
553 3264 1633 3327 celles que l'on vous fera. On laisse des cartes chez
550 3314 1635 3383 ceux qu’on ne trouve pas au logis. (Vous savez qu‘on
550 3353 1630 3448 fait un pli à ces cartes?) Les jeunes personnes ajou¬
552 3400 1628 3490 tent leur nom au crayon à la carte de leur mère; je
545 3456 1638 3560 n'aime pas beaucoup les cartes personnelles pour les
542 3510 1642 3605 très-jeunes filles. Les femmes mariées ont des cartes
552 3575 1627 3670 pour les visites qu'elles font toutes seules : Madame R...
1742 1406 2823 1512 ou, s’il y a plusieurs frères du même nom : Ma¬
1740 1468 2066 1535 dame Louis R...
1781 1515 2820 1605 Après une invitation (dîner, bal, soirée, n'importe),
1743 1583 2822 1667 qu'on en ait profité on non, on doit une visite à ceux
1740 1627 2140 1701 de qui on l’a reçue.
1787 1678 2825 1757 Les nouveaux mariés doivent une visite à leurs
1742 1745 2825 1816 proches parents, aux amis de leurs deux familles et
1740 1802 2820 1868 aux personnes avec lesquelles ils désirent nouer des
1732 1847 2820 1914 Kekations. Lorsqu'un décès arrive dans une famille, on
1739 1896 2819 1973 doit une visite aux proches parents de la personne
1742 1938 2820 2023 décédée. Il existe, dans quelques contrées de la
1740 2001 2817 2082 France, un usage que je trouve indiscret et barbare :
1737 2060 2811 2135 on va voir la famille affligée, immédiatement en sor¬
1740 2113 2823 2189 tant de l’église où l‘on vient de célébrer le service
1740 2172 2817 2239 pour le défunt, au moment même, par conséquent,
1737 2230 2817 2289 où les plus vives émotions bouleversent le cœur d'une
1736 2267 2817 2354 fille ou d'une sœur. Si cet usage existe dans le pays
1746 2323 2811 2391 que vous habitez, je vous engage à vous y confor¬
1734 2379 2806 2444 mer, mais je vous exhorte très-fort à ne pas l’intro¬
1734 2430 2806 2500 duire dans une contrée qui aurait le bonheur de
1729 2475 1902 2539 l’ignorer
1779 2537 2808 2598 En cas de maladie d’une de vos connaissances, en¬
1732 2593 2797 2665 voyez exactement savoir de ses nouvelles, et lors¬
1729 2651 2811 2710 qu’elle pourra vous recevoir, faites-lui promptement
1723 2693 2812 2764 une visite — visite courte, bien entendu. Après la
1726 2741 2808 2819 naissance d’un enfant, les femmes font une visite à la
1723 2789 1849 2857 mère.
1767 2840 2811 2927 Le gain ou la perte d’un procès, une production,
1725 2899 2809 2989 une destitution, un grand succès, un grand revers,
1715 2957 2806 3030 réclament des compliments de félicitation ou de con¬
1726 3007 2795 3083 doléance, et l’on doit une visite aux personnes que
1715 3067 2811 3148 l'on connaît et que la fortune vient de visiter ainsi,
1726 3118 2135 3179 en bien ou en mal.
1765 3168 2811 3244 Lorsqu’on part pour un assez long voyage, lorsqu'on
1715 3213 2805 3308 quitte la ville pour la campagne, lorsqu'on quitte pour
1715 3280 2806 3358 toujours la ville où l'on résidait, on doit encore à ses
1715 3327 2805 3418 connaissances des visites d’adieu, et l’on ajoute alors,
1718 3375 2805 3459 aux cartes que l’on dépose chez les absents, les trois
1715 3438 2301 3508 lettres de rigueur : P. P. C.
1762 3491 2805 3566 A Paris, on cons—are la soirée aux visites, mais je
1715 3557 2803 3620 ne sais, si dans certaines petites villes de province,
1714 3620 2801 3679 cette heure avancée de la journée ne paraîtrait pas
