2897 4318
1223 254 1342 352 301
186 345 1237 443 Le bon curé de la paroisse vint après moi et resta
186 424 1228 482 seul avec Clotilde pour entendre sa confession : il sor¬
184 473 1242 545 tit tout ému de la chambre, en répétant les paroles
184 536 1242 599 du Psalmiste : Vous avez mis vos louanges dans la
186 582 1237 655 bouche des petits ! et il revint un quart d’heure après,
184 634 1233 706 apportant sur sa poitrine le corps de Notre-Seigneur.
191 690 1233 746 Tout le pensionnat était rassemblé et à genoux dans
177 736 1240 811 la chambre qui précède l’infirmerie. Un petit autel
186 792 1223 853 était dressé auprès du lit de Clotilde : celle-ci, ados¬
182 846 1230 909 sée contre des oreillers, pâle, épuisée, mourante,
177 904 1230 958 n’ayant plus de vie que dans les yeux, paraissait at¬
177 946 1223 1016 tendre dans un recueillement plein d’amour. Elles
172 1002 1230 1058 rougit faiblement en voyant le ciboire; j’étais à ge¬
177 1051 1230 1109 noux près de son lit, et je crus voir son visage se
186 1100 1233 1163 transfigurer lorsqu’elle eut reçu son sauveur. Après
182 1158 1233 1214 un très-long silence, je m’approchai d’elle, elle ou¬
177 1205 1230 1275 vrit les yeux, je lui dis à voix basse : — Clotilde, de¬
172 1256 1223 1321 mandez la santé à Notre-Seigneur. — Non, dit-elle,
175 1305 1223 1393 je demande que sa sainte volonté se fasse, et qu’il
177 1361 1074 1417 console mes parents... oui, cela seulement...
228 1391 1230 1480 Une heure après, elle m’appela, et me dit d’une
182 1459 1221 1528 voix faible : — Si mes compagnes tombaient malades,
172 1505 1230 1577 oh! faites-leur faire aussi leur première communion...
175 1561 699 1624 c'est un si grand bonheur !
212 1603 1028 1710 Je lui serrai la main, et elle s’assoupit...
862 1708 1072 1822 Mars 18...
214 1810 1228 1885 Notre ange n’est plus ici... chère Clotilde ! elle est
161 1873 1223 1978 morte entre mes bras! Mon Dieu, consolez sa mère,
1314 329 2398 459 si une mère peut être consolée!.... et vous, enfant
1319 419 2067 485 qui m’avez aimée, priez pour moi...
1354 445 2400 548 Son père est arrivé, trop tard pour la voir, assez à
1319 522 2407 620 temps pour suivre le petit cercueil drapé de blanc.
2015 615 2225 739 Avril 18...
1351 727 2377 804 Le printemps est doux, tout renaît, mais le souve¬
1319 790 2377 855 nir de Clotilde assombrit ces premiers beaux jours.
1309 853 2386 927 Le départ de cette enfant me laisse un vide que rien
1312 902 2057 1000 ne comble. Qui m'aime à présent ici?
2027 995 2216 1111 Mai 18...
1354 1088 2374 1177 Les beaux mois de l’année passent, et je suis triste :
1309 1142 2370 1228 le travail seul me distrait. J’aspire au bonheur des
1319 1219 2367 1286 vacances, et il semble que des siècles se soient écou¬
1307 1256 2374 1356 lés depuis que je n’ai vu ma mère. Que la solitude du
1309 1312 1675 1398 cœur est pesante !
2029 1414 2262 1491 Juillet 18...
1349 1496 2367 1573 Oh! ce pressentiment, il disait donc vrai! on m’é¬
1307 1566 2377 1629 crit de Loches que ma mère est très-mal, que je n’ai
1314 1612 2374 1671 pas de temps à perdre, et je pars... j’attends la voi¬
1309 1666 2374 1731 ture... Quelle angoisse! la verrai-je encore! Mon
1302 1722 2374 1785 Dieu! je ne puis ni prier, ni parler, mais vous lisez
1307 1768 2374 1831 au fond de mon âme.... Oh! sauvez-la, rendez-la
1302 1817 1419 1885 moi!
1678 1857 2304 1978 (La suite au prochain numéro.)
326 2253 2202 2414 DE LA DROITURE DANS LES PETITES CHOSES
207 2495 1230 2575 L’été dernier, nous attendions tranquillement dans
161 2535 1221 2624 le Salon d’une amie, à la campagne, la fin d‘une pluie
168 2596 1216 2675 d’orage et l’apparition de l‘arc-en-ciel pacificateur,
163 2642 1216 2738 lorsqu’entra un jeune homme, un ami de la maison;
165 2703 1214 2768 c’était un secrétaire de légation d’une modeste prin¬
170 2754 1221 2819 cipauté d’outre-Rhin, que des affaires personnelles
165 2803 1216 2873 retenaient à Paris. Il était bien élevé, d'un esprit
161 2861 1202 2926 agréable et enjoué, malgré son laconisme germani¬
172 2910 1209 2987 que, mais il n’avait rien, ce jour-là, de sa bonne hu¬
163 2952 1214 3043 meur ordinaire ; il était maussade comme le temps,
163 3010 1216 3085 et consterné comme un homme qui a commis quelque
168 3050 499 3120 mauvaise action.
210 3115 1202 3192 « Eh! qu’avez-vous, pour Dieu? s’écria la maî¬
163 3146 1207 3241 tresse de la maison; sur quelle herbe avez-vous mar¬
170 3206 277 3260 ché ?
205 3257 1202 3346 — Sur de mauvaise herbe, répondit-il avec une
170 3302 916 3388 gravité comique. J'ai fait un malheur.
259 3372 1207 3444 Un malheur! Est-ce que votre tilbury a écrasé
172 3406 638 3481 quelqu'un sur la route ?
261 3474 1202 3553 - Non pas. Si ce n’était que cela, il y aurait peut-
161 3509 1209 3595 être du remède, tandis qu’il n’en est point au mal¬
163 3565 1214 3686 heur que j'ai causé. Je viens de faire manquer un
161 3614 350 3681 mariage.
270 3653 1205 3784 Oh! l’abominable homme! dit une dame qui
161 3721 785 3817 était très-heureuse en ménage.
1337 2493 2363 2584 — Hélas! madame, si vous me condamnez avant de
1291 2556 2353 2659 m’entendre, comment voulez-vous que j’aie le courage
1300 2612 1508 2680 de parler ?
1391 2656 2351 2756 - C'est juste, dit madame J., continuez, nous sus¬
1293 2705 1706 2787 pendons notre arrêt.
1337 2761 2342 2843 » — Un de mes meilleurs amis est un jeune Hollan¬
1298 2819 2346 2889 dais, le comte Fréderick van Heerberg. Je l’ai connu
1288 2880 2346 2938 à Vienne, il y a quelque huit ou dix ans. Il sortait
1293 2926 2344 2985 de l'université d'Utrecht, et moi de celle de Francfort.
1293 2982 2339 3048 Affranchis au même âge de la fécule des maîtres,
1288 3027 2346 3104 nous ne connaissions encore de la vie que les fatigues
1291 3085 2339 3143 et les compensations du travail, et, en vrais étudiants,
1291 3136 2344 3192 nous étions instruits de tout ce qu'on peut ignorer, et
1288 3185 2335 3248 ignorants de tout ce qu'on est tenu de savoir. Nous
1286 3234 2332 3306 avions hâte de nous investir de notre liberté et d'ap¬
1291 3285 2339 3374 prendre à vivre, ce qui est la science la plus utile et
1282 3351 2144 3416 la plus dédaignée, peut-être, de ce monde.
1330 3374 2337 3453 » Depuis ce temps, nous avons suivi des carrieres
1288 3434 2337 3511 différentes, mais les circonstances nous ont séparés
1282 3500 2339 3556 sans nous désunir et nous nous retrouvons toujours à
1282 3539 2330 3625 Paris ou dans quelque coin de l’Allemagne, à un mo¬
1286 3598 1549 3665 ment donné.
1323 3621 2346 3714 » Lorsque j’arrivai à Paris cette année, au milieu
1282 3709 2342 3765 de l’hiver, mon premier soin fut de courir à l‘hôtel de
1279 3758 2344 3835 Frédérick, et de m'informer s'il y était descendu. Je
