2822 3966
1558 118 1666 193 98
524 196 1570 264 l’amour, l’inquiétude, la jalousie, les remords, ajou-
530 258 1575 311 tent un second intérêt à celui qu’inspire la conspira-
533 307 1579 382 tion contre Venise; mais, nous l’avouons, Éléna cou¬
533 354 1579 419 pable, nous fait regretter Angiolina (la dogaresse) si
524 402 1580 464 noble et si fière sous le voile de son inviolable pureté.
536 459 1572 516 Cependant, on doit à cette invention du poète quel-
530 508 1586 575 ques belles scènes et un beau mouvement dans le
533 571 850 635 rôle de Faliero.
578 620 1583 677 Nous citerons ici la dernière scène, entre le doge,
530 678 1479 733 condamné et prêt à mourir, et sa jeune épouse :
988 768 1116 833 ÉLÉNA,
719 797 1385 903 J’ai voulu vous parler sans témoins ;
582 856 1289 935 Enfin on l’a permis. Puis-je approcher?
569 918 1542 973 (Le doge ne tourne pas la tête et reste immobile sans lui
959 960 1152 1028 répondre.)
1268 1001 1451 1080 Du moins
578 1020 784 1133 Répondez.
723 1071 1385 1165 (Le doge continue à garder le silence.)
755 1159 1378 1217 Par pitié, daignez me le défendre ;
577 1170 1517 1280 J’entendrai votre voix... M’éloigner sans l’en tendre !
583 1244 879 1301 Il le faut donc !
595 1276 1496 1349 FALIERO, se retournant et la prenant dans ses bras.
850 1338 1439 1395 Ma fille a tardé bien longtemps!
995 1383 1128 1445 ÉLÉNA.
586 1435 1486 1504 O ciel! c’est mon arrêt qu’à vos genoux j’attends.
592 1481 1349 1534 Celle que vous voyez sous sa faute abattue,
583 1530 1404 1607 Elle a causé vos maux, c’est elle qui vous tue,
590 1572 1001 1649 Et vous lui pardonnez!
972 1587 1131 1672 FALIERO.
988 1644 1475 1725 Qui? moi? je ne sais rien.
977 1706 1112 1770 ÉLÉNA.
583 1742 1032 1812 Quoi ! vous oubliez tout !
967 1800 1139 1861 FALIERO.
967 1845 1399 1903 Non; car je me souvien
577 1898 1350 1959 Que tu m'as fait aimer une vie importune;
587 1940 1463 2014 Tes soins l’ont prolongée, et dans mon infortune,
577 1988 1192 2068 Tu m’adoucis la mort, je le sens.
988 2030 1121 2119 ÉLÉNA.
1166 2054 1338 2141 Espérez !
578 2103 1436 2181 Partout de vos vengeurs ces murs sont entourés.
972 2173 1137 2230 FALIERO.
575 2217 1408 2271 Ils ne feront pourtant que hâter mon supplice.
993 2263 1119 2325 ÉLÉNA.
579 2321 1354 2378 On n’accomplira pas cet affreux sacrifice :
578 2358 1473 2432 Ils vont vous délivrer ; entendez-vous leurs cris ?
984 2407 1135 2462 FALIERO.
579 2412 1408 2521 Je voudrais te laisser l’espoir que tu nourris;
583 2482 1538 2568 Mais la nuit qui s’approche est pour moi la dernière.
582 2535 1337 2607 Ne repousse donc pas mon unique prière.
988 2591 1116 2650 ÉLÉNA.
582 2628 1463 2708 Ordonnez : quels devoirs voulez-vous m’imposer?
579 2677 886 2746 Je m’y soumets.
755 2731 1346 2794 FALIERO, lui remettant un papier.
833 2773 1463 2850 Tiens, prends ! tu ne peux refuser :
577 2783 1418 2903 C’est le présent d’adieu d‘un ami qui s’absente,
581 2863 979 2944 Mais que tu reverras.
987 2888 1120 2969 ÉLÉNA.
952 2945 1452 3038 C’en est trop!... innocente,
575 2991 1215 3064 J’aurais pu l’accepter; coupable...
964 3059 1129 3117 FALIERO.
1192 3100 1410 3171 Que dis-tu?
570 3153 1311 3200 Si c’est un sacrifice, accepte par vertu :
570 3199 1378 3271 Supporter un bienfait peut avoir sa noblesse.
575 3251 1471 3327 Sois fière encor du nom qu’un condamné te laisse ;
574 3286 1435 3371 Des monuments humains que sert de le bannir?
577 3334 1326 3415 De mes travaux passés l’éternel souvenir,
578 3382 1479 3474 Sur les mers, dans les vents, planera d’âge en âge ;
570 3431 1338 3505 Et jamais nos neveux ne verront du rivage
577 3469 1356 3550 Les vaisseaux sarrasins blanchir à l'horizon,
569 3519 1393 3597 Sans parler de ma vie et murmurer mon nom.
575 3560 992 3638 Sois fière de tous deux.
2129 188 2269 254 ÉLÉNA.
2129 245 2615 319 Qu’avec vous je succombe;
1725 287 2205 357 Je n’ai pas d’autre espoir.
2117 332 2277 399 FALIERO.
2154 381 2607 452 Et demain sur ma tombe,
1730 431 2623 485 Qui donc, si tu n’es plus, jettera quelques fleurs?
1727 476 2616 541 Car tu viendras, ma fille, y répandre des pleurs,
1726 517 1968 592 N’est-ce pas?
2127 563 2263 630 ÉLÉNA.
1936 615 2265 690 Moi! grand Dieu!
2107 676 2268 730 FALIERO.
2250 717 2693 794 Toi, que j’ai tant aimée,
1726 751 1947 829 Que j’aime!
2125 805 2264 872 ÉLÉNA.
1933 856 2564 913 Sans espoir, de remords consumée,
1718 889 2505 968 Je vivrai, si je puis, je vivray pour souffrir.
2113 955 2275 1008 FALIERO.
1719 991 2574 1038 Songe à ces malheureux qui viennent de périr :
1726 1036 2580 1094 Veille sur leurs enfants dont je plans la misère.
2128 1088 2251 1145 ÉLÉNA.
1722 1112 2075 1193 Je prodiguerai l’or.
2116 1178 2268 1237 FALIERO.
2060 1217 2612 1291 Qu’ils te nomment leur mère ;
1714 1267 2517 1342 Fais-moi chérir encor par quelque infortuné.
2138 1322 2268 1385 ÉLÉNA.
1722 1336 2662 1452 Mais je pourrai mourir quand j’aurai tout donné?...
2112 1418 2275 1476 FALIERO.
1715 1440 2484 1521 Digne de ton époux ; et ton juge suprême,
1721 1506 2513 1566 Indulgent comme lui, pardonnera de même.
1734 1555 2673 1611 (On vient chercher Faliero pour le mener au supplice.)
1719 1606 2555 1664 J’ai besoin de courage, et j’en attends de toi.
1722 1649 2158 1722 Epargne un cœur brisé.
2131 1695 2265 1755 ÉLÉNA.
2133 1736 2611 1816 C’est un devoir pour moi.
1725 1793 2607 1871 Quand le moment viendra je serai sans faiblesse.
2113 1838 2275 1911 FALIERO.
1722 1858 2141 1961 Eh bien!... il est venu.
1997 1915 2395 2002 ÉLÉNA, avec désespoir.
2133 1978 2248 2038 Déjà!
1886 2006 2502 2074 FALIERO, la serrant dans ses bras.
2214 2071 2585 2137 Tiens ta promesse...
1719 2108 1863 2182 Adieu !
2119 2166 2261 2236 ÉLÉNA.
1838 2215 2588 2267 Jamais! jamais ! Non, ne me quittez pas!
1713 2272 2671 2333 Non, non! je veux... j’irai... j'expire dans vos bras.
2113 2316 2275 2367 FALIERO.
1727 2324 2517 2407 Elle ne m’entend plus : elle pâlit, chancelle.
1722 2390 2666 2453 L’abandonner ainsi!... Grand Dieu, veillez sur elle !
1940 2448 2457 2501 (Il la place dans un fauteuil.)
1727 2490 2529 2543 Cette mort passagère a suspendu ses maux :
1725 2537 2580 2591 Adieu, mon Éléna ! Froid comme les tombeaux,
1725 2588 2669 2654 Mon cœur ne battra plus quand le tien va renaître;
1722 2640 2210 2694 Mais il meurt en t’aimant !
1710 2752 2711 2829 Nous mettrons en regard une scène de Byron. Le
1662 2826 2723 2896 doge s’entretient avec Angiolina, au moment où les
1670 2883 2720 2943 premières pensées de la vengeance contre le patriciat
1658 2936 2299 3014 commencent à agiter son cœur :
2100 3048 2272 3124 LE DOGE.
1694 3109 2718 3173 Ma chère enfant, pardonnez-moi... Pourquoi tant tarder
1662 3171 2554 3244 à vous approcher de moi? Je ne vous voyais pas.
2096 3212 2295 3267 ANGIOLINA.
1709 3257 2716 3310 Vous êtes plongé dans vos réflexions, et celui qui vient
1658 3293 2716 3383 de vous quitter pouvait avoir un message important de la
1656 3354 1935 3433 part du sénat.
2105 3379 2272 3462 LE DOGE.
1697 3421 1895 3502 Du sénat ?
2095 3485 2293 3560 ANGIOLINA.
1689 3528 2714 3602 Je n’aurais pas voulu l’interrompre pendant qu’il accom¬
1653 3597 2313 3670 plissait son devoir et celui du sénat.
