2897 4318
1216 274 1341 368 133
911 563 1301 670 BIBLIOGI
1593 532 1667 660 E.
1330 540 1406 666 A
401 791 994 916 CHRISTOPHE COLOMB,
255 899 1106 1021 HISTOIRE DE SA VIE ET DE SES VOYAGES
383 1028 989 1125 Par M. ROSELLY DE LORGUES (1).
398 1118 967 1236 (Troisième et dernier article.)
190 1336 1226 1411 Nous avons retracé, dans notre précédent article, l’ar¬
150 1406 1226 1462 rivée de Colomb en Espagne et l’accueil que lui firent
147 1455 1223 1511 à la fois le peuple et les souverains, heureux tous de
154 1512 1223 1583 s’être trompés et de reconnaître dans l’aventurier gé-
142 1560 1129 1620 nois un homme de bien et un homne de génie.
190 1612 1226 1680 Ce fut le point culminant de la vie de Colomb : il
142 1671 1226 1722 savoura, en un instant, toutes les félicités que le sort
150 1725 1221 1784 pouvait lui promettre : applaudissements populaires.
150 1777 1227 1837 gracieuse affection d’une souveraine adorée, fortune
157 1834 1223 1900 et gloire promises à sa race, et, par-dessus tout, satis¬
150 1882 1223 1945 faction intérieure d’une conscience pure. Cette der¬
147 1938 1226 1998 nière joie était la seule qui dût lui rester fidèle, le
150 1984 1227 2054 consoler pendant les tourmentes de sa vie, veiller au
150 2040 1234 2103 chevet de son tombeau, et entourer plus tard de la
154 2100 1226 2157 plus brillante auréole sa mémoire, que l’envie des
157 2156 1064 2213 contemporains a vainement essayé de flétrir.
195 2201 1223 2275 Un second voyage de découverte fut résolu, et Co¬
146 2243 1226 2320 lomb prit le commandement de la flotte nombreuse
153 2317 1223 2391 qui le suivait avec confiance. Il navigua plus au sud
154 2372 1223 2423 que lors de son premier voyage, et découvrit succes-
147 2421 1223 2478 sivement des îles qu’il nomma la Dominique, la Gua¬
146 2471 1210 2532 deloupe, Montferrat, Antigoa, Sainte-Croix, Sainte-
149 2516 1219 2592 Ursule, les Onze-Mille-Vierges. Ces îles étaient habi¬
147 2577 1223 2646 tées par des Caraïbes, race anthropophage et cruelle,
153 2633 1230 2696 qui ne se soumit jamais ni au joug espagnol ni à la
142 2685 1218 2741 douceur de la loi évangélique. Après avoir visité ces
142 2733 1215 2804 îles charmantes, séjour d’une population si barbare,
142 2785 1221 2850 l’amiral dirigea sa course vers Hispaniola, où il avait
145 2843 1221 2909 laissé une garnison, et où il trouva les soucis, et
143 2893 1215 2965 les dégoûts qui accompagnent toute organisation
146 2942 1210 3023 nouvelle. Les calomnies, les inimitiés qui empoi¬
150 2996 1223 3063 sonnèrent le reste de sa vie datèrent de là, car un seul
146 3062 1218 3134 mobile animait ses compagnons de fortune et de
155 3103 1219 3186 voyage : la soif de l’or et la soit des plaisirs; et se trou¬
154 3152 1208 3229 vant maintenus par la fermeté de Colomb dans les li¬
146 3220 1218 3295 mites du travail, de la modération et de la tempérance,
150 3273 1211 3338 ne pouvant arracher aux Indiens par la fraude ou la vio¬
149 3315 1216 3393 lence les trésors qu’ils possédaient, ces hommes avides
146 3370 1210 3448 conçurent contre l’amiral une haine profonde. Il s’en
140 3420 1200 3497 inquiéta peu, et, dominant ses équipages par la fer¬
140 3479 1215 3543 meté de son caractère, il continua ses explorations.
143 3528 1218 3587 Colomb aborda à la Jamaïque, qu’il nomma la Sainte¬
147 3577 1214 3656 Gloire, tant les harmonies de la nature en rendaient
140 3621 1206 3709 le séjour délicieux, et il passa près d’un mois à sil¬
140 3689 1225 3767 lonner cet archipel ravissant et dangereux. Durant
184 3834 931 3926 (1) Voir les numéros de Janvier et Mars.
1317 798 2408 881 ces travaux, plusieurs fois on descendit sur la côte de
1319 873 2411 953 Cuba pour s’informer de la nature de cette grande
1317 933 2408 996 terre, savoir si elle était une île ou un continent. Les
1317 979 2406 1058 naturels eux-mêmes l’ignoraient, et Colomb ne pu
1317 1042 2406 1098 recueillir de leur bouche que de vagues indications.
1317 1084 2391 1154 il ne connaissait pas encore l’étendue de sa décou-
1321 1137 2403 1221 verte : il ne savait pas qu’en cherchant une route
1323 1203 2407 1271 plus courte pour aller aux Indes, il allait trouver un
1317 1251 2411 1313 immense continent, dont ces îles vastes et splendides
1316 1316 2411 1375 n’étaient que le vestibule. Ce ne fut qu’à son troisième
1330 1356 2411 1418 voyage qu’il acquit la conviction que sa découverte
1317 1411 2361 1473 avait révélé une moitié du monde à l’autre moitiée.
1365 1451 2402 1526 Les tribus indiennes lui montraient de la soumis-
1316 1522 2395 1579 sion, et parfois de l’amitié. Un jour, on venait de cé-
1320 1571 2410 1630 lébrer la sainte messe sous les ombrages de l’île de
1312 1623 2406 1690 Sainte-Croix, un cacique âgé et vénérable s’approcha,
1317 1684 2407 1733 observant avec attention tout ce qui se faisait. Il com¬
1317 1736 2393 1800 prit qu’il s’agissait d’un acte religieux. Après que Co
1312 1785 2395 1847 lomb eut fini ses actions de grâces, le vieillard, le sa¬
1319 1844 2411 1902 luant, lui offrit une corbeille de beaux fruits qu’il
1317 1892 2411 1949 tenait à la main, et, s’asseyant auprès de lui, il lui dit
1323 1943 2400 2003 au moyen d’un interprète : — Il est juste de rendre
1317 2006 2407 2062 grâce à Dieu des dons qu’il nous accorde. Il paraît
1317 2055 2400 2112 que c’est votre façon à vous autres de lui rendre hom¬
1315 2111 2391 2170 mage ; c’est bien. Il m’a été dit que tu avais précé¬
1312 2162 2406 2216 demment parcouru avec ta puissance ces contrées qui
1315 2215 2406 2273 jusque-là t’étaient inconnues, répandant une grande
1315 2268 2400 2332 frayeur parmi les populations; mais ne t’enorgueillis
1323 2318 2393 2382 pas de cela. Rappelle-toi, je te le recommande et je
1312 2373 2402 2434 t’en prie, qu’au sortir du corps l’âme trouve deux
1312 2432 2395 2482 routes : l’une conduisant à une demeure fétide et té¬
1312 2481 2403 2541 nébreuse, préparée pour ceux qui ont désolé, leurs
1308 2538 2393 2597 semblables; l’autre menant à un séjour délicieux,
1305 2591 2396 2651 disposé pour ceux qui, pendant leur vie, aimèrent la
1317 2639 2373 2704 paix et la maintinrent parmi les hommes. Par consé
1312 2693 2402 2755 quent, si tu te crois mortel et penses que chacun
1319 2748 2393 2805 sera rétribué selon ses oeuvres, ne fais aucun mal à
1312 2794 2396 2868 personne. — La piété de Christophe Colomb fut émue
1308 2848 1868 2913 et consolée par ces paroles.
1347 2895 2400 2972 Jusque-là, parmi les indigènes, il n’avait rien vu
1305 2963 2402 3019 qui marquât une claire notion de la vie future. Ce
1312 3015 2391 3071 vieux cacique lui rappelait un de ces justes de la loi
1312 3067 2381 3128 primitive, habitant comme Raguel les contrées idolâ-
1305 3118 2385 3169 tres. Il lui répondit, par l’organe de l‘interprète, qu’il
1308 3175 2381 3232 était venu des extrémités de l’Océan dans ces pays,
1305 3224 2388 3276 envoyé par ses souverains pour enseigner la véritable
1305 3273 2373 3345 religion, faire régner la justice, assujettir les inhu-
1305 3326 2388 3394 mains Caraïbes, les forcer à la paix, et protéger les
1308 3385 2374 3441 nations pacifiques. Le vieux cacique, en l’entendant
1312 3441 2389 3497 versa des larmes de joie... Heureux si la cupidité des
1308 3486 2388 3551 hommes n’eût pas déjoué les projets de Colomb et
1305 3551 2387 3610 anéanti ces peuples aux mœurs paisibles, qu’il voulait
1304 3598 1497 3667 protéger!
1351 3653 2385 3711 Colomb trouva dans ce second voyage l’avant-goût
1312 3688 2381 3754 des amertumes qui devaient remplir sa vie. Il souf¬
1308 3753 2388 3809 frait à la fois de la mauvaise volonté des ministres
1306 3809 2388 3870 espagnols, qui lui mesuraient les secours et les envois
1305 3862 2388 3925 d’hommes dont il aurait eu besoin; de la conduite de
