2939 4158
1532 202 1659 287 356
430 286 1537 371 Résignation, la plus accomplie de ces trois Nouvelles,
427 355 798 415 commence ainsi :
478 403 1540 469 « Je vais raconter simplement une chose que j’ai
427 468 1540 535 » vue. C'est un des souvenirs mélancoliques de ma
430 514 1541 580 » vie; c’est une de ces pensées vers lesquelles l'âme
427 573 1541 636 » se reporte avec une douce tristesse, quand vient
432 623 1544 699 l'heure du découragement; il s'en exhale je ne sais
439 693 1543 744 » quel renoncement aux trop vives espérances de ce
439 747 1540 805 » monde, je ne sais quelle abnégation de soi-même
433 795 1531 877 „ qui apaise ce qui marmure en nous, et nous ap¬
436 854 1259 911 » pelle à une silencieuse résignation. »
475 911 1537 980 Ces expressions sont vraies; elles peignent bien
430 958 1531 1018 l'impression résultant de l’histoire de la pauvre Ur¬
427 1015 1532 1074 sule, qui passe sa jeunesse à soigner ses parents in¬
424 1062 1537 1132 firmes et à travailler pour eux, sans être récompensée
421 1126 1537 1183 même par leur amour, car ils sont tombés dans la
427 1176 1540 1233 froide indifférence de la vieillesse; qui, un jour, se
427 1229 1538 1308 croit aimée, mais s’aperçoit le lendemain que l’objet
423 1280 1528 1361 de son affection ne veut ni partager ni comprendre
430 1340 1531 1405 le dévouement de toute sa vie; qui, restée seule, aban¬
430 1389 1534 1457 donnée, vieillit et s’éteint sans un regard ami, sans
427 1457 1538 1523 une voix consolante auprès d'elle, si ce n'est la voix
427 1504 1534 1595 intérieure de la conscience et le regard paternel de
423 1556 552 1638 Dieu.
486 1585 1531 1680 Madame d’Arbouville a analysé avec une rare
417 1671 1537 1758 patience d'observation, les sentiments de cette pauvre
1629 284 2749 365 et noble fille ; elle a attaché un intérêt de plus à ces
1630 356 2746 423 existences qui, souvent, nous paraissent si étroites, si
1633 409 2744 471 vulgaires, et récèlent cependant des secrets de dé¬
1639 474 2750 535 vouement et d'abnégation, dédaignés de ceux qui en
1626 517 2743 594 sont l’objet, ignorés de celles à qui Dieu les perpire,
1630 580 2746 645 et la mesure, la sobriété, la profondeur de ce petit
1620 632 2740 695 récit me font croire qu’Ursule a vécu et que madame
1621 692 2743 753 d’Arbouville l’a connue et consolée. Tout semble vrai
1630 747 2741 812 dans ces pages, depuis la description de la petite ville,
1627 806 2740 865 dans laquelle les habitants du nord de la France n’ont
1636 859 2737 931 pas eu de peine à reconnaître la ville d'Avesnes, jus¬
1630 910 2741 968 qu'à l'analyse des sentiments douloureux et ten¬
1630 961 2743 1023 dres qu’Ursule cache sous un front paisible. Il dé¬
1630 1024 2741 1083 coule de ce récit une émotion tranquille qui semble
1621 1083 2589 1144 conseiller le détachement des choses d’ici-bas.
1666 1117 2737 1188 A ce talent d’invention et d‘analyse, madame d‛Ar¬
1615 1186 2735 1254 bouville joint la grâce d’un style correct et délicat,
1623 1248 2725 1313 qui peint avec une égale vérité les beautés de la na¬
1621 1296 2734 1352 ture et les sentiments poétiques du cœur. On ne
1621 1344 2737 1412 connaîtrait pas l’auteur de ces volumes, qu’il serait
1620 1400 2728 1466 impossible d’y méconnaître la touche d‘une femme à
1624 1460 2728 1522 l’âme pieuse, à l’esprit élevé, mais de quelques grâces
1623 1522 2728 1576 que soient revêtues ces Nouvelles, si distinguées par
1624 1570 2728 1636 la presse fonternporaine, nous n’en pouvons con¬
1624 1626 2725 1687 seiller la lecture qu'aux jeunes femmes, bien nom¬
1621 1671 2474 1734 breuses, d’ailleurs, parmi nos lectrices.
2541 1677 2695 1753 M. B.
976 2066 2183 2212 PARDONNEZ-NOUS...
469 2304 1535 2371 Après de longs et fructueux voyages dans les deux
421 2346 1534 2430 hémisphères, le capitaine Morel, qui avait échappé à
421 2414 1537 2474 la fièvre de Bombay et à celle des Antilles, qui était
421 2460 1528 2534 sorti sain et sauf des griffes des perfides Ombayens,
423 2528 1531 2585 et de celles des féroces crocodiles des rivages de
424 2568 1535 2639 l'océan Indien, le capitaine Morel, qui avait échappé
417 2633 1531 2702 aux plus effroyables tempêtes, et qui, dans un calme
429 2690 1531 2762 plat, était resté, lui et ses hommes, quarante-deux
421 2740 1531 2797 heures sans une goutte d'eau douce et sans au¬
430 2786 1531 2857 cune espèce de nourriture, le capitaine Morel, ainsi
421 2854 1531 2916 que l’honorable et regretable Dumont d’Urville, était
420 2907 1522 2971 venu mourir dans son pays, d’une mort aussi doulou¬
424 2965 1531 3023 reuse quetragique : faisant un trajet d’une lieue dans
415 3021 1522 3099 ces grands bateaux non pontés, où les paysans em¬
415 3057 1519 3128 barquent avec eux chevaux et bestiaux, au débarca¬
409 3128 1522 3195 dère, un bouc, pris de frénésie, s’était élancé sur lui,
418 3180 1526 3244 et, d'un terrible coup de ses cornes dans le flanc,
403 3233 1534 3323 l'avait étendu mort aux pieds des autres voyageurs
402 3286 668 3365 épouvantés!
451 3350 1532 3403 M. Morel laissait une veuve et quatre enfants; trois
403 3414 1522 3475 filles mariées : l’une à un capitaine au long cours,
403 3465 1529 3510 comme M. Morel l'avait été lui-même; l'autre, à un
409 3513 1525 3597 négociant; la plus jeune à un commis; et un fils, l'aîné
402 3564 827 3645 de tous, non marié.
451 3623 1534 3686 Il ne serait pas exact de dire qu'avant la mort du
397 3686 1525 3743 capitaine une entière concorde régnât entre ces
405 3746 1525 3814 quatre personnes. Dès leur plus bas âge, la jalousie
400 3800 1522 3853 avait répandu ses souffles empoisonnés dans leurs
395 3848 1525 3929 âmes, et, depuis, n'avait cessé d'alimenter parmi elles
1611 2319 2738 2395 de sourds mécontentements ; chacun trouvait que les
1624 2373 2737 2441 parents avaient fait plus de sacrifice pour les autres
1624 2433 2725 2490 que pour soi. Chacun se disait le déshérité de l’amour
1612 2489 2728 2552 maternel, comme si, hors de monstrueuses exceptions,
1614 2544 2731 2598 aucun enfant était jamais déshérité de l’amour de sa
1614 2603 2728 2668 mère! et quand, tour à tour, on les avait écoutés se
1624 2651 2728 2716 plaindre, leurs récrim dations étaient telles que, for¬
1618 2711 2632 2759 cément, elles se détruisaient les unes les autres.
1657 2762 2728 2818 Cependant, si l’union de cette famille n’était pas
1606 2808 2728 2877 inaltérée, le père avait eu sur elle une assez grande
1612 2863 2732 2938 autorité pour que, du moins, la mésintelligence n’é¬
1615 2917 2320 2992 clatât qu'en de légères bouderies.
1657 2970 2723 3042 Mais à peine la pierre du tombeau était-elle refermée
1612 3039 2725 3107 sur les restes de M. Morel, que la petile ville habitée
1618 3095 2722 3146 par ses enfants retentit soudain de procès scanda¬
1608 3141 2720 3215 leux. A voir ces quatre personnes s’arracher des lam¬
1609 3188 2713 3269 beaux de l’héritage paternel, prendre feu et se dis¬
1615 3245 2728 3320 puter pour un mot, se rejeter la calomnie à la face,
1611 3308 2723 3380 on n’eût jamais pu croire que c’était le même sang
1609 3362 2722 3424 qui coulait dans leurs veines. Les actes notariés, les
1612 3420 2725 3477 citations judiciaires, les sommations par huissiers, les
1601 3478 2723 3546 consultations d’avoués et d‘avocats se succédèrent,
1601 3522 2725 3586 éconnant grandement les maisons, les fermes et les
1597 3576 2716 3662 bois de M. Morel, et les jours suivirent les jouis, ame¬
1603 3636 2716 3695 nant d’autant moins de solution satisfaisantes qu’il
1606 3693 2722 3750 semblait qu'il y eût dans le pays des esprits halfai¬
1600 3747 2713 3826 sants qui, à l'instant où les héritiers paraissaient sur
1600 3797 2722 3868 le point de s'entendre, faisaient surgir des difficultés
1600 3853 2576 3940 nouvelles et de nouvellles raisons de discorde.
