2959 4075
1636 111 1752 193 228.
553 188 1639 265 appelée à une destinée heureuse entre toutes ; elle
562 248 1640 320 portait une des plus belles couronnes de l’Europe;
555 306 1633 383 tendrement aimée de son mari, adorée par le peu¬
558 340 1639 414 ple, adulée par les courtisans, la jeune reine voyait
554 407 1639 469 devant elle un avenir brillant et fortune; mais un
550 458 1639 514 malheur inévitable devait sortir de la situation des
562 503 1630 575 partis en Angleterre et des haines mortelles qui divi¬
553 570 1053 632 saient la famille royale.
602 609 1629 692 Henri VI était le chef de la maison de Lancastre,
559 662 1629 735 qui avait usurpé le trône et le souverain pouvoir sur
555 721 1635 783 la branche d'York. Henri V, son père, avait fardé
562 782 1632 841 cette usurpation par le prestige de ses talent et des
558 841 1635 900 conquêtes qu’il avait faites sur les Français, mais il
553 890 1624 952 emporta sa force dans le tombeau. Son fils avait une
546 932 1629 1006 âme noble et douce, mais un esprit faible, et il laissa
540 980 1626 1060 l’autorité à son ancien tuteur, le duc de Glocester.
543 1030 1633 1108 Marguerite d’Anjou désira le faire sortir de tutelle,
546 1085 1626 1155 et, s’il n’avait pas assez de capacité pour régner, elle
540 1148 1630 1215 se sentait la force de tenir le sceptre à sa place. Elle
540 1198 1628 1271 se ligua avec quelques seigneurs, le duc de suffolk,
540 1241 1628 1329 le duc de Sommerset, le Cardinal de Winchester,
542 1308 1626 1385 afin d’anéantir l’autorité de Glocester ; ce dernier
547 1367 1624 1423 mourut de mort subite, et dès ce moment, les plus
543 1412 1626 1484 odieux soupçons planèrent sur la jeune reine. Ce¬
558 1469 1629 1539 pendant, rien ne prouve qu’elle fut coupable de ce
544 1523 1628 1599 crine, mais le peuple, qui aimait le bon duc, le crut,
546 1573 1628 1639 et les partisans d’York se fortifièrent et du crime
544 1626 1624 1692 supposé de la reine et de la faiblesse du roi. La
544 1674 1624 1732 perte de la Normandie augmenta les rancunes popu¬
546 1729 1625 1796 laires, et le duc d’York, jugeant l’occasion favora¬
542 1781 1626 1859 ble, leva des troupes parmi ses nombreux vassaux,
533 1822 1628 1905 imposa ses conditions à la cour, fit enfermer à la
535 1894 1614 1953 tour de Londres le duc de Sommerset et se fit décla¬
531 1946 1624 2014 rer lord-protecteur du royaume. Le triste état de
539 1990 1624 2073 Henri VI, dont les facultés mentales étaient altérées,
538 2047 1624 2124 semblait justifier en partie cette nomination. Mar¬
543 2103 1624 2168 guerite profita du rétablissement de son malheureux
543 2157 1625 2226 époux, et lui présentant leur fils nouveau-né, elle
540 2219 1617 2290 stimula son énergie, et l’exhorta à combattre York.
546 2254 1618 2335 Les deux armées se rencontrèrent à Saint-Albans :
543 2306 1624 2387 Henri, dont le caractère était plein de mansuétude et
538 2359 1629 2445 de douceur, fit demander à son cousin s'il voulait la
543 2405 654 2486 paix :
577 2482 1621 2540 — Mon attachement à la personne sacrée du roi est
531 2518 1615 2585 inviolable, répondit le duc d'York; c'est à Sommer¬
539 2575 1618 2651 set que je fais la guerre. Que le roi me livre ce traî¬
533 2622 1613 2716 tre, et je poserai les armes. — Plutôt que d’abandon¬
533 2678 1618 2763 ner mes fidèles ministres ou aucun de mes amis, je
533 2730 1622 2814 suis prêt à mourir pour les défendre, répondit le
542 2781 871 2851 généreux Henri.
581 2843 1621 2937 Le combat s’engagea; il fut court et malheureux
531 2891 1611 2966 pour la Rose rouge, emblème de la maison de Lucas¬
527 2954 1619 3030 tre. La bannière d’York portait la Rose blanche. Le
531 3007 1614 3089 roi fut blessé et fait prisonnier, ses meilleurs amis
528 3055 1621 3128 furent tués dans le combat ou massacrés sur le champ
524 3113 1618 3191 de carnage, et le duc d’York fit ratifier, par Henri
527 3177 1611 3236 et par les pairs du royaume, sa nomination au pro¬
529 3222 1619 3302 tectorat. Marguerite rejoignit son époux, et, agissant
525 3291 1611 3355 avec beaucoup de prudence, elle ne parut plus s'oc¬
525 3327 1606 3421 cuper des affaires publiques. Les soins que récla¬
522 3372 1614 3467 maient l'enfance de son fils et la santé de son mari
527 3432 1613 3520 semblaient l'absorber tout entière; mais par ses se¬
524 3494 1615 3589 crètes conférences avec les princes survivants de la
516 3553 1617 3642 maison de Lancastre et avec les seigneurs attachés à la
522 3609 1615 3694 rose rouge, elle réveillait l'ardeur de son parti. Les
516 3656 1603 3746 choses allèrent de la sorte jusqu’en 1456. La chambre
1720 189 2806 278 des pairs était assemblée. Tout à coup, elle vit paraî¬
1724 267 2812 350 tre Henri VI, rétabli de la blessure qu’il avait reçue à
1726 311 2806 378 Saint-Albans, et ne portant aucune trace de ses an¬
1722 359 2803 440 ciennes maladies; il entra solennellement, prit place
1720 413 2804 501 sur le trône et dit avec dignité : « Milords, vous
1724 479 2803 562 voyez votre roi, à qui le Seigneur a daigné rendre
1722 516 2799 606 les forces et la santé. Le royaume n'a plus besoin de
1717 584 2793 662 protecteur, et les intérêts du gouvernement ne peu¬
1717 640 2796 701 vent être mieux placés qu'entre les mains du souve¬
1710 683 2803 757 rain. Je vous requiers donc de retirer au duc d'York
1715 738 2807 813 le titre de protecteur, en vertu duquel il gouverne le
1710 788 1953 864 royaume. »
1762 841 2797 911 Ces paroles, l’état lucide de Henri ne laissaient au¬
1713 897 2797 969 cun prétexte à un refus. Le Parlement le reçut comme
1714 967 2800 1028 son roi, l'autorité fut retirée au duc d'York, et pen¬
1720 998 2801 1076 dant deux années, Henri et Marguerite régnèrent au
1710 1065 2316 1126 milieu d’une paix apparente.
1757 1109 2792 1181 Mais l’Angleterre était profondément divisée; cha¬
1714 1167 2797 1240 que ville, chaque village, chaqne famille, se parta¬
1713 1219 2797 1292 geaient pour la rose rouge ou la rose blanche, et
1714 1281 2795 1344 discutaient les droits que les deux branches rivales
1704 1334 2797 1407 avaient à la couronne. Un prétexte ralluma la guerre,
1710 1392 2796 1459 et Henri fut vaincu encore une fois à Northaupton;
1714 1436 2797 1510 une seconde fois il fut amené prisonnier à Londres et
1704 1486 2790 1563 relégué dans les moindres appartements de son pa¬
1707 1539 2788 1621 lais. Les vœux du duc d’York étaient manifestes,
1706 1600 2785 1665 mais le Parlement ne les seconda point, et l’autorité
1704 1641 2287 1717 nominale demeura à Henri.
1755 1699 2790 1774 Pendant ce temps, Marguerite avait trouvé un re¬
1711 1751 2800 1831 fuge dans une forteresse du pays de Galles. Là, par
1703 1810 2793 1866 son énergie, son mâle courage, le charme tout-puis¬
1707 1865 2788 1929 sant de son éloquence et de ses malheurs, elle ras¬
1707 1916 2793 1981 sembla une nouvelle armée, la conduisit vers le nord
1706 1968 2793 2028 et vint offrir le combat au duc d'York, sous les rem¬
1710 2031 2796 2093 parts de la ville d’York même. Soldat et général à
1706 2080 2796 2131 fois, elle disposa si habilement ses troupes et les
1706 2132 2790 2180 exhorta avec un langage si pénétrant, qu'en une de¬
1704 2186 2785 2252 mi-heure elle remporta la plus éclatante victoire. Le
1709 2234 2786 2298 duc d'York fut trouvé parmi les morts, et Margue¬
1699 2286 2790 2361 rite put croire, devant le cadavre de son ennemi, que
1704 2330 2191 2407 l’avenir lui appartenait.
1743 2383 2792 2464 Elle avança sur Londres et arriva à Saint-Albans,
1706 2438 2785 2509 où elle avait été vaincue une première fois. Warwick
1717 2500 2786 2559 y était avec des troupes de la rose blanche ; il avait
1704 2553 2781 2614 traîné avec lui Henri VI, qui se tenait tristement
1706 2603 2789 2671 assis dans sa tente. Marguerite combat et triomphe;
1706 2657 2788 2721 elle court, ivre de joie, vers son mari, elle lui pré¬
1706 2718 2788 2775 sente son fils, et le roi embrasse avec des transports
1707 2763 2785 2826 de joie cette épouse courageuse et l’enfant qu’elle lui
1696 2817 2792 2891 rend. Il proclame devoir à Marguerite sa couronne et
1704 2862 1898 2926 sa liberté.
1750 2918 2793 2993 Mais le fils du duc d'York, Edouard, vivait; beau,
1707 2966 2790 3043 jeune, éloquent, persuasif, il gagnait les cœurs, et
1711 3037 2788 3088 pendant que Henri et Marguerite se réjouissaient
1703 3087 2789 3155 de leur triomphe, ses partisans le proclamaient roi,
1699 3136 2258 3202 sous le nom d’Édouard IV.
1740 3198 2775 3254 Ainsi les efforts de Marguerite étaient vains; Hen¬
1703 3251 2782 3301 ri VI était dépouillé, une guerre interminable allait
1693 3303 2785 3361 s'ouvrir; pourtant, elle ne perdit pas courage. En
1703 3361 2770 3414 quelques jours elle a réuni soixante mille hommes :
1703 3410 2773 3460 elle est prête à livrer bataille, et elle rencontre à
1699 3456 2774 3523 Towton l’armée ennemie; la courageuse reine est
1706 3527 2769 3595 vainque et contrainte à fuir. Edouard IV est cou¬
1693 3567 2770 3648 ronné à Westminster. Cette dernière et funeste nou¬
1706 3621 2767 3704 velle aiguillonne le courage de Marguerite; elle tra¬
1704 3675 2767 3757 verse la mer au milieu d’une horrible tempête, ob¬
