2959 4075
1679 108 1849 199 210
614 187 1687 271 est devant vous, c'est une amie qui n'a d'autre re¬
622 265 1694 331 proche à vous faire, peut-être, que d'avoir manqué de
615 307 829 374 confiance.
715 364 1688 424 Chère cousine, il est des fautes qu'on ose à peine
610 412 1683 500 s’avouer à soi-même : qu’est-ce donc s’il faut les con¬
608 461 986 543 fesser tout haut !..
720 518 1687 588 Mauvais raisonnement. Qu’importe de les dire
608 569 1665 638 tout haut aux hommes, puisque Dieu les a vues ?.. »
657 622 1686 698 Henri releva la tête et dit en rendant l'énergie à sa
611 681 895 757 physionomie :
655 709 1680 798 « Eh bien ! oui, vous saurez tout à l'instant même.»
655 790 1676 850 Il exposa alors les faits sans rien omettre, sans cher¬
600 832 1677 900 cher à s’excuser; en un mot, il parla en gentilhomme
601 881 949 946 et termina ainsi :
640 944 1683 1000 « Mon chagrin a redoublé par cette pensée qu'en
596 989 1677 1054 étant obligé de mettre ici M. de la Morandière en notre
599 1038 1682 1103 lieu et place, je ne vous saurai plus dans cette re¬
597 1096 1572 1171 traite dont tout à l’heure vous vantiez le calme.
689 1143 1671 1216 Ne vous préoccupez pas de moi, mon cousin.
588 1174 1673 1278 Cette conversation aura besoin d'être complétée par un
596 1260 1667 1323 entretien que je vous demande à tous deux, messieurs,
607 1319 1669 1379 pour demain matin à dix heures. Jusque-là, laissons
591 1347 1668 1429 ce sujet et allons souper le plus tranquillement pos¬
589 1426 1399 1482 sible. Justement on vient nous prévenir.
641 1469 1564 1549 Un valet parut et dit en ouvrant les battants :
640 1518 1103 1600 « Madame est servie. »
1091 1635 1174 1713 IV
832 1742 1402 1853 LE LIVRE DES AFFLIGÉS.
626 1844 1662 1964 Il était de bien bonne heure encore, le lendemain,
576 1945 1653 2013 quand mère Jacques se présenta à la grille du châ¬
577 1997 1652 2062 teau, demandant avec instance à voir madame la vi¬
580 2035 1660 2121 comtesse. La brave femme avait fait la route, appuyée
576 2092 1656 2166 d’une part sur son bâton, de l’autre sur le bras de
586 2152 1657 2224 Tiennette; et malgré son âge avancé, elle n’avait pas
581 2201 1652 2267 senti la moindre fatigue, soutenue qu’elle était par la
585 2258 1387 2331 préoccupation qui remplissait son cœur.
618 2314 1650 2389 On lui représenta qu'il était assez étrange de dé¬
577 2370 1653 2444 ranger si tôt les gens, et que probablement madame
567 2411 1331 2481 de Montclair n’était pas encore levée.
612 2485 1650 2547 « Oh! que si fait, dit Jacques. Je connais ses ha¬
569 2505 1646 2594 bitudes; il n’y a pas d’aucun, pas même le coq, pour
559 2582 1650 2657 avoir sa
567 2624 1519 2707 C'est pour me faire aller que vous me dites ça.
681 2680 1561 2752 Eh bien donc, entrez, mère Jacques. »
611 2733 1650 2827 Comment exprimer la joie que ressentit la vieille
569 2790 1642 2863 paysanne, lorsqu’elle se vit dans le joli petit apparte¬
570 2842 1646 2914 ment de la vicomtesse ! Car, si elle aimait Henri de
565 2887 1641 2970 Verville, elle n’aimait peut-être pas moins Dione de
561 2943 1653 3022 Montclair. L'attachement que l'un lui inspirait s'était
562 3003 1641 3067 porté sur l’autre par cette force d’expension qui fait
555 3063 1642 3135 aimer tout ce qui est utile à ceux qu'on chérit. Et
562 3101 1636 3171 puis, dans le pays, on vénérait tant cette jeune femme
556 3169 1635 3243 qui, éprouvée par le sort, n’avait voulu faire que des
558 3213 743 3276 heureux !
597 3244 1641 3348 En pénétrant au seuil de la chambre à coucher,
547 3326 1638 3398 mère Jacques s’arrêta tout interdite. Elle venait
552 3366 1630 3460 de voir la vicomtesse occupée du soin de serrer dans
562 3434 1631 3513 une malle une foule d'objets à son usage. L'idée lui
559 3475 1630 3562 vint tout de suite que Diane songeait à voyager, à
558 3531 1630 3615 partir... Et à peine, en face d'une impression si pé¬
546 3584 1536 3677 nible, se souvint-elle d'abord du but de sa visite.
586 3628 1632 3734 Diane avait, au bruit des pas, relevé la tête et en¬
1781 195 2852 281 trevu dans la glace de sa toilette le visage de Jacque¬
1776 270 2853 345 line et de sa fille. Elle leur adressa un sourire dans
1782 316 2853 408 cette même glace, se retourna, et, avant de les écouter,
1777 371 2838 442 voulut les faire asseoir. Jacqueline se tuait de dire :
1814 427 2853 500 « Ne faites pas attention, madame la vicomtesse; je
1774 469 2246 532 ne suis pas fatiguée. »
1812 520 2848 601 Il fallut qu'elle s'assît. Alors, seulement, elle put
1765 573 2006 642 s'expliquer.
1812 642 2839 716 « Dame, dit-elle, ça va vous paraître bien innocent,
1765 694 2842 764 m’dame la vicomtesse, mais je n’ai pas pu m’en em¬
1774 749 2848 821 pêcher, et je m'étais promis de venir ici dès le petit
1773 795 2854 900 point du jour. Je serais venue plus tôt si j'avais
1766 844 1849 907 osé.
1870 899 2848 982 Qu'y a-t-il donc, ma bonne? et qu'est-ce qui vous
1767 946 2003 1017 agite ainsi ?
1806 1011 2217 1068 — Je ne sais pas. »
1812 1062 2835 1133 Diane se mit à rire, mais avec une bonté tout in¬
1762 1107 1960 1178 dulgente.
1803 1163 2841 1240 « Si fait, je le sais, et je m'en vas vous le dire.
1759 1218 2842 1302 Tant il y a qu’hier, comme nous faisions la veillerie,
1758 1283 2835 1354 et que M. Henri voulait bien manger de notre gâ¬
1755 1332 2834 1403 teau, v’là qu’un homme étranger s’est présenté à no¬
1757 1386 2845 1462 tre porte, juste pour prendre la part du pauvre. Il a
1759 1435 2837 1506 demandé de causer avec notre jeune seigneur, et ils
1746 1489 2833 1567 sont partis ensemble. Pancal, qui les a suivis de loin,
1750 1540 2833 1617 m’a dit au retour qu’il serait bien possible que cet
1755 1597 2835 1671 étranger fût le diable, parce qu'il croit avoir vu de
1752 1646 2838 1724 loin qu'il avait une forme tortue, et que tantôt il gran¬
1747 1707 2835 1766 dissait comme un peuplier, tantôt il se rabougrissait
1754 1751 2833 1822 comme un buisson d’épines; et puis, à la croix des
1755 1803 2841 1875 haies, Pascal a cru distinguer un faulaux (1).... Je
1755 1855 2837 1926 viens donc savoir ce qui est arrivé. Je n'en ai point
1751 1907 2258 1975 dormi, foi de Jacques.
1797 1975 2372 2033 — Ni moi, foi de Tiennette !
1789 2028 2830 2088 — Rassurez-vous, dit la vicomtesse. L'étranger que
1737 2076 2834 2142 Pancal a suivi n'est pas le moins du monde un esprit
1732 2123 2823 2192 malin et n’a nullement envie de l’être : c’est un
1740 2179 2824 2258 homme de condition... que mon cousin a connu à
1740 2231 2826 2295 Paris et qui vient passer quelque temps au château. »
1785 2286 2778 2376 Jacqueline resta muette devant cette explication.
1780 2340 2820 2463 « Ne me croyez-vous pas? reprit la vicomtesse d'un
1729 2402 2037 2477 air mécontent.
1837 2445 2819 2535 Pardon, madame la vicomtesse; si fait que je
1740 2516 2805 2588 vous crois. Mais malgré le plaisir que j’ai d’appren¬
1729 2571 2812 2652 dre qu’il n’y-a pas de risque pour mon fieu, je n‛ai
1742 2618 2284 2691 pas idée que ça finira bien.
1860 2661 2807 2741 Tranquillisez-vous, Jacqueline, et souvenez-
1732 2722 2812 2798 vous de ce que je vais vous dire. Bientôt, peut-être,
1732 2773 2812 2846 aurai-je à vous apprendre une chose dont vous êtes à
1736 2831 2813 2933 cent lieues de vous douter. Ce sera la meilleure
1729 2883 2657 2953 preuve d'estime que je puisse vous donner. »
1769 2942 2808 3014 Après avoir ainsi rassuré et congédié cette brave
1722 2989 2815 3066 femme, la vicomtesse descendit au parc. Elle tenait
1722 3048 2808 3115 à la main le livre du recteur. Son simple continue du
1722 3094 2803 3173 matin lui donnait une grâce infinie. Diane s’achemina
1716 3145 2808 3227 lentement vers un banc de pierre attenant à un petit
1717 3208 2805 3287 mur à hauteur d’appui et abrité par quelques arbres
1720 3257 2807 3336 du nord à l'éternelle verdure. Là, absurdée par la
1725 3323 2800 3407 pensée, elle s'assit et essaya de lire.... Les lignes
1722 3373 2804 3463 fuyaient sous ses yeux pleins de larmes... Cependant
1720 3418 2801 3517 elle se reprocha sa faiblesse, et laissant tomber sa
1762 3622 2800 3688 (1) Gaz inflaminable qui se fait apercevoir au-dessus des
1710 3675 1927 3746 marécages.
