2897 4318
1155 290 1328 374 217
154 396 1235 457 beer, ont classé ces deux compositeurs dans un rang
157 444 1153 505 élevé sans doute, mais inférieur à celui que doit
162 498 1230 559 cuper Rossini, auteur de Guillaume-Tell, de Moïse, du
157 559 1238 609 Siège de Corinthe, etc., etc. Entre les musiciens dont
162 607 1224 670 les productions ont enrichi la scène de l'Opéra-Comi¬
159 678 1227 733 que, les plus remarquables sont Monsigny, Philidor
162 718 1230 785 Grétry, Dalayrac, Méhul, Nicolo, Berton, Boiëldieu,
154 769 1234 825 Auber, Adam, Hérold, Halévy; leurs compositions
157 836 800 880 sont connues de tout le monde.
195 869 1230 938 La musique de chambre ou de concert consiste dans
157 923 1227 987 les divers morceaux destinés à être exécutés dans les
150 995 1227 1047 salons, tels que les sonates, concertos, fantaisies,
154 1042 1227 1105 duos, trios, quators, quintettes pour les instruments;
154 1090 1217 1156 les cantates, romances, chansonnettes, nocturnes,
154 1149 1227 1206 duos, trios, etc. pour les voix. C’est un genre de
154 1205 1227 1271 composition d’un ordre inférieur aux précédents,
159 1256 1227 1314 mais où plusieurs auteurs se sont fait néanmoins un
150 1313 1216 1365 nom distingué. On comprend encore sous cette déno¬
154 1367 1224 1415 Dination générale les airs, duos, et autres morceaux
162 1415 1214 1474 extraits des opéras joués sur les théâtres et dont l’ac¬
154 1464 963 1532 compagnement est réduit pour le piano.
195 1512 1210 1583 La symphonie, dont la coupe est, avec des dévelop¬
148 1569 1227 1647 pements plus étendus, absolument la même que celle
1316 369 2418 482 de la sonate ou du quatuor d’instruments à cordes,
1318 435 2415 521 est un morceau de musique composé pour un or¬
1317 510 2412 579 chestre et divisé ordinairement en quatre parties dis¬
1316 563 2418 631 tinctes, séparées entre elles par des repos. Ces
1318 604 2412 685 quatre parties sont : l’allégro, ou morceau d’un mou¬
1317 661 2408 725 vement vif, souvent précédé d'une courte introduc¬
1317 725 2418 785 tion d’un rhytme plus grave; 2° l’andante ou adagio,
1311 778 2423 850 morceau plus ou moins lent dont la forme varie;
1324 825 2418 887 3° le menuet à trois temps et d'un mouvement ra¬
1317 877 2425 944 pide ; c’est le plus court des quatre morceaux dont
1314 937 2422 1002 se compose la symphonie; sa forme ne varie jamais;
1311 994 2425 1047 4° le presto, rondeau ou final. Cette dernière partie
1313 1037 2418 1115 est toujours celle dont le rhytme est le plus vif; le
1311 1094 2407 1166 compositeur y déploie toutes les forces de l'orchestre.
1311 1149 2418 1213 Nous aurions pu comprendre la symphonie sous le
1311 1212 2408 1286 titre général de musique de concert, mais son im¬
1306 1256 2412 1327 mense développement nous a prescrit d’en faire un
1311 1310 2409 1389 guerre à part. Les concerts du Conservatoire nous
1309 1375 2413 1431 ont fait connaître le charme et l’étendue de ce genre
1299 1421 2409 1490 de compositions, dans lequel ont excellé Haydn, Mo¬
1293 1478 1935 1542 zart, et avant tout Beethoven.
1899 1525 2272 1598 MARIE LASSAVEUR.
865 1817 1645 1931 Revue Musicale.
175 2049 1212 2118 Déjà on n’entend plus que les échos affaiblis des opéras
141 2113 1210 2174 et des concerts. La faurette chante sous les buissons; les
134 2156 1213 2219 fleurs s’entr’ouvrent dans les prés verts ; les Parisiens se
139 2196 1206 2271 sauvent du tumulte de la ville, pour aller demander à la cam¬
143 2246 1199 2318 pagne un peu de calme, de fraîcheur et de recueillement.
134 2296 1214 2352 Aussi les théâtres ne nous donnent-ils dans ce moment que
143 2336 1202 2411 les ouvrages dont un public nombreux ne peut apprécier la
140 2379 1209 2458 valeur. C’est assez dire que les administrations qui gardent
134 2441 1199 2509 toujours dans leurs archives quelques compositions médio¬
140 2477 1202 2549 cres, profitent du départ des bilettanti pour faire paraître
136 2526 1200 2599 au grand jour ce qu’en langage de boutique on appellerait
143 2581 1206 2642 des rossignols. Les grands artistes vont prendre leur vol
143 2624 1206 2692 vers des rivages lointains ; les auteurs iront demander à la
136 2680 1205 2746 nature des inspirations pour des œuvres nouvelles, et le
137 2723 1205 2795 combat cessant faute de combattants, nous supprimerons
137 2759 1200 2847 pendant quelques mois la Revue Musicale au profit de l'ar¬
140 2804 414 2870 t Près J ud le ducation.
166 2863 1195 2935 Les Dames capitaines, opéra comique en trois actes, pa¬
128 2904 1192 2978 roles de M. Mélesville, musique de M . Reber, nous trans¬
134 2957 1192 3033 portent à l’époque singulière et chevaleresque de la Fronde.
128 3007 1192 3086 Mais les profils historiques que nous y aurions voulu voir,
130 3044 1182 3143 mesdames de Longueville, de Chevreuse, de Condé, n’y pa¬
137 3089 1189 3191 raissent pas. Par l’absence des personnages qui, dans ces
134 3141 1188 3229 temps d'intrigues, ont joué les rôles les plus importants,
137 3179 1191 3273 l’action dramatique de l’œuvre perd tout son intérêt, et nous
137 3229 1184 3323 n’écoutons qu’avec fatigue ce bruit incessant de timbales,
134 3270 1182 3374 de tambours et de trompettes qui caractérisent l’opéra nou¬
143 3320 237 3369 veau.
172 3363 1192 3477 L'ouverture a toutes les allures de la fanfare. De là nous
137 3410 1191 3507 passons à une introduction soldatesque dont la jolie chan¬
128 3456 1187 3570 sonnette de Sainte-Foy nous distrait agréablement. Il y a
130 3500 1189 3621 de charmantes phrases dans le rondeau de Gaston : Cette
134 3560 1189 3662 usage que j'adore, dont Barbot dit bien le début en voix
122 3600 1184 3708 mixte. Puis reviennent encore des couplets militaires, ce
134 3646 1182 3758 qui donne à cette partie de l'acte je ne sais quoi de tapa¬
126 3711 1184 3797 geur et de brutal qui sent trop la caserne. Heureusement le
130 3748 1177 3855 final, dont l’ordonnance est magistrale et la péroraison en¬
129 3784 1176 3909 traînante, nous ramène à un ordre d’idées plus poétiques,
129 3826 804 3922 et surtout plus approprié au bon goût.
1334 2056 2384 2151 C’est un chœur de femmes qu ouvre le deuxième acte.
1292 2103 2395 2192 Le rhythme n’est pas sans originalité. Les couplets de ma¬
1293 2171 2395 2240 dame Bichof : On m’appelle Jeannette, ont obtenu un succès
1293 2217 2394 2303 de bon aloi. Mais le meilleur morceau de l’acte, et j’oserai
1293 2271 2389 2343 dire de tout l’ouvrage, est le dialecte allegretto entre Cou¬
1295 2318 2389 2391 derc et madame Duprez ; il y a là une verve, un esprit,
1296 2375 2391 2443 une chaleur qui rappellent bien l’auteur du Père Gaillard,
1286 2423 2384 2480 et cette musique de demi-caractère qui convient parfaite¬
1281 2463 2394 2534 ment au genre de M. Reber. La romance de Barbot avec
1293 2512 2389 2584 accompagnement de harpe ne manque ni de sentiment ni
1288 2567 2384 2628 d’expression; une scène de nuit avec sourdine prépare le
1286 2616 2386 2693 final de cet acte, qui nous a paru être le moins faible de la
1288 2648 1404 2710 pièce.
1328 2700 2383 2779 Un chœur de fête commence le troisième acte. Les cou¬
1292 2742 2382 2831 plets de madame Duprez sont d’un assez bon effet. Un trio
1286 2804 2377 2882 en localise entre Gaston, la duchesse et madame d’Haute¬
1285 2845 2382 2928 roche, une romance de Barbot : Pour être aussi coupable,
1282 2903 2382 2969 qui rappelle l’air si connu d’Une fièvre brûlante, et pour
1281 2929 2383 3019 finir, une joyeuse polka, thème favori de l’opéra, voici en
1284 2997 2382 3064 quelques mots l’ouvrage de deux hommes de talent, dont
1282 3050 1989 3108 nous avions le droit d’attendre mieux.
1320 3100 2375 3180 Les Nuits d'Espagne, de MM. Michel Carré et Théophile
1281 3136 2294 3208 Semet n'ont pas eu plus de succès au Théâtre-Lyrique.
1316 3191 2369 3256 Il y a dans cette musique tous les éléments d’un ouvrage
1277 3233 2362 3302 infiniment remarquable; une ouverture élégante et neuve,
1275 3274 2365 3356 bon nombre de morceaux d’une distinction remarquable,
1277 3337 2368 3405 une orchestration savante, des modulations charmantes,
1277 3374 2364 3448 enfin un goût original et pur; mais le libretto est si faible,
1270 3431 2368 3492 si vulgaire, que malgré tout le talent de M. Semet, il
1274 3471 2321 3546 n'a pu faire un opéra sur cette misérable donnée. Aus
1268 3531 2365 3597 la pièce n’est-elle qu’un assemblage bizarre et sans suite
1274 3579 2362 3646 de toutes sortes de motifs tantôt élégiaques, tantô t violents,
1274 3621 2365 3701 dont l'auditeur est plus surpris que charmé. Nous signale¬
1273 3669 2365 3746 rons dans le premier acte un beau sextuor, deux romances
1274 3712 2366 3809 expressives, et le boléro de l'alcade, chanté par mademoi¬
1264 3751 1505 3812 selle Girard
1310 3798 2362 3883 Dans le second acte, un morceau d’ensemble, Voici le
1264 3863 2357 3933 soleil qui se lève, a été très-applaudi. Froment et made¬
1256 3893 2357 3991 moiselle Girard ont ensuite chanté un duo plein de verve
