2897 4318
1184 259 1293 354 317
202 354 1190 419 Quant à la monture de ce tapis, elle est aussi sim¬
162 416 1202 477 ple que l’ouvrage lui-même : sous les raies à jour, on
154 458 1200 535 place un transparent de percaline vert d’eau; le reste
157 508 1202 606 du tapis est doublé d’une thibaude, recouverte de
158 576 351 636 percaline.
198 621 1201 673 35, BONNET FANCHON. J'avais espéré pouvoir t'envoyer
150 669 1200 730 avec ce croquis, un patron et un dessin pour faire ce
157 722 1190 786 bonnet; mais faute de place, j’ai dû remettre ce tra¬
153 775 692 855 vail à un prochain numéro.
196 831 1194 894 36, VALOTTE GRECQUE. Elle se fait au crochet en cor¬
142 878 1198 935 donnet de soie noir ou de couleur; ce crochet, qui est
148 931 1194 984 à jour, se place sur un transparent de même couleur
145 983 1201 1037 ou d’une neance tranchante, telles que gros vert, gros
148 1033 749 1099 bleu, pensée, sur taffetas noir.
145 1134 1194 1200 MANIÈRE DE COLORIER LES FLEURS EN PAPIER.
190 1234 1188 1305 De quelque manière qu’on veuille colorier, il faut
142 1303 1200 1363 commencer par mouiller le papier, excepté pour les
154 1347 1188 1408 panachures proprement dites, qu’on fait ordinaire¬
142 1396 384 1463 ment à sec.
190 1492 1180 1547 Coloriage en bleu. — Supposons une jacinthe à co¬
136 1551 1188 1608 lorier en bleu nuancé. Sur une serviette repliée en
138 1601 1188 1655 quatre au moins, on rangera les différentes parties de
136 1655 1188 1714 la jacinthe par coupes de huit morceaux ou de douze
136 1705 1192 1784 au plus; puis, avec une fine éponge trempée dans
137 1754 1190 1827 l'eau, on mouillera bien toutes ces coupes. On mettra
134 1811 1185 1875 dans une soucoupe un peu de bleu (ce bleu se trouve
134 1855 1192 1921 chez tous les marchands d’apprêts) avec une égale
138 1918 1190 1971 quantité d'eau, et l'on y plongera les coupes une à
144 1970 1190 2027 une en les tenant avec la pince et en ayant bien soin
141 2020 1188 2071 de ne pas déranger les morceaux. En les retirant du
134 2064 1169 2124 bain, on les placera sur du papier brouillard gris
136 2116 1188 2176 blanc parfaitement propre, et on appuiera avec un
138 2165 1185 2225 pinceau pour faire pénétrer la couleur et détruire
138 2222 1181 2281 les balles d’air, s’il-s’en était formé. Cette première
138 2269 1178 2329 opération terminée, on mettra quelques gouttes de
133 2325 1178 2398 bleu pur dans un godet ou dansun verre à liqueur, et,
136 2387 1180 2439 avec un pinceau, on en teindra le contour des dents.
136 2426 1178 2491 Il faut appliquer le bleu foncé des deux côtés de cha¬
142 2486 1172 2554 que coupe et appuyer avec le pinceau à plusieurs re¬
136 2534 992 2597 prises, pour faire bien pénétrer la couleur.
170 2576 1176 2649 Si l'on voulait imiter la jacinthe que les horticul¬
129 2624 1180 2692 teurs appellent Lord Nelson, et qui est blanc nuancé
133 2680 1181 2745 de bleu clair, après avoir mouillé les coupes, on les
136 2744 1180 2798 poserait sur le papier brouillard et on ferait avec le
138 2792 1140 2856 bleu étendu d'eau ce qu'on a fait avec le bleu pur.
177 2841 1174 2907 On fait de la même manière des liserons bleus,
124 2890 1178 2959 mais ceux qui sont blancs dans le fond ont le bord
122 2934 1180 3015 non bleu clair, mais bleu foncé s'affaiblissant par
132 2991 1173 3070 degrés. Pour obtenir cette dégradation, on thempe
125 3048 1169 3120 d’abord dans du bleu clair toute la partie colorée,
132 3094 1178 3175 puis on trempe le bord dans du bleu pur. On met du
129 3153 982 3223 jaune avec un pinceau au fond du liseron.
177 3245 1170 3322 Coloriage en jaune. — On ne colorie guère en jaure
137 3312 1173 3374 que l’onglet des pétales et l‘on suit le même procédé
134 3348 1176 3425 que pour la couleur bleue. Il faut avoir une bouteille
136 3409 1169 3473 de jaune fin, en mettre quelques gouttes dans de
122 3442 1169 3538 l’eau et en prendre avec un pinceau pour en colorier
132 3495 1177 3575 les pétales mouillés. Avec quelque couleur que l'on
130 3570 1174 3630 opère, il faut avoir grand soin de disposer les coupes
130 3611 1169 3687 sur le papier brouillard, de telle sorte qu’elles ne
132 3658 876 3745 puissent se tacher les unes les autres.
1337 329 2334 436 Coloriage en violet. — On obtient le violet en ver¬
1285 415 2341 484 sant sur des cocons de cette couleur un mordant
1286 464 2345 545 préparé exprès. On presse les cocons avec une petite
1285 525 2341 595 cuillère ou une lame de bois pour en extraire tout le
1281 579 2341 644 liquide ; il ne faut pas mettre de métal dans cette
1285 629 2342 700 couleur. Pour avoir du violent plus clair ou du lilas,
1286 670 2335 739 on ajoute plus ou moins d'eau. Il est inutile de répé¬
1285 728 2338 790 ter comment on emploie la couleur, le procédé est
1285 775 1645 849 toujours le même.
1322 846 2339 943 Coloriage en vert. — On met dans de la couleur
1275 924 2343 996 jaune quelques gouttes de bleu fin, ce qui produit un
1286 988 2338 1048 vert assez foncé. Si l'on voulait du vert plus clair, on
1275 1031 2339 1103 étendrait de plus ou moins d'eau. Le vert, comme le
1279 1087 2331 1156 jaune, ne sert d’ordinaire qu’à colorier l’onglet des
1285 1150 2335 1210 pétales. Il y a des jacinthes et des fuchsias qui ont la
1287 1201 2330 1257 pointe des dents vertes. Les fleurs blanches à cœurs
1282 1256 2172 1326 verts sont en général d’une grande fraîcheur.
1317 1313 2322 1410 Coloriage en cerise. — Les procédés pour colorier
1270 1402 2322 1451 en cerise, quelle qu'en soit la neance, sont plus diffi¬
1277 1451 2329 1510 ciles et plus longs que pour les couleurs précédentes.
1273 1499 2334 1572 Si, par exemple, on voulait avoir une de ces jolies
1273 1548 2324 1615 roses de l’Inde cerise foncé à cœur blanc, on mouil¬
1274 1605 2322 1665 lerait les coupes comme il a été dit, puis on les pren¬
1269 1657 2320 1730 drait une à une pour les tremper dans du rose végé¬
1270 1709 2333 1772 tal pur, en serrant fortement entre les doigts la partie
1274 1769 2329 1823 qui doit rester blanche, afin que la couleur n’y puisse
1270 1815 2326 1869 pénétrer. A mesure qu’on les sort de la couleur, on
1267 1867 2326 1928 les pose sur le bord d’une soucoupe, le blanc en haut,
1274 1919 2326 1979 pour empêcher le rouge de descendre. On appuie
1265 1974 2328 2034 avec le pinceau pour faire prendre la couleur et l'on
1270 2026 2320 2088 met trois ou quatre coupes les unes sur les autres, en
1265 2080 2321 2139 ayant soin que le rouge ne touche pas le blanc. On
1267 2129 2320 2187 emplit trois verres d'eau pure, on met dans l'un deux
1267 2180 2317 2232 cuillerées de crème de tartre, dans un autre une
1269 2229 2316 2285 cuillerée seulement, dans le troisième verre on ne
1267 2277 2317 2338 met rien. Au bout de deux heures, on rince les
1267 2331 2310 2387 coupes en les plongeant, toujours une à une, d’a¬
1261 2383 2322 2446 bord dans le verre où l’on a mis deux cuillerées de
1267 2443 2317 2496 crème de tartre, puis dans celui qui n’en a eu qu’une,
1267 2490 2310 2543 enfin dans le verre d’eau pure. Il faut faire cette opé¬
1258 2540 2317 2591 ration avec précaution, de crainte de déranger les
1274 2582 2314 2652 pétales, qu’on peut à peine toucher sans les déchirer
1274 2633 2310 2701 quand ils sont mouillés. En les sortant de l’eau, on
1267 2692 2317 2754 les étend sur le papier brouillard, et quand ils se sont
1258 2752 2314 2810 un peu ressuyés, on met à l’onglet une toute petite
1265 2800 1576 2866 pointe de jaune.
1302 2846 2305 2902 Pour toutes les pluances, depuis la plus foncée jus¬
1258 2902 2308 2961 qu’à la plus claire, le rinçage est indispensible.
1267 2961 2310 3012 Quand on ne veut qu’un bord plus ou moins large
1258 3010 2308 3054 autour des pétales, on le met au pinceau, et puis on
1258 3050 2312 3116 rince. Si la neance était très-claire, on ne rincerait
1258 3098 2308 3177 que dans deux verres : un avec crème de tartre, un
1252 3163 1487 3231 d’eau pure.
1298 3197 2309 3274 Pour obtenir la Dirance carnée, après avoir teint en
1253 3260 2308 3332 rose très-clair, on plonge dans un verre d'eau où l'on
1252 3302 2305 3369 a mis quelques gouttes de jaune. Si le rose et le jaune
1262 3361 2293 3434 étaient un peu moins clairs, on aurait la Dirance sau¬
1258 3406 2258 3474 monnée. On rince avant de tremper dans le jaune.
1297 3446 2308 3521 La neance mauve est produite par le rose plongé
1258 3510 2309 3579 dans le bleu. Pour que le mauve soit joli, il faut que
1253 3570 2014 3628 le rose, comme le bleu, soit très-clair.
1294 3611 2298 3677 Il y a du vert, du jaune, du blanc et du brun pré¬
1256 3680 2314 3751 parés pour prendre sur toutes les couleurs. On s'en
1246 3717 1815 3805 sert pour panacher et picter.
