2897 4318
1241 257 1367 359 307
213 358 1257 430 une plus heureuse dans les quatre parties du monde.
303 424 1260 473 Je n'en doute pas, mon garçon; mais il faut que
213 467 1262 533 Rose y consente. En attendant qu’elle se décide, je
213 525 1123 591 verrai ton père et nous causerons de tout cela.
315 585 1260 638 Oh oui, parlez-en à mon père, car il est pour
207 624 1257 685 moi comme vous êtes pour votre fille : il veut tout ce
218 681 1261 741 que je veux, et tout ce qu’il désire c’est que je sois
207 737 1257 786 heureux ; et je ne puis l’être qu’à la condition que
213 782 1260 854 j'épouserai mademoiselle Rose. Dites donc, mon bon
213 839 1260 896 monsieur Mirande, vous lui parlerez un peu pour moi
210 888 1261 952 à votre fille, n’est-ce pas? Vous lui direz tout ce que
210 943 1254 999 je vous ai dit; je n’ose pas lui parler, moi; quand je
202 994 1260 1056 la vois, je suis tout je ne sais quoi; je l’entends qui
214 1049 1258 1104 vient, je me sauve; parlez-lui pour moi, mon bon
207 1093 626 1158 monsieur Mirande. »
254 1146 1254 1206 Et le pauvre garçon s'enfuit en courant du côté op¬
207 1204 1257 1257 posé à celui où l’on entendait la voix fraîche et
201 1261 1245 1313 gracieuse de Rose qui, après avoir été visiter les ou¬
211 1307 991 1359 vriers, revenait à la ferme en chantant.
242 1355 1252 1422 Jolie, vive, spirituelle, Rose n’avait qu’un défaut,
210 1403 1254 1466 celui de connaître trop bien tous ses avantages et d’en
202 1455 1252 1503 abuser pour tourmenter ceux qu'ils séduisaient. Son
210 1502 1254 1571 père, qui l’idolâtrait, essayait bien quelquefois de lui
202 1557 1236 1612 faire des remontrances, mais elle savait si bien le ca¬
213 1603 1245 1668 joler, le caresser, que le brave homme se laissait dé¬
207 1666 1254 1721 sarmer et finissait par lui pardonner en l’embras¬
210 1713 1254 1776 sant. Elle n'avait plus de mère et c'est un grand
206 1769 1248 1833 malheur pour une jeune fille; un père est ou trop
207 1819 1254 1882 sévère, ou trop indulgent; les deux excès ont leurs
205 1869 1249 1930 dangers. Une mère, au contraire, sait allier la dou¬
205 1926 1257 1971 ceur à la fermeté; elle obtient, par l'exemple, par la
209 1976 1254 2043 persuasion, ce que ne peuvent obtenir ni la colère,
202 2020 507 2083 ni les menaces.
245 2067 1257 2143 Rose accourait joyeusement, portant un bouquet
205 2127 1250 2192 de fleurs champêtres. Elle répétait en sautillant un
202 2168 521 2240 refrain du pays.
251 2221 1254 2294 « Oh, oh, dit maître Mirande, comme te voilà belle
205 2280 1041 2343 aujourd’hui, ma Rose; tu es toute fleurie.
318 2328 1257 2398 Vous ne savez donc pas, mon père, que c'est
209 2390 1250 2459 ce soir la fête aux Aubiers, et que je dois y paraître
210 2438 641 2502 dans tous mes atours.
317 2479 1254 2560 Tiens, tu as ma foi raison; c’est aujourd’hui la
202 2540 1250 2604 saint Augustin, la fête des Aubiers; dans ma jeunesse,
201 2584 1258 2663 j’y suis allé danser bien souvent, c’est une jolie fête.
311 2648 1254 2705 C’est la plus belle de vingt lieues à la ronde;
207 2688 1254 2756 vous comprenez bien, mon bon petit père, que je ne
213 2742 1238 2808 puis pas y manquer ; qu’est-ce qu‘on dirait si je n’
207 2797 1254 2870 étais pas ? Aussi, je vais me faire bien belle, je veux
202 2845 1248 2915 l’emporter sur toutes mes compagnes; je veux que là,
209 2901 1246 2965 comme partout ailleurs, votre fille, la Rose de Saint-
201 2938 1185 3024 Saturnin, comme on dit ici, soit la reine de la fête.
249 3008 1256 3082 — Et ça sera comme tu le dis, mon enfant. Oui, tu
207 3047 1242 3128 seras la reine de la fête. Ah ça, dis donc, tu danse¬
209 3108 789 3176 ras avec Joseph, n’est-ce pas?
302 3156 1254 3220 - Pourquoi pas, mon père? quand je suis à une
210 3192 1248 3297 fête, voyez-vous, je danse avec tout le monde, moi.
259 3244 640 3318 — Sans préférence?
310 3308 1250 3384 Sans préférence; d’abord avec ceux qui me re¬
206 3350 1254 3442 tiennent les premiers, puis avec tout le monde; c'est
207 3398 660 3471 si amusant de danser !
302 3457 1249 3547 C'est bien; mais ce Joseph, c'est un bon garçon,
209 3502 475 3575 n'est-ce pas?
307 3534 1127 3647 Oui, mon père, oh je ne le rebuterai pas.
314 3599 1249 3708 Tu feras bien, car je crois qu’il a des intentions
205 3655 459 3727 à ton égard.
282 3728 1257 3820 Oh ! pour ce qui est de ça, ils en ont tous, et c'est
1337 367 2405 454 une chanson que j'ai entendue bien souvent. Je ne
1346 420 2391 507 dis pas pour cela de mal de Joseph, mais enfin rien
1334 489 2385 559 ne me presse, j'ai bien le temps de me décider. Ah !
1341 536 2397 606 tiens, voilà monsieur le curé; bonjour, monsierur le
1343 585 1922 649 curé, vous vous portez bien ?
1443 641 2398 710 Merci, mon enfant, fort bien, grâce à Dieu. Et
1347 689 2390 765 vous, maître Mirande, vous êtes toujours en bonne
1341 737 1482 795 santé?
1404 790 2399 855 — A votre service, monsieur le curé; asseyez-vous
1342 846 2399 906 donc; vous vous rafraîchiter bien un peu? Rose, offre
1343 892 1976 959 à rafraîchir à monsieur le curé.
1442 944 2253 1005 Merci, mes amis, je n'ai besoin de rien.
1399 999 2403 1069 — savez-vous bien, monsieur le curé, dit Rose, que
1343 1047 2399 1119 ce nous est un grand honneur que votre visite, nous
1334 1101 1806 1168 ne l'avons pas souvent.
1443 1153 2394 1228 Encore celle-là est-elle un peu intéressée, mon
1341 1204 1498 1265 enfant.
1436 1258 2401 1335 Intéressée ! Parlez vite, monsieur le curé, dit
1334 1317 2398 1379 maître Mirande; en quoi pouvons-nous vous être
1339 1357 1484 1423 utiles ?
1442 1407 2401 1482 Vous savez, mes bons amis, le malheur qui est
1333 1470 2399 1530 arrivé, il y a quelques jours, à Nicole Desmaroux, du
1343 1511 2401 1587 village de Pleignet qui dépend de notre paroisse? Le
1333 1568 2397 1628 feu a dévoré tout ce que possédait la pauvre veuve.
1427 1619 2398 1685 Oui, monsieur le curé, à preuve que vous vous
1335 1669 2397 1737 êtes exposé à être tué pour sauver ses trois pauvres
1345 1726 2317 1785 petits enfants, qui auraient été brûlés sans vous.
1386 1785 2397 1842 — La pauvre femme est complétement ruinée,
1339 1822 2399 1886 elle n’a d’espoir que dans la charité publique; j’ai
1334 1879 2394 1951 fait tout ce que j’ai pu; bien du monde, et vous déjà,
1339 1927 2390 1996 vous m’êtes venus en aidé, mais cela ne suffit pas;
1339 1975 2397 2059 il faut encore un sacrifice, et je viens vers vous avec
1342 2039 2387 2091 confiance, parce que je sais que vous êtes des braves
1339 2091 2099 2147 gens et que vous ne me refuserez pas.
1381 2136 2405 2206 — Monsieur le Curé, s'écria Rose, j'avais mis de
1334 2198 2391 2253 côté quelque argent pour m'acheter une belle robe de
1329 2232 2394 2320 soie : prenez-le, j’irai avec mon caraco, je n’en serai
1338 2294 1810 2353 peut-être pas plus laide.
1435 2339 2397 2402 La bonté, mon enfant, est une parure qui est
1339 2395 2394 2464 de tous les âges et de tous
1338 2442 2395 2520 que tout le monde ne suit pas, mais qui ne change
1334 2496 2176 2566 jamais; merci, et que Dieu vous le rende !
1438 2548 2391 2609 Monsieur le curé, dit maître Mirande, voilà
1335 2607 2387 2661 quarante écus que je destinais à acheter un cheval
1345 2655 2389 2713 pour remplacer Cocote qui se fait vieille; j’irai quel¬
1345 2713 2395 2770 quefois à pied et Cocote pourra servir encore quelque
1335 2760 2399 2820 temps; prenez-les, je suis sûr que vous en ferez bon
1342 2812 1470 2873 usage
1428 2863 2398 2927 Merci, merci, mes bons amis; Dieu vous ré¬
1339 2915 2395 2975 compensera, il vous guidera dans la bonne voie,
1339 2963 2385 3018 éloignera de vous les écueils de la route, et vous re¬
1335 3011 2391 3070 mettra dans le bon chemin si vous veniez à vous en
1333 3067 2389 3132 écarter, car jamais Dieu n’oublie ceux qui font le
1335 3123 1491 3192 bien. »
1371 3173 2382 3235 Le curé se retira, et Rose courut bien vite s'occu¬
1339 3219 2310 3284 per de sa toilette pour aller à la fête aux Anbiers.
1378 3356 2378 3422 L'arrivée de Rose au milieu de la fête fit une cer¬
1338 3421 2378 3486 taine sensation, l'instinct de la coquetterie, malheu¬
1330 3475 2386 3539 reusement si naturel chez un grand nombre de jeu¬
1330 3535 2387 3588 nes filles, lui fit comprendre ce succès flatteur, et lui
1330 3579 2387 3647 fit prendre, vis à vis de ses compagnes, un petit air
1330 3634 2382 3692 de supériorité, de protection qui n’échappa à per¬
1330 3675 2393 3744 sonne. Joseph, qui l'avait précédée et qui lattendait
1330 3741 2387 3813 avec impatience, s’empressa de venir l’engager pour
