2897 4318
1212 267 1329 346 153
130 343 1223 412 le soleil qui perce le dernier nuage, et puis les insectes qui
138 399 732 459 bourdonnent dans les buissons :
287 487 778 551 Déjà le sombre hiver s’enfuit;
294 535 730 592 Il porte aux zones glKciales
339 577 693 641 La terreur et la nuit.
129 648 1227 737 C’est un tableau plein de grâces rustiques, que la musique
133 718 1225 764 et la poésie reproduisent avec un égal bonheur d’imita¬
137 756 228 818 tion.
178 795 1216 857 Voici les feux du ciel qui brûlent la terre, voici l’orage
135 852 1214 903 qui gronde au loin, le soleil qui reparaît, les fleurs qui s’in¬
138 897 1221 959 clinent sur leurs tiges sous ses flammes dévorantes. C’est
141 944 1216 1012 l’été avec sa lourdeur accablante, son calme qui fatigue,
133 998 864 1073 ses torrents de lumière qui flamboient :
290 1056 774 1145 Voyez rougir dans un ciel pur
339 1130 647 1186 La blanche aurore ;
301 1179 740 1233 La cime des monts se dore,
282 1217 718 1284 Le nuage qu'un feu colore
360 1255 686 1316 Se perd dans l'azur.
130 1339 1224 1413 Mais place à la saison mélancolique aimée des poètes et des
141 1398 1221 1454 rêveurs! place à l'automne, époque bénie du chasseur et du
145 1448 332 1515 vigneron !
239 1506 909 1611 La vigne est mûre, il faut chanter le vin.
133 1623 1225 1675 Puis vient l’hiver avec ses brumes glKciales, ses neiges at¬
138 1675 1224 1720 tristantes, ses pluies forrentielles. Là, cependant, il y a des
138 1718 1217 1770 charmes intimes. Douces causes autour du foyer domes¬
138 1767 1224 1826 tique, gais entretiens des jeunes filles à la veillée, tandis
135 1826 1223 1878 que la grand’mère fils, et que les vieillards se raccontent les
138 1861 680 1936 événements de leur jeunesse :
232 1927 930 2025 Entedez-vous ces voix où la gaîté pétille ?
1307 338 2390 444 Ce sont là vraiment de délicieuses description de la vie
1309 417 2388 487 champêtre, où la grande manière allemande se mêle à la
1306 473 2384 531 naireté du style et à la fraîcheur des idées. Les Saisons for¬
1311 516 2388 577 ment une petition monumentale dont chaque page est une
1306 550 2386 651 composition de premier ordre. Gloire à Haydn ! honneur à
1306 600 1507 663 M. Roger !
1351 651 2388 732 Drogonette, opérette en un acte, de MM. Mestepès et
1305 726 2393 775 Jacques Offenback, a obtenu un légitime succès, ces
1306 763 2393 825 jours-ci, sur le théâtre des Bouffes-Parisiens. C'est une nou¬
1309 811 2393 860 velle fille de régiment qui, sans avoir la grâce mélancolique
1309 857 2385 911 de sa sœur aînée, possède bon nombre de qualités aimables
1298 904 2388 963 et engage, par ses sourires gracieux, les amateurs de mu¬
1302 955 2177 1002 sique amusante à venir l'applaudir chaque soir.
1342 1008 2394 1078 On sait que le ballet de liarco Spada a étéifangé d’après
1298 1063 2382 1128 l’opera de MM. Scribe et Auber, représenté à Favor en
1309 1110 2344 1169 1852. La pièce n'a subi presque aucuneBodification.
1307 1153 2388 1224 M. Aubert a exhumé de ses souvenirs une foule de motifs
1311 1210 2385 1261 charmants, une série de méladies adorables, que nous avons
1309 1264 2385 1306 entendus bien des fois dans Fra Diavolo, la Fiancée, la
1305 1303 2382 1368 Muette, l'Estocq, la Sirène, etc., etc., mais que nous enten¬
1306 1344 1804 1417 dons toujours avec plaisir.
1347 1387 2393 1469 A l’occasion de la fête de l‘Annonciation, une messe en
1306 1460 2388 1518 musique, composée par M. Louis Deffès, grand prix de Rome,
1306 1511 2392 1562 a été célébrée en l’église métropolitaine de Paris. Cinq cents
1302 1560 2397 1616 artistes, un Orchestre conduit par Tilman, des chœurs di¬
1309 1607 2401 1656 rigés par M. Cornette, concouraient à l'interprétation de
1306 1649 2393 1701 cette œuvre remarquable. M. Jourdan et mademoiselle Le¬
1307 1708 2396 1756 fèvre de l'Opéra-Comique ont admirablement chanté les
1309 1748 2401 1800 soli. La messe était précédée de la marche religieuse
1309 1793 2390 1846 d’Adolphe Adam, avec accompagnement de harpes. Une
1306 1846 2393 1920 éloquente affection a été prononcée par M. l’abbé Le
1306 1884 1478 1954 Courtier.
1891 1906 2234 2025 MARIE LASSAVEUR.
274 2293 1094 2403 IECONOMIE
1160 2330 2229 2401 DOMESTIQUE.
253 2509 1090 2608 MENU D'UN DINER DE HUIT COUVERTS
472 2602 877 2676 Pour le mois de Mai.
462 2769 881 2838 Potage à la julienne.
599 2813 749 2876 RELEVÉ.
431 2849 919 2928 Bœuf aux oignons glacés.
588 2909 756 2980 ENTRÉES.
134 2913 640 3044 Saumon sauce aux câpres.
673 2954 1218 3040 Côtelettes de veau piquées et
767 3006 926 3077 glacées.
622 3036 718 3107 RôT.
139 3081 681 3158 Poulets nouveaux au cresson.
1071 3089 1221 3163 Salade.
559 3144 778 3212 ENTREMits.
141 3178 323 3242 Asperges.
1000 3194 1212 3263 Une crème.
183 3328 1212 3404 EMPLOI DES RESTES DEienel de Boeur. —
145 3383 1212 3449 1° Cou — — —
139 3431 1209 3513 pièce de cinq francs, faites chauffer de la sauce
139 3488 1214 3561 Robert presque bouillante, ajoutez votre émincé, re¬
130 3540 1213 3625 muez légèrement, évitez l’ébullition, servez au bout
130 3591 491 3662 de cinq minutes.
176 3654 1213 3717 2° Mettez dans une casserole deux verres de vin de
135 3691 1214 3784 Bourgogne, des champignons, trois cuillerées de
135 3744 1208 3815 bouillon, faites réduire, ajoutez le filet coupé en très¬
141 3806 1213 3888 petites tranches, chauffez bien sans bouillir, et servez.
1342 2500 2266 2604 BLANQUETTE DE VEAU AUX CHAMPIGNONS.
2295 2498 2386 2601 S'il
1306 2583 2378 2653 vous reste du rôti de veau, émincez-le par tranches,
1294 2642 2388 2699 mettez ces tranches dans une casserole. Ajoutez-y des
1302 2697 2382 2750 champignons que vous aurez préalablement sautés au
1306 2739 2382 2806 beurre, versez dessus le beurre de leur cuisson, ajou¬
1299 2801 2388 2859 tez un verre de jus de viande, de consommé, ou, à
1306 2846 2385 2913 leur défaut, de bon bouillon; faites réduire, liez avec
1302 2905 2385 2965 de la farine, un jaune d’œuf: assaisonnez d‘un jus de
1302 2955 1608 3039 citron. Servez.
1342 3063 2379 3125 ŒUES POGHÉS A LA CRÈME. — Faites pocher six
1302 3114 2375 3173 œufs bien frais dans du lait sucré et aroundtise d'eau
1294 3168 2373 3237 de fleur d’oranger ou de vanille; égouttez-les et faites
1294 3227 2375 3282 refroidir; ajoutez dans ce qui vous reste de lait six
1296 3266 2378 3341 jaunes d'œufs et un peu de farine, un quart de sucre
1291 3323 2374 3397 tamisé; mêlez et passez, faites prendre votre crème à
1296 3387 2377 3442 un feu doux, sucrez vos œufs pochés et masquez-les
1295 3443 1618 3528 de votre crème.
1344 3532 2382 3601 CRÈMES FROIDES. — Prenez cinq verres de bonne
1291 3591 2384 3664 crème, mèlez-les d'une livre de sucre râpé et tamisé
1291 3654 2371 3703 et d’une cuillerée de fleur d‘oranger; batiez forte¬
1287 3700 2379 3755 ment en ajoutant le blanc d’un seul œuf; mettez la
1291 3755 2378 3817 crème dans un vase entouré de glace, saupoudrez
1290 3808 2172 3882 dessus du sucre blanc et de la non-pareille.
