2897 4318
1256 197 1357 305 101
167 308 1259 379 des pauvres, rien de plus, et l’ascendant qu’elle a ac¬
169 371 1273 436 quis, sans l’ambitionner, dans ce siècle d’argent, danns
167 431 1277 506 cette ville de plaisir, elle ne le devait qu’à sa grande
166 485 1269 556 et sympathique charité ; exemple pour les riches,
159 535 792 596 consolation pour les pauvres.
204 582 1266 655 A l’âge de quinze ans, le 25 mai 1802, Jeanne
160 631 1274 718 Rendu, en religion Sœur Rosalie, vint frapper à la
157 695 1260 767 porte de la communauté des sœurs de Saint-Vincent-
155 759 1266 829 de-Paul ; peu de temps après, elle fut placée dans la
162 805 1264 874 maison de la Miséricorde, au faubourg Saint-Marceau,
155 853 1264 933 qu'elle ne devait plus quitter jusqu'à sa mort. Ce fau¬
152 908 1256 985 bourg, type achevé de la souffrance et de la misère,
155 964 1264 1038 devint sa patrie ; ces pauvres, misérables entre tous,
148 1030 1256 1089 sa famille. On sortait alors de la période révolution¬
148 1078 1267 1151 naire, et la vie morale et intellectuelle des habitants
149 1131 1259 1204 du faubourg était au niveau de leur existence physi¬
149 1187 1259 1257 que : après tant d'années où le culte avait été aboli,
149 1242 1269 1311 l’instruction négligée, on n’eût pas trouvé facilement
149 1304 1269 1354 un enfant qui sût lire, une femme qui se rappelât
148 1342 1264 1408 ses prières. Les âmes, sevrées de vérité, étaient deve¬
149 1409 1255 1472 nues pauvres comme les corps ; il fallait rapprendre
143 1457 1263 1517 le chemin de l'église et de l’école, comme celui de
143 1517 1141 1586 l'atelier. Tout était à reconstruire ou à réparer.
188 1564 1256 1635 « C’était une tâche bien difficile que d’avoir à lutter
145 1613 1260 1687 contre une pareille situation. La Sœur Rosalie n'en
133 1680 1253 1755 fut pas effrayée. En présence de ce monde à conqué¬
135 1735 1250 1803 rir et à régénérer, elle sentit une grande joie, et re¬
140 1793 1259 1859 mercia Dieu de lui accorder, dès les premiers pas
145 1842 1250 1922 dans la carrière, l'objet de ses ardentes prières.
133 1895 1248 1966 D’abord simple Sœur dans la rue des Francs-Bour¬
138 1953 1255 2023 geois, quelques années plus tard supérieure de la
129 2011 1255 2077 maison de la rue de l'Epée-de-Bois, mais toujours
129 2061 1256 2138 l'âme de ses compagnes, elle entreprit une guerre
138 2113 1248 2168 énergique contre la misère et les vices de son quar¬
136 2171 1250 2240 tier ; elle la poursuivit plus de cinquante années sans
140 2220 1250 2300 un moment d'arrêt, sans un mouvement en arrière ;
140 2280 1250 2348 jamais découragée, jamais vaincue ; se reposant d'une
135 2334 1246 2400 fatigue par une autre, d'une œuvre accomplie par
125 2381 1250 2463 l'entreprise d'une œuvre nouvelle; n'abandonnant
135 2449 1248 2511 son poste et ses armes que le jour où Dieu, satisfait
135 2497 1246 2564 de ses longs combats et de ses victoires, releva sa ser¬
136 2546 1064 2627 vante et la fit entrer dans son éternel repos.
174 2603 1242 2671 » Comment a-t-elle pu suffire à une telle lutte?
132 2654 1250 2721 Comment, faible, pauvre, ignorée au début, s’est-elle
122 2703 1242 2789 élevée peu à peu á la puissance et à la renommée,
129 2771 1242 2832 et est-elle parvenue à faire concourir à son œuvre
131 2823 1238 2893 obscure et inconnue toutes les forces de la société la
132 2880 1229 2938 plus riche et la plus brillante? Dieu seul le sait. Seu¬
122 2935 1239 3002 lement, on verra par ce récit qu’elle n’a fait aucun
125 2984 1229 3052 de ces appels extraordinaires qui ébranlent et entraî¬
126 3043 1242 3102 nent le monde, qu'elle n'a poussé aucun de ces cris
125 3091 1238 3153 de détresse qui vont éveiller les plus endormis, et
126 3151 1235 3217 émouvoir les plus insensibles. Elle n'a, pour ainsi
122 3205 1232 3283 dire, demandé ni cherché personne ; confiante en la
125 3248 1229 3324 Providence, elle s’est contentée de bien accueillir ce
126 3307 1234 3389 qui venait à elle, d’accepter ce qui se présentait, et
129 3361 1229 3445 de tirer profit de tout ce que Dieu lui a remis entre
122 3404 343 3465 les mains.
167 3462 1224 3552 » Ordinairement elle n’avait pas besoin de gagner
119 3508 1210 3608 la confiance des pauvres ; les aveux venaient au-de¬
122 3574 1221 3657 vant d'elle. On ne pouvait la voir sans reconnaître
118 3619 1213 3719 qu'elle ne cherchait le mal que pour le guérir. A me¬
112 3697 1210 3768 sure qu'elle découvrait une ignorance, un désordre,
119 3733 1218 3813 une dépravation, sans se rebuter, sans témoigner ni
119 3785 1218 3871 dégoût, ni colère, elle réveillait peu à peu dans ces
119 3854 1224 3945 natures engourdies quelques notions du devoir. Sa
1361 302 2485 396 compassion, sa patience, faisaient pénétrer partout la
1368 375 1894 436 vérité au fond des cœurs.
1399 423 2469 495 » Quelquefois cependant, ses premières tentatives
1363 479 2459 556 échouaient, et on répondait à ses avances par des in¬
1359 545 1479 620 jures.
1395 603 2445 684 » Elle ne s'étonnait ni ne s’indignait d’une mau¬
1353 662 2456 715 vaise réception ; mais elle attendait le moment favo¬
1350 715 2453 776 rable ; elle savait bientôt trouver l'occasion de rendre
1354 774 2453 842 un service, et finissait par triompher des plus mau¬
1354 821 2457 901 vaises volontés. Plus d’une fois, renouvelant au milieu
1356 875 2456 951 de Paris les merveilles des missions lointaines, elle
1349 936 2462 1012 s'empara de toute une famille, fit arriver le père et
1346 981 2453 1057 la mère au baptême, à la première communion, au
1352 1034 2445 1117 mariage, apprit aux petits enfants le catéchisme et
1354 1093 2440 1189 prépara l’aïeul à la mort. Quand, plus tard, ses fonc-
1354 1154 2445 1220 tions et son âge lui ôtèrent la joie d'aller voir aussi
1347 1210 2435 1286 souvent ses pauvres, elle ne les perdit pas de vue.
1346 1253 2443 1339 Elle se fit une loi de ne jamais leur fermer sa porte,
1345 1311 2448 1391 elle avait toujours du temps pour eux; ils passaient
1346 1373 2439 1439 avant tout le monde, et lors même que la fièvre mi¬
1343 1422 2439 1501 nait ses forces, que le médecin lui défendait toute con¬
1349 1484 2452 1537 versation ou même tout mouvement, on avait grand’¬
1350 1537 2440 1617 peine à l'empêcher de descendre à leur appel : on n'y
1342 1590 2445 1647 réussissait pas toujours. Pendant une de ses mala¬
1350 1637 2448 1706 dies, la Sœur de garde à la maison avait refusé à un
1342 1685 2446 1767 homme de son quartier de l'introduire près d'elle ;
1342 1751 2453 1814 celui-ci se mit en colère, fit grand tapage, se plaignit
1343 1805 2452 1880 hautement de ce qu'on ne voulait pas s'occuper de
1349 1857 2445 1929 lui. La Sœur Rosalie l'entend, arrive à la hâte, avec
1345 1907 2443 1982 le frisson de la fièvre, l'apaise, écoute sa demande et
1342 1961 2442 2044 lui promet ses bons offices; puis, après son départ,
1347 2027 2439 2092 gronde doucement la Sœur de ne l'avoir pas avertie,
1345 2078 2442 2144 et, comme celle-ci invoquait les ordres sévères du
1342 2137 2443 2192 médecin et la fièvre, qui devenait plus forte à chaque
1342 2188 2439 2245 imprudence : — Mon enfant, répondit-elle, laissons
1342 2235 2439 2300 le médecin faire son métier, et nous, faisons le nôtre :
1345 2297 2426 2359 écrivez sur-le-champ pour ce brave homme, et à l’ave¬
1342 2352 2445 2408 nir, prévenez-moi toujours. — Mais, ma mère, cet
1329 2398 2435 2462 homme s'est emporté! — Eh! mon enfant, le pauvre
1329 2460 2435 2523 malheureux a bien autre chose à faire que d’étudier
1335 2508 2436 2581 les belles manières! Il ne faut pas s'effaroucher d'une
1345 2566 2421 2634 parole vive, ni se fier à une apparence un peu gros¬
1329 2623 2418 2682 sière : ces pauvres gens valent mieux qu'ils ne pa¬
1329 2668 1513 2736 raissent.
1377 2714 2429 2790 » Aussi les pauvres du faubourg Saint-Marceau pri¬
1332 2783 2431 2848 rent-ils l'habitude d'aller plusieurs fois la semaine
1324 2837 2421 2903 rendre visite à leur mère ; ils vivaient en confiance,
1332 2894 2424 2950 en familiarité avec elle ; ils lui apportaient leurs
1329 2945 2426 3018 idées, leurs plaintes, lours peines, leur demandes,
1324 3000 2414 3060 leurs secrets ; son cœur était leur refuge, sa con¬
1324 3054 2421 3113 science leur lumière, sa maison la leur. Quand le
1318 3105 2419 3160 monde les repoussait, quand un atelier leur refusait
1326 3157 2407 3224 de l’ouvrage, ou un boulanger du pain ; si un pro-
1324 3209 2405 3281 priétaire retenait, en les expulsant, le petit mobilier
1321 3272 2405 3324 des jours meilleurs; si le commissaire de police leur
1318 3321 2400 3379 déniait permission d'exhiber en plein vent leur ché¬
1311 3373 2415 3435 tive industrie ; si le fils avait manqué de respect à
1305 3420 2404 3489 son vieux père ; si la fille avait abandonné le foyer
1307 3472 2405 3538 maternel : tous allaient trouver leur mère ; son ac¬
1314 3542 2411 3605 cueil les consolait du mépris du deliors; elle donnait
1308 3594 2405 3654 le pain de la journée, parlait au patron, fléchissait le
1305 3638 2400 3708 commissaire ou le propriétaire, décidait le fils indo¬
1308 3711 2405 3758 cile à demander son pardon, et ramenait au bercail la
1308 3756 2403 3813 brebis égarée. Les méchants arrivaient comme les
1300 3802 2401 3858 bons ; ceux qui méritaient son intérêt ou ceux quien
1300 3858 2405 3955 avaient abusé : la bonne Sœur ne repoussait personnes
