2939 4158
1568 88 1688 170 360
510 167 1564 239 — Ah! papa, enfin vous voilà! Vite, vite, partons;
456 227 1565 318 tiens, Pauline, voilà ton burnous, je me ganterai en
455 284 620 357 voiture.
493 331 1558 404 — Doucement, dit M. Bertaux, tu nous permettras
445 390 1555 476 bien de causer pendant quelques moments; je crois
445 448 1555 516 que Cécile a été bien mutine, ajouta-t-il, en regardant
449 501 732 581 sa fille aînée.
554 555 1562 622 Elle était si inquiète, en pensant que cette visite
448 624 891 688 pouvait se prolonger!
493 664 1558 742 — Si je suis déjà prêt, c'est mon visiteur que vous
445 722 1548 791 devez remercier. Il avait entrevu vos toilettes et n’a
451 790 1555 853 point voulu prolonger une conversation que, pour ma
451 842 1551 903 part, j’aurais volontiers fait durer. C'est l’un de mes
448 886 1555 951 plus anciens amis, l'un des hommes que j'estime le
451 946 1122 1009 plus, en un mot, c'est M. Simon.
541 992 1550 1061 Lui, que vous n'aviez pas vu depuis dix ans! ah!
429 1049 1143 1127 nous aurions attendu volontiers...
475 1109 1542 1168 — Il vient dîner demain avec nous, il nous contera
432 1164 1548 1233 ses voyages, ses travaux ; en attendant, je l'ai engagé
432 1218 1548 1275 à envoyer ce soir, au bal, son neveu Maurice; ma cou¬
436 1271 1545 1335 sine sera enchantée, comme toute maîtresse de maison,
434 1331 1534 1386 d’avoir un danseur de plus. Et vous? dit-il en inter¬
434 1383 1545 1444 rogeant ses filles, toi surtout, Cécile, que je vois
438 1442 1548 1506 déjà encapuchonnée et ne disant mot, de peur de pro¬
436 1485 1540 1551 longer la conversation et de retarder le départ, tu ne
436 1542 1544 1602 dédaigneras pas un excellent danseur, qui ne brouillera
434 1605 1537 1658 pas les figures des Lanciers, et saura faire convenable¬
432 1658 1533 1726 ment ses saluts? Une bonne invention, par parenthèse,
431 1715 1540 1767 ajouta M. Bertaux, en boutonnant son paletot; en
425 1767 1548 1831 habituant les jeunes gens à saluer, ce quadrille va
439 1818 1215 1879 peut-être leur enseigner à être polis.
530 1870 1540 1937 Je ne réponds pas, je ne dis plus un mot que
421 1931 1540 1989 nous ne soyons en voiture, dit Cécile du fond de son
429 1993 1541 2062 capuchon. Oh! cher papa, il est onze heures et
432 2040 569 2103 quart !
534 2081 915 2151 Eh bien, partons !
528 2140 1534 2228 Partons! s'écria Cécile qui était déjà dans l'anti¬
431 2198 640 2266 chambre.
1699 153 2780 239 —combien vous avez raison, monsieur! lui dit un
1657 225 2774 288 grand jeune homme à figure fine, qui salua respec¬
1650 278 2773 345 tueusement les jeunes sœurs, et serra la main de M.
1648 332 2774 401 Bertaux. Pourquoi chacun ne fait-il pas ces réflexions
1646 391 2771 459 sensées? ..... les réunions y gagneraient, comme aspect
1651 441 2773 511 et comme plaisir. Mais tout se tient en ce monde, et
1654 504 2763 566 pour expliquer ce qui nous choque à bon droit, peut¬
1647 557 2771 622 être faudrait-il remonter jusqu’à certaines causes mo¬
1643 619 2768 672 rales. Avez-vous remarqué, en effet, que l’on a écarté
1648 668 2767 732 depuis quelques années ces danses où figuraient un
1648 720 2770 792 grand nombre de danseurs, se livrant en commun à
1640 783 2761 842 des évolutions gracieuses et courtoises? Chacun pour
1638 840 2768 900 soi, telle est la devise de tous ces couple polkeurs et
1631 908 2763 948 sauteurs; aucun obstacle ne les arrête; tant pis pour
1640 948 2763 1016 ceux qui se trouvent sur leur chemin; dans la noble
1640 1006 2763 1061 ardeur qui les entraîne ils ne tiennent compte ni des
1646 1059 2767 1122 pieds qu’ils écrasent, ni des femmes qu‘ils heurtent,
1633 1116 2761 1172 et au bal comme partout, ils semblent croire que le
1627 1168 2589 1232 mot convenances signifie ce qui leur convient.
1742 1223 2766 1290 Je vois avec plaisir, dit M. Bertaux, que je ne
1627 1284 2760 1343 suis pas seul de mon avis ; je crains quelquefois de me
1633 1335 2757 1396 laisser dominer par la manie des vieilles gens, qui est
1634 1397 2756 1459 de médire du temps présent; votre jugement sur vos
1640 1446 2752 1506 contemporains me rassure, en me prouvant que je ne
1629 1503 2250 1558 me trompe pas absolument. »
1678 1554 2749 1614 Une dame âgée dont le visage était encadré de belles
1627 1595 2749 1677 boucles blanches s'approchait en ce moment de M. Ber¬
1624 1664 2749 1725 taux en compagnie d'un jeune homme, dont la conte¬
1626 1727 2749 1776 nance décelait un peu de timidité. C’était madame Le¬
1627 1777 2749 1833 mayer. « Mon cousin, dit-elle, je viens de rencontrer
1620 1831 2750 1901 Monsieur dans le premier Salon; il vous demandait à
1631 1877 2747 1955 tous les échos d’alentour, afin de vous faire procéder
1620 1941 2753 2011 à une présentation officielle près de moi, je lui ai offert
1626 1990 2752 2071 de le conduire vers vous, et je vous l'amène, afin que
1633 2052 2417 2103 vous me le présentiez définitivement.
1729 2106 2746 2170 M. Maurice Simon, dit M. Bertaux en souriant;
1630 2146 2281 2216 Madame Lemayer ma cousine.
1727 2216 2746 2280 Cette formalité était à peu près inutile, dit ma¬
1626 2263 2746 2343 dame Lemayer, il y a trop longtemps que nous con¬
1620 2324 2754 2397 naissons monsieur votre oncle, pour que son neveu
1623 2391 2749 2445 ait besoin près de moi d’une recommandation autre
1627 2439 2744 2502 que son nom. Mais voici un quadrille de Lanciers,
1623 2492 2431 2548 voyons, Pauline, avec qui danses-tu ?
1667 2552 2747 2610 — Ma tante, je suis encore trop maladroite pour
1616 2603 2746 2663 m'exposer à mécontenter tout le quadrille, je resterai
1627 2643 2002 2718 près de mon père.
1723 2709 2705 2776 Et toi, Cécile, te méfies-tu aussi de tes forces?
1696 2767 2746 2836 Si je suis bien conduite, dit celle-ci en souriant.
1722 2812 2736 2883 Voulez-vous me permettre d’essayer, mademoi¬
1617 2857 2537 2939 selle? » dit Maurice, en lui offrant sa main.
1664 2918 2746 3004 Cécile accepta, et prenant place au quadrille, elle
1624 2978 2743 3051 prouva bientôt que si elle avait paru douter d'elle-
1614 3040 2630 3113 même, c’était seulement par excès de modestie.
1667 3100 2736 3165 « Puisque M. de Gontheraut, dit madame Lemayer
1614 3133 2739 3226 en désignant le premier interlocuteur de M. Ber¬
1620 3195 2736 3285 taux, nous fait souvent le plaisir de faire partie de
1619 3259 2732 3339 notre petit cercle de famille, il faut lui faire con¬
1609 3314 2725 3393 naître les amis que mon cousin vient de retrouver
1616 3358 2740 3446 vous saurez donc qu'il y avait deux frères du nom de
1620 3413 2736 3506 Simon; l’aîné, père du jeune Maurice, que vous venez
1607 3472 2733 3554 de voir, était propriétaire d'une fabrique fort impor¬
1607 3531 2735 3610 tante; le second était un ingénieur de mérite. M. Si¬
1609 3579 2735 3670 mon aîné mourut d’apoplexie foudroyante en appre¬
1609 3636 2733 3719 nant sa ruine, causée par les événements de 1848;
1610 3694 2743 3776 il laissait des affaires très-embarrassées; M. Simon
1607 3740 2739 3831 jeune s'est expatrié; il a été en Prusse, en Saxe, en
956 2366 1012 2400 II
468 2449 1534 2544 Le bal de madame Lemayer était ce que sont tous les
421 2509 1534 2589 bals; beaucoup de personnes qui ne se connaissent pas
424 2571 1528 2639 et se rencontrent sans cesse; quelques personnes qui
422 2627 1534 2709 se connaissent et ne peuvent se rejoindre; le principal
424 2685 1533 2749 salon envahi par les danseuses; les pères et les maris
434 2739 1528 2807 expulsés par la nécessité de réserver aux toilettes l’es¬
434 2795 1531 2860 pace nécessaire à leur développement; peu de plaisirs,
427 2842 1518 2914 beaucoup de mécomptes. On venait de danser un qua¬
422 2893 1534 2979 drille, une polka commençait; M. Bertaux qui ne voulait
434 2955 1528 3028 pas sacrifier à la mode, avait interdit à ses filles les
434 3011 1527 3093 polkas, rédovas et schotichs. Il avait réussi à se placer
431 3071 1526 3143 près de Pauline et de Cécile : « Voyez donc le beau coup
420 3129 1528 3194 d’œil, leur disait-il, voyez ces danseurs qui ne peu¬
420 3178 1521 3253 vent saisir ce rhythme étranger, qui sautent, s’arrê¬
418 3228 1534 3298 tent à contre-temps, qui, ne pouvant avancer dans ces
415 3290 1535 3358 salons encombrés, s'agitent sur place, s’en vont dans
410 3332 1531 3406 de petits coin, et, pour s'en tirer, cognent leurs
410 3403 1531 3463 danseuses contre les murs et les portes, les jettent en
421 3451 1531 3513 passant à un autre danseur, et essaient d’attraper au
421 3506 1533 3576 vol la dame que celui-ci lui renvoie en échange... le
418 3550 1523 3626 beau spectacle ! Je ne pourrais, pour ma part, me dé¬
412 3609 1521 3694 cider à vous voir regagner vos places avec vos che¬
407 3656 1526 3749 veux en désordre, votre toilette froissée, et vos pieds
401 3715 975 3802 éclopés dans cette bagarre.
