2822 3966
1639 100 1720 188 64
581 181 1624 251 la coiffure rappellent celles du bouquet. Cette même
576 250 1620 311 toilette pourrait s’exécuter, plus simplement encore,
582 304 1612 363 en remplaçant les dentelles par autant de petits vo
577 344 1620 404 lants de taffetas déchiqueté, ou par des effilés mousse,
581 395 1616 445 dans ce dernier cas un effilé de plus petite propor-
577 443 1537 525 tion entourerait le grand voile de tulle illusion.
631 498 1635 558 Nous devons la coiffure à M. Croisat, qui a bien
584 543 1620 621 voulu nous donner aussi les renseignements suivants :
626 607 1620 661 Pour reproduire cette coiffure, il faut commencer
584 661 1621 730 par tirer, sur le devant de la tête, avec le SÉPARATEUR,
581 717 1616 760 une ligne droite, longue environ de vingt centimètres
577 750 1626 818 après cela on divise les cheveux par derrière, et la raie,
581 810 1589 873 tirée aussi avec le séparateur, décrit un angle aigu.
619 859 1620 926 Pour coiffure de derrière on fait un beau huit en
574 911 1624 968 tresse avec un large colimaçon en rouleau, et par
571 967 1624 1020 devant on forme des doubtless bandeaux fortement
566 1011 1605 1068 crêpés près des racines, afin de pouvoir fixer avec so
569 1064 1620 1125 lidité les branches de fleurs d’oranger qui ornent cette
566 1117 970 1193 partie de la coiffure.
616 1170 1620 1238 La pose du voile est toute simple : elle consiste à
577 1225 1605 1282 prendre le milieu d’un morceau de tulle illusion
574 1281 1624 1331 long de trois mètres et haut de deux seulement, à
571 1321 1624 1388 former deux ou trois plis et à le fixer sur la tête un
577 1381 1626 1437 peu en avant du chou de la coiffure. Deux épingles
570 1433 1606 1492 simples, une pour chaque côté suffisent pour l’atta-
566 1480 987 1549 cher contre les fleurs.
611 1522 1609 1594 L’autre toilette se compose d’une robe de moire an-
566 1553 1660 1661 tique, avec deux volants à disposition; le corsage à
1705 172 2764 275 basques, servant également de casaque, est terminé
1714 248 2764 326 par un haut volant, s’étageant sur les deux de la
1705 311 2758 372 jupe ; le chapeau est en crêpe piqué, avec plume sur
1706 345 2764 420 l’un des côtés et fanchon de dentelle retombant sur le
1713 397 1883 457 bavolet.
1784 435 2677 522 EXPLICATION DE LA GRAVURE DE TRAVES¬
2100 515 2388 582 TISSEMENTS.
1757 566 2767 645 Costume suisse, se composant d’une jupe de taffetas
1716 614 2759 690 garnie de velours, avec corsage de même étoffe, ta-
1709 675 2576 736 blier en organdi garni d’une bande brodée.
1754 736 2756 803 Costume Henri III, sous-jupe de taffetas, sur la-
1714 790 2764 856 quelle se drape une longue jupe de satin; corsage de
1714 843 2744 897 velours; coiffure à racines droites, ornée de perles.
1754 888 2771 957 Costume Louis XV, jupe de taffetas garnie en tablier
1709 929 2766 1012 par des bouillonnés de mousseline. — Sur cette jupe
1706 998 2773 1056 de taffetas en est une autre de satin, relevée sur les
1710 1051 2538 1122 côtés; corsage de satin ; cheveux poudrés.
1922 1101 2556 1169 EXPLICATION DU RÉBUS DE JANVIER.
1874 1169 2385 1231 Chacun prêche et sermonne,
1860 1214 2400 1293 A bien faire, n’y a personne.
1759 1283 2759 1356 Toute pressée que je sois par le temps et la place,
1699 1345 2755 1401 je dois cependant te faire remarquer que M. MONNE
1701 1390 2759 1443 commence son dîner, ainsi que te l’indiquent d’ail-
1703 1428 2767 1515 leurs les huîtres que lui sert Er ; aussi son gilet fait-il
1701 1500 2752 1560 encore un pli, sous lequel se cache sans doute un N,
1701 1551 2760 1606 car on ne lit que MONE, et je suppose que ce monsieur
1694 1600 2468 1671 doit savoir l’orthographe de son nom.
1492 1709 1815 1806 Mosaïque.
601 1814 1612 1882 Il n’y a ni vertu, ni vrai courage, ni gloire solide
558 1868 871 1942 sans humanité.
1312 1926 1497 2005 FÉNELON.
1740 1825 2758 1909 Heureux et sage celui qui tâche d’être tel toute sa
1695 1896 2496 1968 vie qu’il désire être au jour de sa mort!
2432 1943 2643 2018 Imitation.
1946 2063 2020 2159 8
2209 2759 2276 2871 2
2121 2790 2177 2858 9
2328 3299 2362 3367 2
2247 3325 2305 3367 .
1188 3617 2061 3701 Paris. — Typ. Morris et comp., rue Amelot, 64.
1188 3617 2061 3701 Paris. — Typ. Morris et comp., rue Amelot, 64.
