2897 4318
1234 192 1327 254 277
225 254 1234 323 LE GRAND-Duc. Madame et mademoiselle vous prête¬
184 313 519 383 ront main forte?
225 367 1242 448 CERTRUDE. Nous en sommes bien capables, infâme
186 414 547 487 scélérat que tu es!
226 475 809 537 HERMANN. Marchez! marchez !
225 529 1242 600 LE GRAND-Duc, s’asseyant. Je vous assure que je ne
181 583 896 657 me sens nulle envie d’en rien faire.
225 637 521 694 HERMANN. Non?
225 682 605 745 LE GRAND-Duc. Non !
226 743 1236 809 HERMANN. C'est comme cela! (Appelant.) Fritz! Ber¬
186 789 830 862 tram! Walter! Werther! à moi!
563 912 847 1016 SCÈNE XIV.
355 1039 1048 1121 LES MÉMES, KOFF, puis LE COMMTE.
222 1154 1226 1209 KOFF. Alerte! alerte ! Monseigneur est sur mes pas!
218 1201 1225 1281 TOUS, hors le Grand-Duc. Ciel! (Hermann se défait
174 1249 827 1318 rapidement de l'habit du Comte.)
218 1315 1230 1379 LE GRAND-Duc, à part et riant. Décors nouveaux,
178 1350 557 1420 changement à vue
218 1416 1222 1478 LE COMMTE, au Grand-Duc. Que vois-je? Vous, ici, Al¬
180 1452 289 1514 tesse!
221 1500 972 1581 TOUS, frémissant et se reculant. Altesse
213 1565 1232 1633 LE comte. Et moi qui me rendais au-devant de Votre
172 1605 346 1681 Majesté!
1370 275 2301 362 TOUS, mouvement plus prononcé encore. Majesté!
1363 325 2379 419 LE GRAND-Duc. Tandis que moi, me rappelant votre
1322 378 2390 464 âge, mon bon et vieil ami, et me reprochant de vous
1329 436 2389 517 demander de nouveaux services, je venais en faire
1321 477 2028 556 amende honorable auprès de vous !
1366 545 2387 622 LE COMMTE. Que Votre Altesse est gracieuse et bonne !
1367 601 2366 668 HERMANN, bas aux trois autres. Nous sommes per¬
1322 638 1422 700 dus!
1366 684 2224 755 CERTRUDE, de même. Mes jambes flageolent.
1358 761 2389 833 LISBETH, de même. Et moi qui l'ai pris pour un bri¬
1323 797 1444 866 gand!
1359 850 2387 930 LE COMMTE, regardant autour de lui. Qu'y a-t-il? D'où
1323 910 2387 978 vient cet air consterné? Comment, d’ailleurs, vous
1317 960 2369 1033 trouvez-vous, céans? (Tous se tournent vers le Grand¬
1319 1007 2378 1083 Duc, le front courbé et le regard suppliant.) Grand
1311 1068 2377 1140 Dieu ! Les malheureux auraient-ils méconnu. Votre
1313 1113 1990 1182 Majesté, et l’auraient-ils offensée?
1359 1176 2072 1233 LE GRAND-Duc. Calmez-vous, Comte !
1359 1224 2018 1282 LE COMMTE. Qu'y a-t-il? qu'y-t—il?
1353 1273 2373 1343 LE GRAND-Duc. Rien ! Promettez-moi de ne les point
1313 1313 2373 1396 interroger, et souffrez que j’aille en votre compagnie
1310 1371 2373 1459 faire honneur à certain déjeuner, qui, si je ne me
1311 1428 2370 1508 trompe, attend depuis quelque temps déjà; ils nous y
1311 1488 2373 1549 serviront. (Bas à Gertrude et à Hermann.) C'est la
1306 1541 2373 1596 seule peine que j’inflige à leurs Excellences! Quand
1305 1576 2176 1655 les chats n’y sont pas... les souris dansent.
1943 1639 2302 1706 ADAM-BOISGONTIER.
737 2026 1773 2167 ACADEMIE FRANÇAISE
898 2200 1619 2286 SÉANCE VOLENNELLE DU 20 AOUT.
207 2351 1206 2411 Cette séance a toujours le privilège d’attirer beau¬
166 2393 487 2458 coup de monde.
213 2441 1213 2524 M. Villemain, secrétaire perpétuel de l’Académie,
173 2499 1213 2575 a d’abord lu son rapport sur les prix littéraires et
172 2550 1218 2629 ceux décernés aux ouvrages les plus utiles aux mœurs.
215 2603 1213 2671 M. Vitet, directeur de l’Académie, qui présidait la
174 2656 1214 2741 séance, a lu ensuite son rapport sur les prix de vertu
173 2700 573 2770 fondés par Montyon.
211 2750 1212 2822 Nous extrayons de ce remarquable discours, le pas¬
178 2816 1220 2899 sage suivant qui a vivement impressionné l’auditoire.
1073 2897 1165 2939 .
217 2899 1212 2987 « Pour s’élever jusqu’à l’honneur d’être récompense
180 2962 1208 3043 par vous, ce n’est pas trop d’une vie entière de sacri¬
177 3020 1218 3092 fices et d’oubli de soi-même. D’où vient donc que sans
177 3059 1204 3148 hésiter, certains d’avance d‘être applaudis de tous
177 3118 1201 3204 vous allez, pour la première fois peut-être, vous dé
177 3171 1220 3253 partir de vos prudentes règles et placer vos chevrons
177 3231 1210 3298 sur l'habit d'un enfant? Le mot de cette énigme vous
181 3258 488 3318 sera bientôt dit.
222 3328 1208 3399 » N’avez-vous pas tous souvenir qu’en décembre
177 3374 1220 3458 dernier, les pilotes du port d’Agde apperçurent en
170 3434 1218 3509 mer, vers le déclin du jour, un navire d'environ cent
180 3477 1220 3567 tonneaux, la goëlette la Reprise, qui faisait voile vers le
173 3530 1213 3622 port? La mâture semblait en désordre et les flancs du
173 3580 1220 3671 navire portaient la trace d’un choc violent, d‘un
172 3642 1217 3731 récent abordage. Quand les pilotes approchèrent, ils
1230 3669 1243 3721 de
1313 2357 2374 2447 virent avec étonnement que le navire marchait tou t
1298 2430 2354 2498 seul, pour ainsi dire : du moins le pont semblait dé¬
1307 2466 2358 2546 sert : ni capitaine, ni timonier, ni matelots. On n’a¬
1305 2519 2358 2591 percevait qu’un mousse allant, venant de tribord à
1307 2578 2359 2648 bâbord, passant de la barre aux amures, et faisant à
1311 2628 2353 2695 lui seul tout le service de l’équipage. Dans un coin
1305 2675 2357 2753 du navire, on voyait bien aussi un pauvre homme
1299 2728 2358 2814 couché, pâle et tremblant, hors d’état de se tenir de¬
1298 2776 2363 2856 bout. Bientôt la Reprise entrait à Agde et la ville
1298 2838 2346 2909 apprenait que trente-six heures auparavant, la nuit
1311 2890 2358 2970 par une de ces épaisses brumes qui font s’entre-heurter
1302 2939 2355 3010 les navires en pleine mer comme les passants dans
1301 2989 2347 3060 nos étroites rues, ce petit bâtiment, étant au large
1305 3040 2345 3123 avait subi le choc d’un grand brick de fort tonnage;
1302 3104 2353 3165 que le capitaine, épouvanté, croyant sentir couler bas
1294 3148 2353 3207 sa goëlette, s'était élancé sur le brick en s’accrochant
1299 3195 2346 3258 aux cordages et appelant à lui tout son monde. Deux
1297 3252 2346 3318 matelots et deux novices l’avaient aussitôt suivi.
1299 3302 2342 3358 Pourquoi ce jeune mousse, de tous le plus agile.
1294 3358 2353 3434 n'avait-il pas imité leur exemple? C'est qu'il y avait
1294 3409 2338 3479 à bord un malheureux, incapable de se sauver. Pier¬
1293 3474 2350 3522 ret, c’était le nom du mousse, s’était senti saisi de
1294 3503 2345 3579 compasion : la vue de ce malade l’avait comme en¬
1297 3554 2350 3628 chaîné et rendu immobile. L’enlever dans ses bras, il
1297 3626 2354 3685 n’en a pas la force; l’abandonner, le laisser mourir
1301 3667 2350 3748 seul, c’est pour lui plus impossible encore : il reste
