2897 4318
1216 292 1314 382 167
129 390 1218 448 la close de gluten qu’elle renferme ? Si elle est, comme
132 448 1214 513 je le crois, aussi nutritive que savoureuse, quelle
124 509 912 565 ressource dans les temps de disette. »
175 550 1218 613 L’arrivée d’un étranger tira Parmentier de sa rêverie.
177 615 1224 676 « Monsieur Parmentier, je me nomme Meyer, dit le
124 674 1226 720 nouvel arrivant dont la figure ouverte prévenait en sa
129 725 1221 784 faveur ; je suis Pharmacien à Francfort depuis trente
132 774 1218 824 ans le mois prochain. Ayant appris que parmi les
132 826 1211 888 prisonniers se trouvait un confrère en pharmacou¬
129 879 1221 930 tique et en chimie, j’ai demandé à M. le gouverneur
129 932 1214 993 de vous laisser prisonnier sur parole, et de vous don¬
124 987 1216 1048 ner ma Pharmacie pour demeure; si la chose vous
129 1037 569 1112 agrée, elle est faite. »
172 1088 791 1150 Parmentier tombait des nues.
180 1151 924 1203 « Que me dites-vous là? s'écria-t-il.
246 1203 1218 1264 Que j’ai besoin d’un side, répliqua M. Meyer
132 1257 1214 1314 avec une grande simplicité; et que, si vous le vou¬
136 1305 837 1383 lez, vous pouvez devenir le mien.
242 1374 1218 1418 Si je le veux? Cent fois! mille fois ! fit Parmen¬
136 1409 1224 1496 tier. Ainsi, pensa-t-il, je pourrai m'enquérir de tout
139 1471 543 1539 ce qui la concerne!
246 1518 1108 1584 Quant aux émoluments... reprit M. Meyer.
252 1574 808 1640 Vous les fixerez, monsieur.
172 1632 1226 1679 — Oui, je les fixerai, selon les capacités dont vous
136 1680 767 1738 ferez preuve. A ce soir donc. »
175 1727 1218 1785 Et le bon M. Meyer se rendit immédiatement au¬
129 1789 1214 1860 près du gouverneur, les papiers nécessaires à l'ins¬
132 1841 1218 1906 tallation de Parmentier chez lui, devant l’y attendre.
177 1898 1224 1962 « Oh ! le doigt de Dieu ! s'écria Parmentier resté
136 1950 1228 2006 seul. Ce solanum tuberosum, qui préoccupe mes nuits
139 2002 1224 2069 et mes jours, je vais donc pouvoir l’étudier! Rien
139 2068 1224 2123 que de penser aux bienfaisants résultats de sa pro¬
142 2105 798 2171 pagation, j'en ai la fièvre ! .. »
177 2164 1231 2221 A ce moment Bloum et Trim ayant fait rentrer les
139 2212 1224 2284 prisonniers, leur apportaient une grande terrine dont,
136 2269 1203 2351 par malice, ils essayaient de dissimuler le contenu.
177 2320 865 2376 « Voyons le festin, fit Mailloche.
236 2377 1225 2443 Absence totale de pommes de terre, j'imagine,
139 2426 352 2494 dit Cistac.
236 2482 1226 2544 Dès que vos seigneuries en avaient ordonné au¬
139 2544 1224 2597 trement, » répondit Bloum d’un air qui voulait être
138 2592 344 2654 narquois.
177 2644 1045 2695 Et en même temps il découvrit la terrine.
180 2700 1224 2753 « Des pommes de terre ! s'écria Cistac; enlevez-moi
142 2750 1220 2806 ça, enlevez moi ça sur l’heure ! Ces mets ne souil¬
139 2802 602 2876 leront plus nos lèvres!
239 2859 1224 2908 Non ! non ! cria-t-on de toutes parts, ce n’est
139 2908 1224 2976 pas une nourriture de chrétien ; leur vue seule inspire
144 2967 1224 3022 un invisible dégoût; c’est terreux, c‘est rugueux,
140 3015 417 3076 c’est ignoble !
242 3068 1214 3150 Cela se pèle, mein herr, fit Bloum avec un grand
142 3116 358 3180 sang froid.
249 3174 1196 3234 Par un Allemand, répondit Cistac avec détain.
254 3218 1217 3289 Pardon, il y a des Allemands qui ne les pêlent
150 3264 272 3340 pas. »
188 3325 1216 3399 En toute autre circonstance, cette sortie eût excité
142 3387 1211 3457 le rire, on ne la remarqua pas; le nuage était trop
139 3432 861 3492 noir pour que rien le pût éclaircir.
188 3482 1220 3563 « Enlevez, enlevez! reprit Cistac ; nous sommes
136 3542 1216 3608 des hommes, nous voulons de la nourriture d’hommes.
138 3594 1214 3664 Que ne nous mène-t-on paître le trèfle et la luzerne !
224 3646 1207 3725 Nous avons l'ordre de fournir à chaque prison¬
129 3710 1217 3777 nier des pommes de terre à discrétion et une cruche
128 3756 1221 3834 d'eau, et nous exécutons cet ordre, fit Bloum ; ce n'est
142 3810 1206 3886 pas notre faute si ce n’est pas quelque cuisse de che¬
136 3869 1132 3948 vreuil qne nous avons à offrir à vos seigneuries.
1404 380 1753 463 Emportez-vous?
1407 447 1528 510 Non !
1350 498 1690 566 — Décidément ?
1342 560 1713 627 — Décidément. »
1348 606 2379 693 Cette affirmation des geôliers fut suivie d'une scène
1309 663 2382 729 de désordre qui avait bien son côté comique; à l'ex¬
1309 723 2394 788 ception de Parmentier, tous les prisonniers, fermant
1302 771 2394 833 la retraite à Bloum et à Trim, les accablèrent d’une
1312 836 2399 894 grêle de pommes de terre, et on en fût peut-être
1304 896 2391 943 venu à des sévices plus sérieux, si Parmentier ne
1305 928 2399 994 s'était interposé rapidement entre les persécuteurs et
1305 990 2394 1057 leurs victimes, et n'eût profité de l'étonnement des
1308 1040 2387 1104 uns pour faire évader les autres. Il est vrai qu’alors
1305 1100 1986 1160 ce fut sur lui que tourna l'orage.
1357 1152 2388 1217 « Traître ! faux frère! vociféra-t-on autour de lui;
1302 1210 2144 1272 se ranger du côté de nos oppresseurs ! »
1348 1255 2320 1320 Et comme Parmentier les regardait en silence :
1357 1319 2394 1393 « Dites-donc quelque chose, au moins, reprit-on;
1309 1368 2032 1420 essayez de justifier votre conduite.
1408 1420 2399 1482 Je n’ai rien à justifier, répliqua Parmentier, et
1314 1477 2397 1537 vous, tout à l’heure, vous roug 18ez de vos extrava¬
1320 1525 2406 1588 gances, et vous m’en demanderez pardon. Ce n’est
1317 1578 2406 1638 pas après la communion du champ de bataille et de
1312 1632 2399 1687 la geôle qu’on en est à se connaître et à douter de sa
1313 1680 1486 1750 loyauté.
1414 1731 2395 1800 Mais pourquoi vous mettre avec nos tyrans con¬
1312 1790 1946 1852 tre nous ? demanda Mailloche.
1418 1838 2399 1910 Té ! fit Cistac, pour que monsû le gouverneur
1314 1889 2244 1958 l'apprenne et procure à monsû des douceurs !
1408 1959 2399 2017 - Pour vous épargner à tous une lâcheté et une
1309 2003 2387 2061 sottise, répondit Parmentier; oui, une lâcheté : vous
1312 2061 2384 2115 étiez quatorze contre deux! et une sottise, car ce so¬
1309 2109 2394 2170 lanum tuberosum, qui ne vous perspire que méliance
1305 2164 2394 2225 et dégoût, et dans lequel vous êtes tout près de voir un
1312 2219 2397 2287 agent de mort, vous ne le connaissez seulement pas.
1414 2276 2397 2322 Depuis trois jours que nous en manacons, fit
1305 2325 2404 2383 Cistac, auquel de nous, normis vous, cette nourriture
1309 2376 2281 2443 insipide n’a-t-elle pas occasionné des nausées?
1408 2430 2382 2493 Parce que vous la prenez avec répulsion, répli¬
1305 2480 1650 2555 qua Parmentier.
1418 2531 2394 2602 Parce qu'elle renferme des sucs corrosifs, dit
1305 2588 2384 2655 Mailloche, futur Esculape, lorsqu’il aurait quitté les
1305 2640 1723 2706 sentiers de la gloire.
1357 2685 2387 2758 — Lesquels sucs, de votre aveu même, n'ont point
1305 2750 1617 2813 sur moi d’effet.
1408 2793 2387 2866 L'exception fait la règle, reprit Cistac; mais,
1299 2856 2391 2912 sottise ou non, nous protestons contre la pomme de
1302 2915 2387 2964 terre ! Qu'elle retourne à la basse-cour d’où elle sort;
1299 2960 2379 3025 nous n’en voulons point manger; nous n'en mange¬
1302 3020 2382 3079 rons point, et nous allons tous nous engager par ser¬
1299 3076 2206 3127 ment à souffrir la faim plutôt que de céder !
1408 3127 1937 3187 Oui ! oui! fut-il répondu.
1423 3168 2379 3237 Modeste racine, dit Parmentier regardant les
1299 3218 2379 3290 morceaux de pommes de terre épars sur le plancher,
1299 3279 2379 3347 tes destinées devront être grandes, puisque tu débutes
1308 3336 1959 3407 par l'injustice et la persécution!
1357 3388 1750 3466 — Jurons! jurons!
1358 3435 2064 3517 — Laissez-moi vous tirer d'erreur.
1343 3492 1573 3565 — Jurons !
1390 3528 2353 3602 Laissez-moi combattre une aveugle prévention.
1397 3590 1920 3662 point deArases, jurons !
1408 3640 2376 3706 Eh bien! jurez donc! fit Parmentier avec au¬
1294 3700 2376 3761 torité; jurez de repousser, de fouler aux pieds, de
1299 3750 2365 3832 poursuivre en tous lieux un aliment, non pas seule¬
1297 3805 2370 3875 ment inoffensif, mais tel qu'il pourrait, peut-être, sup¬
1299 3857 2377 3932 pléer le froment; que, par son moyen, la disette
