2822 3966
1527 90 1606 160 16
518 137 1523 239 » Cette somme je l’ai obtenue pour remplir le rôle
481 226 1509 282 de madame la Vierge, je l’ai portée pour la rançon
480 277 1511 347 de mon père, et malgré la promesse faite, les voilà
485 328 1502 390 tenez, les voilà, les méchants! qui le mettent au pi-
481 380 1515 430 lori. — Et, en ce moment, on voyait, en effet, Pierre
485 435 1507 496 Landry qui se débattait contre le bourreau et ses
481 489 1517 537 aides, qui voulaient le contraindre de se placer dans
488 537 1514 603 le tour infamant. Pitié, pitié, criait Blanche, au nom
487 586 1517 657 de la sainte Vierge Marie qui vous parle par ma
491 641 1259 698 bouche, sauvez-le, sauvez l'innocent! »
530 696 1515 756 Aux accounts de cette voix vibrante, à la vue de ces
493 741 1524 797 larmes, de ces gestes qui commandent à la fois et qui
497 793 1517 860 supplient, une clameur, immense comme le bruit de
497 847 1515 911 la tempête, s’élève de la foule passionnée ; la vague
493 893 1515 965 populaire monte, s’agite, roule et déborde avec fracas,
488 942 1513 1005 rien ne lui résiste, et qui pourrait lui faire obstacle :
491 990 1518 1059 en une seconde la place du pilori est envahie, le brave
488 1054 1509 1105 Landry est délivré, le bourreau et ses aide n’échap-
491 1102 1511 1159 pent que par une prompte fuite à l’immolation qui
491 1151 1515 1211 les menace. Cette première victoire remportée, on
491 1192 1517 1263 s’attaque à l’instrument du supplice : ce qui est de
497 1258 1518 1315 pierre est brisé, ce qui est de bois est livré aux
488 1292 1513 1365 flammes; puis, fier d’avoir ainsi placé sa bonne et ré¬
496 1339 1514 1415 paratrice justice au-dessus de celle du grand prévôt.
488 1401 1511 1466 le peuple revient plus ardent que jamais à son spec¬
488 1462 1518 1507 tacle, pour assister à la sarabande finale, conduite
497 1506 1518 1569 par la mort elle-même, et qui a donné son nom à ce
488 1564 1499 1622 genre de spectacle, pour cela appelé la Danse ma
489 1615 615 1679 cabre.
977 1668 1033 1754 V.
708 1770 1296 1848 LA VIERGE AUX DEUX ÉCUS.
533 1866 1523 1920 Cependant le parti des royalistes ou Armagnacs, pour
493 1914 1523 1975 l’appeler de son nom, avait repris pour quelque
491 1973 1514 2018 temps le dessus; Landry, sorti des rudes épreuves que
491 2011 1514 2074 nous lui avons vu traverser, avait alors à lutter contre
488 2061 1509 2125 les obsessions de ses amis qui prétendaient qu’il de-
497 2114 1519 2165 vait rechercher le comte de Châtillon afin de tâcher
488 2167 1519 2221 d’obtenir le prix du service qu’il lui avait rendu.
488 2214 1523 2279 Mais le brave enlumineur leur répondait que ce qu’il
488 2276 1523 2334 avait fait était simple oeuvre d’honnête homme et
488 2321 1523 2375 de bon chrétien, qui ne devait rapporter profit que
488 2371 1519 2426 dans le ciel, et en cela il avait la pleine approbation de
491 2424 1511 2490 sa fille, qui, fidèle à ses habitudes modestes et labo¬
488 2467 1523 2531 rieuses, avait repris, comme si rien ne fût arrivé, la
488 2524 1523 2581 direction de sa petite boutique d’aiguilleterie, dont le
489 2573 1290 2635 produit, hélas ! était toujours bien léger.
535 2616 1523 2681 Quoi qu’il en soit, jamais plus ils n’entendirent
493 2684 1507 2743 parler du comte, ce dont ils se consolèrent aisé
489 2734 1523 2790 ment; à une époque où les malheurs publics étaient
488 2783 1523 2838 si grands, qui pouvait songer à un pauvre enlumineur
488 2830 1523 2900 et à une simple aiguilletière? Mais Dieu ne voulut pas
491 2891 1524 2943 que leur bonne action restât sans récompense, et elle
481 2938 1523 2991 leur parvint par une voie aussi étrange qu’imprévue.
530 2990 1524 3046 L’affaire du pilori et l’appel fait au populaire par
491 3040 1524 3121 la vierge de la danse macabre avaient fait du bruit,
1596 131 2635 229 et donné à la gente aiguilletière une sorte de renom.
1638 218 2634 280 Son oncle Gringonneur, le peintre, voulut consacrer
1598 274 2640 332 par son pinceau le souvenir de la noble conduite du
1602 334 2630 381 père et de la fille, et enlumina de merveilleuses cou¬
1598 380 2640 423 leurs et dorures un grand tableau représentant d’un
1596 433 2635 476 côté le diable et de l’autre la vierge sous la figure de
1601 472 2636 531 Blanche, qui, de sa main rosette, mettait dans sa
1593 535 2641 576 noire griffe, aux ongles crochus et roussis, deux
1596 576 2638 654 beaux écus d’argent, avec cette inscription qui servit
1593 637 2106 708 d’enseigne à la boutique :
1834 694 2409 774 A la Vierge aux deux escus.
1638 804 2641 869 Le peuple de Paris, qui de tout temps, à ce qu’il
1602 880 2634 932 paraît, a été taquin, railway et cherchant finesse par-
1598 919 2638 977 tout, crut s’aviser que le peintre avait prêté au diable
1602 964 2631 1027 les traits de M. le grand prévôt; mais cette mali¬
1598 1018 2645 1085 cieuseté, imaginaire ou réelle, ne fit qu’accroître la
1608 1077 2641 1131 vogue de la superbe enseigne. On accourait de toutes
1605 1122 2645 1191 parts pour voir « la plus mirifique ymage qui oncques
1598 1172 2652 1226 eust décoré un ostel; » manants et bourgeois, nobles et
1608 1224 2651 1295 vilains venaient à la suite admirer l’enseigne, et
1598 1275 2652 1328 comme, après avoir contemplé le portrait, on voulait le
1598 1325 2634 1386 comparer au modèle, c’était, dans la modeste bou-
1598 1379 2640 1430 tique, du matin au soir, une procession sans fin d’ache¬
1598 1436 2645 1490 teurs si nombreux, qu’il fallut bientôt à Blanche, qui
1598 1486 2645 1542 ne revenait pas de son ébahissement, une douzaine
1598 1532 2511 1589 d’aides, lesquelles étaient encore insuffisantes.
1650 1580 2638 1641 Les choses allèrent si bien et d’un si bon train
1598 1643 2648 1704 qu’en quelques mois de cette vogue Landry et sa fille
1608 1688 2636 1749 avaient plus gagné qu’ils n’auraient pu le faire aupa-
1605 1738 2359 1801 ravant dans le cours de toute leur vie.
1647 1779 2641 1853 Landry, à qui l’expérience avait donné la sagesse,
1610 1849 2651 1910 profita habilement de cette miraculeuse réussite : il
1605 1900 2645 1953 vendit pour une grosse somme, qui alla augmenter
1605 1945 2659 2011 leur épargne, la boutique tant renommée, et, fuyant
1605 1999 2652 2055 le bruit et l’éclat toujours dangereux, ils allèrent, dans
1604 2049 2659 2105 une calme et riante campagne à quelques lieues de
1608 2105 2657 2159 Paris et de ses agitations, jouir des doux loisirs d’une
1610 2152 2653 2208 vie ignorée, tranquille, et, par cela même, heureuse.
1656 2209 2644 2258 Quand, l’année suivante, le partibourguignon triom¬
1614 2256 2655 2313 pha définitivement, grâce à la trahison de Périnet
1605 2309 2653 2371 Leclerc, qui ouvrit la porte de Buci aux soldats du duc
1610 2362 2651 2416 de Bourgogne dans la nuit du 29 mai 1418 (1), l’en-
1605 2409 2663 2473 seigne de la Vierge aux deux escus fut détruite comme
1605 2467 2663 2521 manifestation royaliste, injurieuse pour le duc, et la
1605 2517 2607 2585 boutique d’aiguilleterie disparut avec son enseigne.
1656 2569 2657 2628 Mais son souvenir resta dans la mémoire du peuple,
1605 2627 2663 2685 qui n’appela plus désormais la rue Traversine que la
1605 2673 2659 2728 rue de la Vierge aux deux escus, et pour aller au plus
1614 2722 2641 2789 court rue des deux Escus, ainsi qu’elle se nomme en
1608 2777 1965 2847 core aujourd’hui.
2248 2810 2545 2896 VICTOR HERBIN.
1650 2949 2657 3000 (1) Nous avons raconté dans ce recueil la trahison de
1614 3000 2663 3053 Périnet Leclerc à l’article : Origine du nom de la rue Saint-
1605 3042 1887 3107 André-des-Arts.
