<?xml version="1.0" encoding="UTF-8" standalone="yes"?><PcGts xmlns="http://schema.primaresearch.org/PAGE/gts/pagecontent/2013-07-15"><Metadata><Creator>prov=READ-COOP:name=TrHtr:version=2.44.0:model_id=51170:date=15_06_2026_19:41</Creator><Created>2026-05-26T10:53:45.608965</Created><LastChange>2026-06-20T13:25:57.705+02:00</LastChange><TranskribusMetadata docId="14756063" pageId="115166914" pageNr="363" userId="187713" imgUrl="https://files.transkribus.eu/Get?fileType=view&amp;id=AEANGFWQOULLVLLJRHKVZUVR" imageId="97254431"/></Metadata><Page imageFilename="20144531_363.jpg" imageWidth="2897" imageHeight="4318"><TextRegion id="tr_1779785671" custom="readingOrder {index:0;} structure {type:page-number;score:0.99;}"><Coords points="1186,218 1311,218 1311,286 1186,286"/><TextLine id="tr_1779785671_tl_1" custom="readingOrder {index:0;}"><Coords points="1194,295 1222,287 1241,295 1264,287 1275,295 1285,287 1296,287 1295,218 1285,218 1276,225 1257,218 1245,223 1229,217 1217,231 1192,239"/><Baseline points="1200,265 1245,268 1290,268 1298,265"/><TextEquiv><Unicode>335</Unicode></TextEquiv></TextLine><TextEquiv><Unicode></Unicode></TextEquiv></TextRegion><TextRegion id="tr_1779785675" custom="readingOrder {index:1;} structure {type:heading;score:0.8;}"><Coords points="615,303 734,303 734,381 615,381"/><TextLine id="l" custom="readingOrder {index:0;}"><Coords points="661,363 712,363 712,333 661,333"/><Baseline points="661,363 712,363"/><TextEquiv><Unicode></Unicode></TextEquiv></TextLine><TextEquiv><Unicode></Unicode></TextEquiv></TextRegion><TextRegion id="tr_1779785674" custom="readingOrder {index:2;} structure {type:heading;score:0.82;}"><Coords points="152,402 1208,389 1208,525 139,521"/><TextLine id="tr_1779785674_tl_1" custom="readingOrder {index:0;}"><Coords points="147,480 1164,490 1206,477 1207,415 360,449 148,413"/><Baseline points="155,465 179,465 223,465 268,465 313,462 358,465 403,465 447,465 492,465 537,462 582,462 627,462 671,462 716,459 761,459 806,459 851,456 895,456 940,456 985,459 1030,456 1075,456 1119,456 1164,456 1209,456"/><TextEquiv><Unicode>Comment une pluie presque diluvienne procura à</Unicode></TextEquiv></TextLine><TextLine id="tr_1779785674_tl_2" custom="readingOrder {index:1;}"><Coords points="248,549 1101,521 1101,479 248,491"/><Baseline points="256,519 298,519 343,522 388,519 432,519 477,519 522,519 567,519 612,519 656,519 701,516 746,516 791,516 836,516 880,513 925,513 970,513 1015,513 1060,513 1104,513"/><TextEquiv><Unicode>l’auteur le plaisir de satisfaire sa curiosité.</Unicode></TextEquiv></TextLine><TextEquiv><Unicode></Unicode></TextEquiv></TextRegion><TextRegion id="tr_1779785670" custom="readingOrder {index:3;} structure {type:paragraph;score:0.99;}"><Coords points="135,573 1234,564 1231,3622 122,3622"/><TextLine id="tr_1779785670_tl_1" custom="readingOrder {index:0;}"><Coords points="190,651 1203,643 1186,583 190,595"/><Baseline points="197,636 220,636 265,636 310,636 355,636 400,636 444,633 489,636 534,636 579,636 624,633 668,633 713,633 758,633 803,633 848,633 892,633 937,633 982,630 1027,630 1072,630 1116,630 1161,630 1206,633"/><TextEquiv><Unicode>La maison qu’on nous proposait était située dans la</Unicode></TextEquiv></TextLine><TextLine id="tr_1779785670_tl_2" custom="readingOrder {index:1;}"><Coords points="154,697 1160,696 1192,647 155,647"/><Baseline points="161,686 164,683 209,686 253,689 298,689 343,689 388,686 432,686 477,686 522,686 567,686 612,686 656,686 701,686 746,686 791,686 836,686 880,686 925,683 970,683 1015,683 1060,683 1104,680 1149,680 1194,674"/><TextEquiv><Unicode>rue l’Huillier; elle se composait d’une petite cour car¬</Unicode></TextEquiv></TextLine><TextLine id="tr_1779785670_tl_3" custom="readingOrder {index:2;}"><Coords points="154,746 1199,751 1199,699 1126,692 154,704"/><Baseline points="161,734 173,737 217,740 262,740 307,740 352,740 397,737 441,737 486,737 531,737 576,737 621,737 665,737 710,737 755,737 800,737 845,737 889,737 934,734 979,734 1024,734 1069,734 1113,734 1158,734 1203,731"/><TextEquiv><Unicode>rée entourée de galeries, de trois ou quatre chambres</Unicode></TextEquiv></TextLine><TextLine id="tr_1779785670_tl_4" custom="readingOrder {index:3;}"><Coords points="151,800 1187,801 1200,751 152,750"/><Baseline points="158,788 173,788 217,791 262,791 307,788 352,788 397,788 441,788 486,785 531,785 576,785 621,785 665,785 710,785 755,785 800,785 845,785 889,782 934,782 979,785 1024,782 1069,782 1113,782 1158,782 1203,785"/><TextEquiv><Unicode>longues et étroites, d’un Salon avec deux marabouts,</Unicode></TextEquiv></TextLine><TextLine id="tr_1779785670_tl_5" custom="readingOrder {index:4;}"><Coords points="155,858 1149,858 1202,846 1203,797 156,803"/><Baseline points="164,842 176,842 220,842 265,842 310,842 355,839 400,839 444,836 489,839 534,836 579,836 624,836 668,836 713,836 758,836 803,836 848,836 892,836 937,836 982,836 1027,836 1072,836 1116,836 1161,836 1206,836"/><TextEquiv><Unicode>trois lucarnes et une colonne au milieu, soutenant les</Unicode></TextEquiv></TextLine><TextLine id="tr_1779785670_tl_6" custom="readingOrder {index:5;}"><Coords points="163,914 1196,893 1196,844 165,869"/><Baseline points="170,895 215,895 259,892 304,889 349,889 394,892 438,892 483,889 528,889 573,889 618,889 662,889 707,889 752,889 797,889 842,889 886,889 931,886 976,886 1021,886 1066,886 1110,886 1155,886 1200,886"/><TextEquiv><Unicode>poutres du plafond; de plus, deux fenêtres donnant</Unicode></TextEquiv></TextLine><TextLine id="tr_1779785670_tl_7" custom="readingOrder {index:6;}"><Coords points="147,948 1188,944 1150,898 147,913"/><Baseline points="155,946 161,946 206,946 250,943 295,943 340,943 385,943 430,943 474,943 519,943 564,943 609,943 653,943 698,943 743,943 788,943 833,943 877,943 922,940 967,940 1012,940 1057,940 1101,940 1146,940 1191,940"/><TextEquiv><Unicode>sur la rue, deux fenêtres françaises et une cheminée</Unicode></TextEquiv></TextLine><TextLine id="tr_1779785670_tl_8" custom="readingOrder {index:7;}"><Coords points="147,1010 1194,1009 1173,950 147,962"/><Baseline points="155,997 200,997 244,997 289,997 334,997 379,997 424,997 468,997 513,997 558,997 603,997 647,997 692,997 737,997 782,997 827,994 871,997 916,997 961,994 1006,994 1051,994 1095,994 1140,994 1185,997 1197,1000"/><TextEquiv><Unicode>Les murs étaient tales et raboteux, le sol inégal,</Unicode></TextEquiv></TextLine><TextLine id="tr_1779785670_tl_9" custom="readingOrder {index:8;}"><Coords points="147,1064 1199,1060 1169,1001 147,1026"/><Baseline points="155,1048 200,1051 244,1051 289,1048 334,1048 379,1051 424,1048 468,1051 513,1051 558,1051 603,1051 647,1048 692,1051 737,1048 782,1048 827,1048 871,1048 916,1048 961,1048 1006,1048 1051,1048 1095,1045 1140,1048 1185,1051 1203,1051"/><TextEquiv><Unicode>mais les fenêtres m’avaient séduite tout d’abord ; car,</Unicode></TextEquiv></TextLine><TextLine id="tr_1779785670_tl_10" custom="readingOrder {index:9;}"><Coords points="147,1115 1194,1111 1194,1063 147,1067"/><Baseline points="155,1101 167,1101 212,1104 256,1104 301,1104 346,1101 391,1104 435,1104 480,1104 525,1101 570,1101 615,1101 659,1101 704,1101 749,1101 794,1101 839,1101 883,1101 928,1098 973,1098 1018,1098 1063,1098 1107,1098 1152,1098 1197,1098"/><TextEquiv><Unicode>malgré ses murailles lézardées qui semblaient mena¬</Unicode></TextEquiv></TextLine><TextLine id="tr_1779785670_tl_11" custom="readingOrder {index:10;}"><Coords points="154,1163 1199,1163 1176,1107 154,1129"/><Baseline points="161,1155 173,1155 217,1155 262,1155 307,1155 352,1155 397,1155 441,1155 486,1155 531,1155 576,1155 621,1155 665,1155 710,1152 755,1152 800,1152 845,1152 889,1152 934,1152 979,1152 1024,1152 1069,1149 1113,1149 1158,1149 1203,1146"/><TextEquiv><Unicode>cer ruine, son toit légèrement percé à jour, son esca¬</Unicode></TextEquiv></TextLine><TextLine id="tr_1779785670_tl_12" custom="readingOrder {index:11;}"><Coords points="159,1217 1199,1206 1199,1173 1084,1161 159,1171"/><Baseline points="167,1206 173,1206 217,1209 262,1206 307,1206 352,1206 397,1206 441,1206 486,1209 531,1209 576,1209 621,1209 665,1206 710,1206 755,1206 800,1206 845,1206 889,1203 934,1203 979,1203 1024,1203 1069,1203 1113,1203 1158,1203 1203,1200"/><TextEquiv><Unicode>lier, véritable échelle, malgré beaucoup d’autres incon¬</Unicode></TextEquiv></TextLine><TextLine id="tr_1779785670_tl_13" custom="readingOrder {index:12;}"><Coords points="159,1276 1210,1266 1199,1214 159,1229"/><Baseline points="167,1257 182,1257 226,1260 271,1260 316,1260 361,1260 406,1260 450,1260 495,1260 540,1260 585,1260 630,1260 674,1260 719,1260 764,1260 809,1260 854,1260 898,1257 943,1257 988,1257 1033,1257 1078,1254 1122,1254 1167,1254 1212,1254"/><TextEquiv><Unicode>vénients encore, cette maison, qui avait déjà été</Unicode></TextEquiv></TextLine><TextLine id="tr_1779785670_tl_14" custom="readingOrder {index:13;}"><Coords points="154,1316 1198,1311 1153,1262 154,1271"/><Baseline points="161,1310 170,1310 215,1310 259,1310 304,1313 349,1310 394,1313 438,1313 483,1313 528,1313 573,1310 618,1313 662,1313 707,1310 752,1310 797,1310 842,1310 886,1310 931,1310 976,1310 1021,1310 1066,1310 1110,1310 1155,1307 1200,1304"/><TextEquiv><Unicode>habitée et appropriée à nos usages par nos compa¬</Unicode></TextEquiv></TextLine><TextLine id="tr_1779785670_tl_15" custom="readingOrder {index:14;}"><Coords points="159,1372 1190,1380 1177,1322 159,1326"/><Baseline points="167,1364 206,1361 250,1364 295,1364 340,1364 385,1364 430,1364 474,1364 519,1364 564,1361 609,1364 653,1364 698,1364 743,1364 788,1364 833,1361 877,1364 922,1364 967,1361 1012,1361 1057,1361 1101,1364 1146,1361 1191,1361"/><TextEquiv><Unicode>triotes, était une véritable trouvaille, un bijou pour</Unicode></TextEquiv></TextLine><TextLine id="tr_1779785670_tl_16" custom="readingOrder {index:15;}"><Coords points="159,1430 1206,1418 1161,1370 159,1374"/><Baseline points="167,1418 179,1418 223,1418 268,1418 313,1418 358,1418 403,1418 447,1418 492,1418 537,1418 582,1418 627,1415 671,1418 716,1415 761,1415 806,1415 851,1415 895,1415 940,1415 985,1415 1030,1412 1075,1415 1119,1412 1164,1412 1209,1412"/><TextEquiv><Unicode>le pays, comme on eut soin de me le dire; aussi le</Unicode></TextEquiv></TextLine><TextLine id="tr_1779785670_tl_17" custom="readingOrder {index:16;}"><Coords points="154,1480 1199,1478 1199,1432 154,1434"/><Baseline points="161,1466 173,1466 217,1469 262,1469 307,1469 352,1469 397,1469 441,1469 486,1469 531,1469 576,1469 621,1469 665,1469 710,1469 755,1466 800,1466 845,1466 889,1466 934,1466 979,1466 1024,1466 1069,1466 1113,1463 1158,1463 1203,1463"/><TextEquiv><Unicode>marché fut-il bientôt conclu entre nous et le juif son</Unicode></TextEquiv></TextLine><TextLine id="tr_1779785670_tl_18" custom="readingOrder {index:17;}"><Coords points="165,1536 1190,1528 1190,1480 1137,1470 166,1484"/><Baseline points="173,1522 206,1519 250,1519 295,1519 340,1519 385,1516 430,1519 474,1519 519,1519 564,1519 609,1519 653,1519 698,1519 743,1519 788,1519 833,1516 877,1516 922,1516 967,1519 1012,1516 1057,1516 1101,1516 1146,1516 1191,1513"/><TextEquiv><Unicode>propriétaire, qui nous la loua à raison de 1,000 francs</Unicode></TextEquiv></TextLine><TextLine id="tr_1779785670_tl_19" custom="readingOrder {index:18;}"><Coords points="159,1586 178,1590 197,1577 204,1581 224,1577 252,1587 271,1581 301,1582 301,1542 286,1536 274,1540 264,1536 237,1546 218,1532 209,1539 161,1535"/><Baseline points="167,1573 170,1573 215,1570 259,1570 304,1570"/><TextEquiv><Unicode>par an.</Unicode></TextEquiv></TextLine><TextLine id="tr_1779785670_tl_20" custom="readingOrder {index:19;}"><Coords points="196,1631 1203,1639 1203,1587 1167,1579 196,1582"/><Baseline points="203,1618 247,1621 292,1621 337,1621 382,1621 427,1621 471,1621 516,1621 561,1621 606,1621 650,1621 695,1621 740,1621 785,1624 830,1621 874,1621 919,1621 964,1621 1009,1624 1054,1621 1098,1621 1143,1624 1188,1624 1206,1624"/><TextEquiv><Unicode>Ravie de l’espoir de me trouver bientôt dans une</Unicode></TextEquiv></TextLine><TextLine id="tr_1779785670_tl_21" custom="readingOrder {index:20;}"><Coords points="159,1683 1206,1693 1179,1629 159,1637"/><Baseline points="167,1672 212,1672 256,1675 301,1672 346,1672 391,1672 435,1672 480,1672 525,1672 570,1672 615,1672 659,1672 704,1675 749,1675 794,1675 839,1675 883,1675 928,1675 973,1675 1018,1675 1063,1675 1107,1675 1152,1675 1197,1675 1209,1675"/><TextEquiv><Unicode>chambre où l'on verrait clair, je repris la route de</Unicode></TextEquiv></TextLine><TextLine id="tr_1779785670_tl_22" custom="readingOrder {index:21;}"><Coords points="154,1736 1199,1741 1199,1697 1079,1682 154,1695"/><Baseline points="161,1726 206,1726 250,1726 295,1726 340,1726 385,1726 430,1726 474,1726 519,1726 564,1726 609,1726 653,1726 698,1726 743,1728 788,1726 833,1728 877,1728 922,1726 967,1726 1012,1726 1057,1726 1101,1728 1146,1728 1191,1728 1203,1728"/><TextEquiv><Unicode>mon ancienne demeure que je ne pouvais quitter</Unicode></TextEquiv></TextLine><TextLine id="tr_1779785670_tl_23" custom="readingOrder {index:22;}"><Coords points="154,1791 1211,1797 1211,1739 154,1748"/><Baseline points="161,1776 206,1779 250,1776 295,1776 340,1776 385,1779 430,1776 474,1779 519,1776 564,1779 609,1779 653,1779 698,1779 743,1776 788,1779 833,1779 877,1779 922,1779 967,1779 1012,1779 1057,1779 1101,1779 1146,1779 1191,1779 1215,1782"/><TextEquiv><Unicode>avant quelques jours; mais ne voulant pas rentrer chez</Unicode></TextEquiv></TextLine><TextLine id="tr_1779785670_tl_24" custom="readingOrder {index:23;}"><Coords points="154,1841 1204,1842 1204,1790 154,1801"/><Baseline points="161,1827 206,1830 250,1830 295,1830 340,1827 385,1830 430,1830 474,1830 519,1827 564,1830 609,1830 653,1827 698,1830 743,1830 788,1833 833,1830 877,1830 922,1833 967,1830 1012,1833 1057,1833 1101,1833 1146,1833 1191,1833 1206,1833"/><TextEquiv><Unicode>moi sans remercier Dieu de la protection qu’il nous</Unicode></TextEquiv></TextLine><TextLine id="tr_1779785670_tl_25" custom="readingOrder {index:24;}"><Coords points="156,1899 1200,1900 1200,1853 1105,1845 156,1844"/><Baseline points="164,1881 209,1881 253,1881 298,1881 343,1881 388,1881 432,1881 477,1884 522,1881 567,1881 612,1881 656,1881 701,1881 746,1881 791,1884 836,1881 880,1884 925,1887 970,1884 1015,1884 1060,1884 1104,1884 1149,1884 1194,1881 1203,1881"/><TextEquiv><Unicode>avait accordée pendant notre voyage, je me fis con¬</Unicode></TextEquiv></TextLine><TextLine id="tr_1779785670_tl_26" custom="readingOrder {index:25;}"><Coords points="159,1949 1211,1953 1211,1899 159,1899"/><Baseline points="167,1932 212,1935 256,1932 301,1932 346,1932 391,1932 435,1935 480,1935 525,1935 570,1935 615,1935 659,1935 704,1935 749,1935 794,1935 839,1935 883,1935 928,1935 973,1935 1018,1938 1063,1938 1107,1938 1152,1938 1197,1938 1215,1938"/><TextEquiv><Unicode>duire à l’église, que je n’avais pas encore eu le temps</Unicode></TextEquiv></TextLine><TextLine id="tr_1779785670_tl_27" custom="readingOrder {index:26;}"><Coords points="163,1993 1207,2002 1192,1945 163,1952"/><Baseline points="170,1985 215,1982 259,1985 304,1985 349,1985 394,1985 438,1985 483,1985 528,1982 573,1985 618,1988 662,1985 707,1988 752,1988 797,1988 842,1988 886,1988 931,1988 976,1988 1021,1988 1066,1988 1110,1988 1155,1988 1200,1988 1209,1985"/><TextEquiv><Unicode>de visiter. Cette église, qui était naguère une des prin¬</Unicode></TextEquiv></TextLine><TextLine id="tr_1779785670_tl_28" custom="readingOrder {index:27;}"><Coords points="159,2050 1107,2060 1208,2049 1211,2000 158,1996"/><Baseline points="167,2036 212,2036 256,2036 301,2036 346,2036 391,2036 435,2036 480,2036 525,2036 570,2036 615,2039 659,2039 704,2039 749,2039 794,2042 839,2042 883,2042 928,2039 973,2042 1018,2042 1063,2042 1107,2042 1152,2042 1197,2045 1215,2045"/><TextEquiv><Unicode>cipales mosquées de Constantin, n’est remarquable</Unicode></TextEquiv></TextLine><TextLine id="tr_1779785670_tl_29" custom="readingOrder {index:28;}"><Coords points="163,2111 1207,2104 1191,2050 163,2051"/><Baseline points="170,2087 215,2090 259,2090 304,2090 349,2090 394,2090 438,2090 483,2090 528,2090 573,2090 618,2090 662,2090 707,2090 752,2090 797,2093 842,2093 886,2093 931,2093 976,2093 1021,2093 1066,2093 1110,2093 1155,2093 1200,2096 1209,2096"/><TextEquiv><Unicode>que par les moulures coloriées et les inscriptions en</Unicode></TextEquiv></TextLine><TextLine id="tr_1779785670_tl_30" custom="readingOrder {index:29;}"><Coords points="163,2153 1192,2167 1199,2112 162,2113"/><Baseline points="170,2141 215,2141 259,2144 304,2141 349,2141 394,2141 438,2141 483,2141 528,2141 573,2144 618,2144 662,2144 707,2144 752,2144 797,2144 842,2144 886,2144 931,2144 976,2144 1021,2147 1066,2147 1110,2147 1155,2147 1200,2150 1203,2150"/><TextEquiv><Unicode>caractères arabes qui décorent une partie de ses murs,</Unicode></TextEquiv></TextLine><TextLine id="tr_1779785670_tl_31" custom="readingOrder {index:30;}"><Coords points="163,2208 1203,2201 1114,2154 163,2151"/><Baseline points="170,2194 215,2194 259,2191 304,2194 349,2194 394,2194 438,2194 483,2194 528,2194 573,2194 618,2194 662,2194 707,2194 752,2197 797,2197 842,2197 886,2197 931,2197 976,2197 1021,2197 1066,2197 1110,2197 1155,2197 1200,2194 1206,2194"/><TextEquiv><Unicode>on y chercherait en vain la majesté grave et impo¬</Unicode></TextEquiv></TextLine><TextLine id="tr_1779785670_tl_32" custom="readingOrder {index:31;}"><Coords points="155,2252 1206,2263 1180,2205 154,2221"/><Baseline points="161,2242 206,2245 250,2245 295,2245 340,2245 385,2245 430,2245 474,2245 519,2245 564,2245 609,2245 653,2248 698,2248 743,2248 788,2248 833,2248 877,2251 922,2248 967,2251 1012,2251 1057,2251 1101,2251 1146,2251 1191,2251 1209,2251"/><TextEquiv><Unicode>sante de nos cathédrales gothiques. L'enceinte sacrée</Unicode></TextEquiv></TextLine><TextLine id="tr_1779785670_tl_33" custom="readingOrder {index:32;}"><Coords points="159,2308 1206,2320 1183,2258 159,2266"/><Baseline points="167,2296 212,2296 256,2296 301,2299 346,2296 391,2299 435,2299 480,2296 525,2299 570,2299 615,2299 659,2299 704,2299 749,2302 794,2302 839,2302 883,2302 928,2302 973,2302 1018,2302 1063,2305 1107,2305 1152,2302 1197,2302 1209,2305"/><TextEquiv><Unicode>était presque déserte, seulement une petite troupe de</Unicode></TextEquiv></TextLine><TextLine id="tr_1779785670_tl_34" custom="readingOrder {index:33;}"><Coords points="163,2366 1203,2379 1179,2309 163,2309"/><Baseline points="170,2353 215,2350 259,2350 304,2350 349,2350 394,2350 438,2350 483,2350 528,2350 573,2350 618,2350 662,2353 707,2353 752,2353 797,2353 842,2356 886,2356 931,2356 976,2356 1021,2353 1066,2356 1110,2356 1155,2356 1200,2356 1206,2353"/><TextEquiv><Unicode>jeunes filles vêtues à la française, et quatre ou cinq</Unicode></TextEquiv></TextLine><TextLine id="tr_1779785670_tl_35" custom="readingOrder {index:34;}"><Coords points="156,2408 1207,2416 1156,2364 156,2364"/><Baseline points="164,2400 209,2400 253,2400 298,2400 343,2400 388,2400 432,2400 477,2403 522,2403 567,2403 612,2403 656,2403 701,2406 746,2406 791,2406 836,2406 880,2406 925,2406 970,2406 1015,2409 1060,2406 1104,2409 1149,2409 1194,2409 1209,2406"/><TextEquiv><Unicode>religieuses, chantaient les litanies au pied de la statue</Unicode></TextEquiv></TextLine><TextLine id="tr_1779785670_tl_36" custom="readingOrder {index:35;}"><Coords points="163,2452 1207,2467 1206,2416 162,2417"/><Baseline points="170,2451 215,2451 259,2451 304,2451 349,2451 394,2451 438,2454 483,2454 528,2454 573,2454 618,2454 662,2454 707,2457 752,2457 797,2457 842,2457 886,2460 931,2460 976,2460 1021,2460 1066,2460 1110,2460 1155,2460 1200,2460 1209,2463"/><TextEquiv><Unicode>de Notre-Dame-des-Sept-Douleurs (1). Au milieu</Unicode></TextEquiv></TextLine><TextLine id="tr_1779785670_tl_37" custom="readingOrder {index:36;}"><Coords points="159,2506 1203,2518 1203,2480 1133,2464 159,2455"/><Baseline points="167,2502 212,2502 256,2502 301,2502 346,2502 391,2505 435,2505 480,2505 525,2505 570,2508 615,2508 659,2508 704,2508 749,2508 794,2508 839,2508 883,2508 928,2511 973,2511 1018,2511 1063,2511 1107,2511 1152,2511 1197,2511 1206,2511"/><TextEquiv><Unicode>d’elles je reconnus avec une sorte de plaisir la vieille</Unicode></TextEquiv></TextLine><TextLine id="tr_1779785670_tl_38" custom="readingOrder {index:37;}"><Coords points="159,2564 1203,2569 1203,2530 1087,2517 159,2525"/><Baseline points="167,2550 212,2556 256,2556 301,2556 346,2556 391,2556 435,2556 480,2556 525,2559 570,2556 615,2559 659,2559 704,2559 749,2559 794,2559 839,2562 883,2562 928,2562 973,2562 1018,2562 1063,2562 1107,2562 1152,2562 1197,2562 1206,2559"/><TextEquiv><Unicode>sœur de charité que j’avais remarquée deux heures</Unicode></TextEquiv></TextLine><TextLine id="tr_1779785670_tl_39" custom="readingOrder {index:38;}"><Coords points="165,2622 1140,2634 1199,2631 1198,2573 163,2580"/><Baseline points="170,2606 215,2606 259,2606 304,2606 349,2606 394,2609 438,2606 483,2609 528,2609 573,2609 618,2609 662,2609 707,2612 752,2612 797,2609 842,2612 886,2612 931,2612 976,2612 1021,2612 1066,2612 1110,2615 1155,2615 1200,2612 1203,2612"/><TextEquiv><Unicode>auparavant dans la rue de la Mouche. Elle demeurait</Unicode></TextEquiv></TextLine><TextLine id="tr_1779785670_tl_40" custom="readingOrder {index:39;}"><Coords points="154,2666 1206,2673 1206,2626 154,2619"/><Baseline points="161,2657 206,2660 250,2660 295,2660 340,2660 385,2660 430,2660 474,2660 519,2663 564,2660 609,2663 653,2663 698,2663 743,2663 788,2663 833,2663 877,2663 922,2663 967,2666 1012,2666 1057,2666 1101,2666 1146,2666 1191,2666 1209,2666"/><TextEquiv><Unicode>immobile au pied de l’autel, ses petites mains, un peu</Unicode></TextEquiv></TextLine><TextLine id="tr_1779785670_tl_41" custom="readingOrder {index:40;}"><Coords points="163,2718 1207,2733 1207,2675 163,2679"/><Baseline points="170,2714 215,2711 259,2714 304,2714 349,2714 394,2714 438,2714 483,2717 528,2714 573,2717 618,2717 662,2717 707,2714 752,2717 797,2717 842,2717 886,2717 931,2717 976,2717 1021,2717 1066,2720 1110,2717 1155,2717 1200,2717 1209,2717"/><TextEquiv><Unicode>décharnées, étaient croisées sur sa poitrine, et de ses</Unicode></TextEquiv></TextLine><TextLine id="tr_1779785670_tl_42" custom="readingOrder {index:41;}"><Coords points="169,2781 1206,2787 1206,2741 1155,2729 169,2724"/><Baseline points="176,2756 220,2762 265,2765 310,2765 355,2765 400,2768 444,2768 489,2768 534,2768 579,2768 624,2768 668,2768 713,2768 758,2771 803,2771 848,2771 892,2771 937,2771 982,2771 1027,2771 1072,2771 1116,2771 1161,2771 1206,2777 1209,2777"/><TextEquiv><Unicode>yeux élevés vers le ciel coulaient d’abondantes larmes,</Unicode></TextEquiv></TextLine><TextLine id="tr_1779785670_tl_43" custom="readingOrder {index:42;}"><Coords points="159,2826 1206,2838 1187,2782 158,2791"/><Baseline points="167,2812 212,2815 256,2815 301,2815 346,2818 391,2818 435,2818 480,2818 525,2821 570,2821 615,2821 659,2821 704,2821 749,2821 794,2824 839,2824 883,2821 928,2821 973,2824 1018,2824 1063,2824 1107,2821 1152,2821 1197,2824 1209,2821"/><TextEquiv><Unicode>mais ces larmes étaient douces, à coup sûr, comme</Unicode></TextEquiv></TextLine><TextLine id="tr_1779785670_tl_44" custom="readingOrder {index:43;}"><Coords points="159,2866 1203,2892 1176,2834 159,2840"/><Baseline points="167,2866 212,2866 256,2866 301,2869 346,2869 391,2869 435,2872 480,2872 525,2872 570,2872 615,2872 659,2875 704,2875 749,2875 794,2875 839,2875 883,2875 928,2875 973,2875 1018,2878 1063,2875 1107,2875 1152,2875 1197,2875 1206,2872"/><TextEquiv><Unicode>on en pouvait juger à la physionomie toute pleine de</Unicode></TextEquiv></TextLine><TextLine id="tr_1779785670_tl_45" custom="readingOrder {index:44;}"><Coords points="159,2925 1180,2947 1203,2890 158,2878"/><Baseline points="167,2917 212,2917 256,2917 301,2920 346,2920 391,2920 435,2923 480,2923 525,2923 570,2923 615,2926 659,2926 704,2926 749,2926 794,2926 839,2929 883,2929 928,2926 973,2929 1018,2929 1063,2929 1107,2929 1152,2926 1197,2926 1206,2926"/><TextEquiv><Unicode>béatitude de la vénérable sœur. Après le chant des</Unicode></TextEquiv></TextLine><TextLine id="tr_1779785670_tl_46" custom="readingOrder {index:45;}"><Coords points="166,2975 1200,2997 1199,2946 1134,2939 166,2927"/><Baseline points="173,2968 217,2971 262,2971 307,2971 352,2971 397,2971 441,2974 486,2974 531,2977 576,2977 621,2977 665,2977 710,2980 755,2980 800,2980 845,2980 889,2980 934,2980 979,2980 1024,2980 1069,2980 1113,2980 1158,2980 1203,2980"/><TextEquiv><Unicode>litanies, les jeunes filles firent une révérence devant</Unicode></TextEquiv></TextLine><TextLine id="tr_1779785670_tl_47" custom="readingOrder {index:46;}"><Coords points="163,3032 1194,3047 1192,2987 162,2979"/><Baseline points="170,3022 215,3022 259,3022 304,3024 349,3024 394,3024 438,3024 483,3024 528,3027 573,3027 618,3027 662,3030 707,3030 752,3030 797,3033 842,3033 886,3033 931,3033 976,3033 1021,3033 1066,3033 1110,3033 1155,3033 1197,3030"/><TextEquiv><Unicode>l'autel, et, marchant deux à deux, d'un air de recueil¬</Unicode></TextEquiv></TextLine><TextLine id="tr_1779785670_tl_48" custom="readingOrder {index:47;}"><Coords points="159,3083 1206,3093 1171,3041 159,3035"/><Baseline points="167,3072 212,3072 256,3072 301,3075 346,3075 391,3075 435,3078 480,3078 525,3078 570,3078 615,3081 659,3084 704,3081 749,3084 794,3084 839,3084 883,3084 928,3084 973,3087 1018,3087 1063,3087 1107,3087 1152,3084 1197,3087 1209,3084"/><TextEquiv><Unicode>lement parfait, s’avancèrent vers une petite porte qui</Unicode></TextEquiv></TextLine><TextLine id="tr_1779785670_tl_49" custom="readingOrder {index:48;}"><Coords points="169,3133 1187,3155 1206,3093 167,3099"/><Baseline points="176,3126 220,3123 265,3123 310,3123 355,3126 400,3129 444,3129 489,3129 534,3129 579,3129 624,3132 668,3135 713,3138 758,3138 803,3138 848,3141 892,3141 937,3141 982,3141 1027,3141 1072,3141 1116,3141 1161,3138 1206,3135 1209,3138"/><TextEquiv><Unicode>communiquait de l'église au pensionnat; les religieuses</Unicode></TextEquiv></TextLine><TextLine id="tr_1779785670_tl_50" custom="readingOrder {index:49;}"><Coords points="166,3188 1199,3199 1172,3149 165,3132"/><Baseline points="173,3174 217,3174 262,3174 307,3174 352,3177 397,3177 441,3180 486,3183 531,3183 576,3186 621,3186 665,3186 710,3186 755,3186 800,3189 845,3189 889,3192 934,3192 979,3195 1024,3195 1069,3195 1113,3195 1158,3195 1203,3192"/><TextEquiv><Unicode>les suivirent. Pour moi, le cœur tout ému de ces</Unicode></TextEquiv></TextLine><TextLine id="tr_1779785670_tl_51" custom="readingOrder {index:50;}"><Coords points="169,3249 1192,3264 1202,3203 167,3198"/><Baseline points="176,3225 220,3225 265,3228 310,3225 355,3228 400,3228 444,3228 489,3231 534,3234 579,3234 624,3237 668,3237 713,3237 758,3237 803,3237 848,3239 892,3239 937,3242 982,3245 1027,3245 1072,3248 1116,3248 1161,3248 1206,3248"/><TextEquiv><Unicode>chants chrétiens sur cette terre infidèle, dans cette</Unicode></TextEquiv></TextLine><TextLine id="tr_1779785670_tl_52" custom="readingOrder {index:51;}"><Coords points="166,3290 1204,3322 1203,3263 165,3246"/><Baseline points="173,3278 217,3278 262,3278 307,3278 352,3278 397,3278 441,3278 486,3278 531,3281 576,3284 621,3284 665,3287 710,3287 755,3290 800,3290 845,3290 889,3290 934,3293 979,3296 1024,3296 1069,3299 1113,3302 1158,3302 1203,3302 1206,3302"/><TextEquiv><Unicode>même mosquée d’où les femmes étaient exclues comme</Unicode></TextEquiv></TextLine><TextLine id="tr_1779785670_tl_53" custom="readingOrder {index:52;}"><Coords points="169,3341 1186,3373 1203,3322 167,3290"/><Baseline points="176,3329 220,3329 265,3329 310,3329 355,3329 400,3329 444,3332 489,3332 534,3335 579,3335 624,3335 668,3338 713,3338 758,3341 803,3341 848,3344 892,3344 937,3344 982,3347 1027,3347 1072,3350 1116,3353 1161,3353 1206,3356"/><TextEquiv><Unicode>indignes de louer Allah dans son temple, je sortis de</Unicode></TextEquiv></TextLine><TextLine id="tr_1779785670_tl_54" custom="readingOrder {index:53;}"><Coords points="166,3387 1199,3414 1199,3371 165,3344"/><Baseline points="173,3380 217,3380 262,3380 307,3383 352,3383 397,3383 441,3386 486,3386 531,3386 576,3386 621,3386 665,3389 710,3389 755,3389 800,3392 845,3392 889,3395 934,3395 979,3395 1024,3398 1069,3398 1113,3398 1158,3401 1203,3401"/><TextEquiv><Unicode>mon côté, l’esprit plein des pensées nouvelles qui fer¬</Unicode></TextEquiv></TextLine><TextLine id="tr_1779785670_tl_55" custom="readingOrder {index:54;}"><Coords points="166,3433 1198,3468 1159,3406 166,3398"/><Baseline points="173,3428 217,3431 262,3431 307,3434 352,3434 397,3437 441,3437 486,3437 531,3440 576,3440 621,3440 665,3443 710,3443 755,3443 800,3443 845,3446 889,3446 934,3446 979,3449 1024,3449 1069,3452 1113,3452 1158,3454 1200,3452"/><TextEquiv><Unicode>mentaient dans mon imagination; mais à peine avais¬</Unicode></TextEquiv></TextLine><TextLine id="tr_1779785670_tl_56" custom="readingOrder {index:55;}"><Coords points="179,3501 1203,3518 1194,3466 178,3445"/><Baseline points="185,3481 229,3484 274,3484 319,3484 364,3487 409,3487 453,3490 498,3490 543,3490 588,3493 633,3496 677,3496 722,3496 767,3496 812,3496 857,3496 901,3499 946,3499 991,3499 1036,3499 1080,3502 1125,3505 1170,3505 1206,3508"/><TextEquiv><Unicode>je passé le seuil de la porte, que la douche que je</Unicode></TextEquiv></TextLine><TextLine id="tr_1779785670_tl_57" custom="readingOrder {index:56;}"><Coords points="167,3550 1204,3567 1203,3519 166,3501"/><Baseline points="173,3535 217,3535 262,3535 307,3538 352,3538 397,3541 441,3541 486,3541 531,3544 576,3544 621,3547 665,3547 710,3550 755,3550 800,3550 845,3550 889,3550 934,3550 979,3550 1024,3553 1069,3553 1113,3556 1158,3559 1203,3562 1206,3562"/><TextEquiv><Unicode>reçus sur la tête mit fin à mes pieuses réveries. Je</Unicode></TextEquiv></TextLine><TextEquiv><Unicode></Unicode></TextEquiv></TextRegion><TextRegion id="tr_1779785669" custom="readingOrder {index:4;} structure {type:paragraph;score:0.99;}"><Coords points="1270,286 2425,275 2374,3627 1543,3599 1386,3783 1263,3812"/><TextLine id="tr_1779785669_tl_1" custom="readingOrder {index:0;}"><Coords points="1283,357 2363,357 2364,299 2247,275 1284,306"/><Baseline points="1290,346 1293,349 1337,349 1382,349 1427,346 1472,346 1516,349 1561,346 1606,346 1651,346 1696,346 1740,346 1785,346 1830,343 1875,343 1920,340 1964,340 2009,340 2054,340 2099,337 2144,337 2188,337 2233,337 2278,337 2323,334 2368,334"/><TextEquiv><Unicode>rentrai précipitamment, ne me sentant pas le courage</Unicode></TextEquiv></TextLine><TextLine id="tr_1779785669_tl_2" custom="readingOrder {index:1;}"><Coords points="1283,429 2351,411 2362,359 1284,376"/><Baseline points="1290,403 1334,403 1379,403 1424,403 1469,403 1513,403 1558,403 1603,403 1648,403 1693,400 1737,400 1782,400 1827,400 1872,400 1917,400 1961,397 2006,394 2051,394 2096,394 2141,394 2185,394 2230,394 2275,394 2320,394 2365,391"/><TextEquiv><Unicode>d’affronter cetteavalanche, auprès de laquelle nos</Unicode></TextEquiv></TextLine><TextLine id="tr_1779785669_tl_3" custom="readingOrder {index:2;}"><Coords points="1289,476 2356,460 2356,411 2248,402 1291,429"/><Baseline points="1298,459 1328,456 1373,456 1418,456 1463,456 1508,456 1552,456 1597,456 1642,453 1687,453 1731,453 1776,453 1821,453 1866,453 1911,453 1955,453 2000,453 2045,450 2090,453 2135,450 2179,450 2224,450 2269,450 2314,450 2359,450"/><TextEquiv><Unicode>pluies du midi de la France pourraient ne passer</Unicode></TextEquiv></TextLine><TextLine id="tr_1779785669_tl_4" custom="readingOrder {index:3;}"><Coords points="1291,531 2359,525 2359,472 1291,477"/><Baseline points="1298,513 1331,513 1376,513 1421,513 1466,513 1511,513 1555,513 1600,510 1645,507 1690,507 1734,507 1779,507 1824,507 1869,507 1914,507 1958,510 2003,510 2048,507 2093,507 2138,507 2182,507 2227,507 2272,507 2317,507 2362,510"/><TextEquiv><Unicode>que pour de légères ondées; je fis aussitôt volte-face,</Unicode></TextEquiv></TextLine><TextLine id="tr_1779785669_tl_5" custom="readingOrder {index:4;}"><Coords points="1288,576 2359,581 2339,519 1288,535"/><Baseline points="1295,567 1331,567 1376,567 1421,567 1466,567 1511,567 1555,567 1600,567 1645,564 1690,564 1734,561 1779,561 1824,561 1869,561 1914,561 1958,561 2003,561 2048,561 2093,564 2138,561 2182,561 2227,564 2272,561 2317,561 2362,564"/><TextEquiv><Unicode>et je vis devant moi la bonne vieille sœur de charité,</Unicode></TextEquiv></TextLine><TextLine id="tr_1779785669_tl_6" custom="readingOrder {index:5;}"><Coords points="1289,635 2348,634 2324,566 1291,587"/><Baseline points="1298,621 1322,621 1367,621 1412,621 1457,621 1502,621 1546,621 1591,621 1636,621 1681,618 1726,618 1770,615 1815,615 1860,615 1905,615 1949,615 1994,615 2039,615 2084,615 2129,618 2173,618 2218,618 2263,618 2308,618 2353,615"/><TextEquiv><Unicode>avec son air serein et son sourire plein de bienveil¬</Unicode></TextEquiv></TextLine><TextLine id="tr_1779785669_tl_7" custom="readingOrder {index:6;}"><Coords points="1285,695 1334,685 1354,691 1360,685 1365,691 1380,692 1389,684 1396,689 1419,688 1419,646 1397,645 1376,635 1358,645 1337,646 1319,643 1304,631 1299,637 1285,630"/><Baseline points="1293,674 1337,674 1382,674 1421,674"/><TextEquiv><Unicode>ance.</Unicode></TextEquiv></TextLine><TextLine id="tr_1779785669_tl_8" custom="readingOrder {index:7;}"><Coords points="1338,743 2359,732 2345,674 1338,689"/><Baseline points="1346,725 1391,725 1436,728 1481,728 1525,728 1570,728 1615,728 1660,728 1705,728 1749,725 1794,725 1839,722 1884,722 1929,719 1973,719 2018,719 2063,719 2108,722 2153,722 2197,722 2242,725 2287,725 2332,725 2362,728"/><TextEquiv><Unicode>« Il est impossible, me dit-elle d'une voix douce, de</Unicode></TextEquiv></TextLine><TextLine id="tr_1779785669_tl_9" custom="readingOrder {index:8;}"><Coords points="1288,781 2359,796 2331,743 2118,728 1288,742"/><Baseline points="1295,776 1340,776 1385,779 1430,779 1475,779 1519,779 1564,782 1609,782 1654,782 1699,782 1743,779 1788,779 1833,779 1878,776 1923,776 1967,776 2012,776 2057,773 2102,773 2147,773 2191,776 2236,779 2281,779 2326,779 2362,782"/><TextEquiv><Unicode>sortir dans ce moment; si madame veut venir au</Unicode></TextEquiv></TextLine><TextLine id="tr_1779785669_tl_10" custom="readingOrder {index:9;}"><Coords points="1300,848 2359,850 2359,796 2281,786 1300,797"/><Baseline points="1307,833 1352,830 1397,830 1442,830 1487,830 1531,833 1576,833 1621,833 1666,833 1711,833 1755,833 1800,833 1845,833 1890,833 1935,833 1979,830 2024,830 2069,830 2114,830 2159,830 2203,830 2248,833 2293,830 2338,833 2362,833"/><TextEquiv><Unicode>parloir, elle pourra s’y reposer quelques minutes, et</Unicode></TextEquiv></TextLine><TextLine id="tr_1779785669_tl_11" custom="readingOrder {index:10;}"><Coords points="1300,897 2362,898 2332,843 1300,848"/><Baseline points="1307,880 1352,880 1397,880 1442,883 1487,883 1531,883 1576,883 1621,886 1666,883 1711,883 1755,886 1800,886 1845,886 1890,886 1935,886 1979,883 2024,883 2069,883 2114,883 2159,883 2203,883 2248,886 2293,886 2338,886 2365,886"/><TextEquiv><Unicode>quand l'eau tombera avec moins de violence, nous</Unicode></TextEquiv></TextLine><TextLine id="tr_1779785669_tl_12" custom="readingOrder {index:11;}"><Coords points="1291,952 2015,954 2015,908 1950,896 1291,901"/><Baseline points="1298,931 1343,931 1388,934 1433,934 1478,934 1522,937 1567,937 1612,937 1657,937 1702,937 1746,937 1791,937 1836,940 1881,937 1926,937 1970,937 2015,940 2018,940"/><TextEquiv><Unicode>aurons un parapluie à son service.»</Unicode></TextEquiv></TextLine><TextLine id="tr_1779785669_tl_13" custom="readingOrder {index:12;}"><Coords points="1330,999 2356,1006 2337,945 1330,951"/><Baseline points="1337,985 1382,988 1427,988 1472,988 1516,988 1561,988 1606,988 1651,988 1696,991 1740,991 1785,991 1830,991 1875,991 1920,991 1964,994 2009,994 2054,994 2099,994 2144,994 2188,994 2233,994 2278,994 2323,994 2359,991"/><TextEquiv><Unicode>J’acceptai cette offre avec plaisir, et pour me mettre</Unicode></TextEquiv></TextLine><TextLine id="tr_1779785669_tl_14" custom="readingOrder {index:13;}"><Coords points="1293,1056 2362,1052 2332,1008 1293,998"/><Baseline points="1301,1036 1346,1039 1391,1039 1436,1039 1481,1039 1525,1039 1570,1039 1615,1042 1660,1042 1705,1042 1749,1042 1794,1042 1839,1045 1884,1045 1929,1045 1973,1045 2018,1048 2063,1045 2108,1048 2153,1048 2197,1048 2242,1048 2287,1048 2332,1048 2365,1048"/><TextEquiv><Unicode>à l'abri du mauvais temps, et pour faire connaissance</Unicode></TextEquiv></TextLine><TextLine id="tr_1779785669_tl_15" custom="readingOrder {index:14;}"><Coords points="1289,1121 1370,1095 1697,1105 1695,1067 1650,1055 1582,1070 1458,1051 1442,1063 1413,1045 1345,1064 1288,1056"/><Baseline points="1295,1089 1340,1089 1385,1089 1430,1089 1475,1089 1519,1089 1564,1092 1609,1092 1654,1092 1699,1092"/><TextEquiv><Unicode>avec la bonne sœur.</Unicode></TextEquiv></TextLine><TextLine id="tr_1779785669_tl_16" custom="readingOrder {index:15;}"><Coords points="1335,1152 2344,1164 2329,1106 1335,1097"/><Baseline points="1343,1143 1388,1143 1433,1143 1478,1143 1522,1143 1567,1143 1612,1143 1657,1143 1702,1143 1746,1146 1791,1146 1836,1146 1881,1146 1926,1149 1970,1149 2015,1149 2060,1152 2105,1152 2150,1152 2194,1152 2239,1152 2284,1155 2329,1149 2347,1149"/><TextEquiv><Unicode>Le parloir en question, qui servait aussi de réfec¬</Unicode></TextEquiv></TextLine><TextLine id="tr_1779785669_tl_17" custom="readingOrder {index:16;}"><Coords points="1296,1217 2356,1214 2355,1160 1295,1163"/><Baseline points="1304,1197 1349,1197 1394,1194 1439,1197 1484,1197 1528,1197 1573,1194 1618,1197 1663,1197 1708,1197 1752,1197 1797,1200 1842,1200 1887,1200 1932,1200 1976,1200 2021,1200 2066,1203 2111,1203 2156,1206 2200,1206 2245,1206 2290,1209 2335,1209 2359,1209"/><TextEquiv><Unicode>toire, valait à peine ma triste chambre de la rue de la</Unicode></TextEquiv></TextLine><TextLine id="tr_1779785669_tl_18" custom="readingOrder {index:17;}"><Coords points="1296,1264 2344,1272 2343,1226 2285,1211 1295,1215"/><Baseline points="1304,1251 1349,1251 1394,1251 1439,1251 1484,1248 1528,1251 1573,1248 1618,1251 1663,1251 1708,1251 1752,1251 1797,1251 1842,1254 1887,1254 1932,1254 1976,1254 2021,1254 2066,1254 2111,1257 2156,1257 2200,1260 2245,1260 2290,1260 2335,1257 2347,1260"/><TextEquiv><Unicode>Mouche. C’était cependant, après les salles des mala¬</Unicode></TextEquiv></TextLine><TextLine id="tr_1779785669_tl_19" custom="readingOrder {index:18;}"><Coords points="1300,1312 2352,1320 2351,1272 1300,1268"/><Baseline points="1307,1298 1352,1301 1397,1301 1442,1301 1487,1301 1531,1301 1576,1301 1621,1301 1666,1301 1711,1304 1755,1304 1800,1304 1845,1304 1890,1304 1935,1307 1979,1307 2024,1307 2069,1307 2114,1310 2159,1307 2203,1310 2248,1313 2293,1310 2338,1310 2356,1313"/><TextEquiv><Unicode>des et la classe des jeunes filles, la plus belle pièce de</Unicode></TextEquiv></TextLine><TextLine id="tr_1779785669_tl_20" custom="readingOrder {index:19;}"><Coords points="1293,1358 2352,1382 2337,1320 1293,1312"/><Baseline points="1301,1352 1346,1355 1391,1355 1436,1355 1481,1355 1525,1355 1570,1355 1615,1358 1660,1355 1705,1355 1749,1355 1794,1355 1839,1355 1884,1358 1929,1358 1973,1358 2018,1358 2063,1358 2108,1361 2153,1361 2197,1364 2242,1364 2287,1364 2332,1364 2356,1364"/><TextEquiv><Unicode>la maison; car, pour le dortoir des religieuses, c’était</Unicode></TextEquiv></TextLine><TextLine id="tr_1779785669_tl_21" custom="readingOrder {index:20;}"><Coords points="1293,1423 2358,1423 2343,1378 2239,1372 1293,1376"/><Baseline points="1301,1406 1346,1406 1391,1403 1436,1406 1481,1406 1525,1403 1570,1406 1615,1406 1660,1406 1705,1406 1749,1406 1794,1406 1839,1409 1884,1409 1929,1409 1973,1409 2018,1412 2063,1412 2108,1412 2153,1412 2197,1415 2242,1415 2287,1415 2332,1415 2359,1415"/><TextEquiv><Unicode>pitié que de voir ces misérables couchettes entassées</Unicode></TextEquiv></TextLine><TextLine id="tr_1779785669_tl_22" custom="readingOrder {index:21;}"><Coords points="1289,1467 2347,1484 2320,1426 1288,1420"/><Baseline points="1295,1457 1340,1457 1385,1457 1430,1457 1475,1457 1519,1457 1564,1457 1609,1454 1654,1457 1699,1457 1743,1457 1788,1460 1833,1457 1878,1460 1923,1460 1967,1460 2012,1463 2057,1463 2102,1463 2147,1466 2191,1466 2236,1469 2281,1469 2326,1466 2350,1469"/><TextEquiv><Unicode>les unes auprès des autres, dans un vilain couloir</Unicode></TextEquiv></TextLine><TextLine id="tr_1779785669_tl_23" custom="readingOrder {index:22;}"><Coords points="1291,1531 2278,1539 2356,1535 2356,1485 1289,1474"/><Baseline points="1298,1508 1343,1511 1388,1508 1433,1508 1478,1508 1522,1511 1567,1508 1612,1508 1657,1508 1702,1511 1746,1511 1791,1511 1836,1511 1881,1511 1926,1511 1970,1511 2015,1513 2060,1513 2105,1516 2150,1516 2194,1519 2239,1519 2284,1519 2329,1519 2359,1519"/><TextEquiv><Unicode>sans air et sans esface. Je causai quelque temps avec</Unicode></TextEquiv></TextLine><TextLine id="tr_1779785669_tl_24" custom="readingOrder {index:23;}"><Coords points="1293,1586 2359,1581 2328,1531 1293,1531"/><Baseline points="1301,1561 1346,1561 1391,1561 1436,1561 1481,1561 1525,1561 1570,1561 1615,1561 1660,1561 1705,1561 1749,1561 1794,1561 1839,1564 1884,1564 1929,1564 1973,1564 2018,1564 2063,1567 2108,1567 2153,1567 2197,1570 2242,1570 2287,1570 2332,1570 2362,1570"/><TextEquiv><Unicode>sœur Constance ; elle était pleine de discrétion et de</Unicode></TextEquiv></TextLine><TextLine id="tr_1779785669_tl_25" custom="readingOrder {index:24;}"><Coords points="1288,1635 2362,1637 2331,1581 2242,1574 1288,1581"/><Baseline points="1295,1615 1340,1615 1385,1615 1430,1612 1475,1615 1519,1612 1564,1615 1609,1612 1654,1615 1699,1615 1743,1615 1788,1615 1833,1615 1878,1618 1923,1618 1967,1618 2012,1618 2057,1618 2102,1621 2147,1621 2191,1621 2236,1624 2281,1624 2326,1624 2365,1624"/><TextEquiv><Unicode>réserve, me répondant néanmoins avec une aimable</Unicode></TextEquiv></TextLine><TextLine id="tr_1779785669_tl_26" custom="readingOrder {index:25;}"><Coords points="1296,1682 2360,1689 2348,1632 1296,1636"/><Baseline points="1304,1669 1349,1669 1394,1669 1439,1666 1484,1666 1528,1666 1573,1669 1618,1666 1663,1666 1708,1666 1752,1666 1797,1669 1842,1669 1887,1669 1932,1669 1976,1672 2021,1672 2066,1672 2111,1672 2156,1675 2200,1675 2245,1675 2290,1678 2335,1678 2362,1681"/><TextEquiv><Unicode>complaisance, moi entassant questions sur questions,</Unicode></TextEquiv></TextLine><TextLine id="tr_1779785669_tl_27" custom="readingOrder {index:26;}"><Coords points="1293,1730 2352,1741 2352,1693 2312,1689 1293,1681"/><Baseline points="1301,1720 1346,1720 1391,1720 1436,1720 1481,1720 1525,1717 1570,1720 1615,1720 1660,1717 1705,1717 1749,1720 1794,1720 1839,1720 1884,1720 1929,1723 1973,1723 2018,1723 2063,1726 2108,1726 2153,1726 2197,1728 2242,1728 2287,1728 2332,1731 2356,1731"/><TextEquiv><Unicode>tant j’étais curieuse de connaître les mœurs et les</Unicode></TextEquiv></TextLine><TextLine id="tr_1779785669_tl_28" custom="readingOrder {index:27;}"><Coords points="1296,1790 1841,1780 1841,1743 1602,1729 1296,1744"/><Baseline points="1304,1773 1349,1773 1394,1773 1439,1770 1484,1773 1528,1770 1573,1770 1618,1770 1663,1770 1708,1770 1752,1773 1797,1773 1842,1776 1845,1776"/><TextEquiv><Unicode>usages de cet étrange pays.</Unicode></TextEquiv></TextLine><TextLine id="tr_1779785669_tl_29" custom="readingOrder {index:28;}"><Coords points="1342,1845 2359,1848 2329,1784 1341,1784"/><Baseline points="1349,1824 1394,1824 1439,1824 1484,1824 1528,1824 1573,1824 1618,1824 1663,1824 1708,1824 1752,1824 1797,1824 1842,1824 1887,1824 1932,1827 1976,1827 2021,1830 2066,1830 2111,1830 2156,1833 2200,1833 2245,1833 2290,1833 2335,1836 2362,1836"/><TextEquiv><Unicode>« Merci, ma sœur, lui dis-je enfin, lorsque tenant</Unicode></TextEquiv></TextLine><TextLine id="tr_1779785669_tl_30" custom="readingOrder {index:29;}"><Coords points="1295,1887 2352,1896 2351,1859 1293,1845"/><Baseline points="1301,1878 1346,1878 1391,1878 1436,1878 1481,1875 1525,1878 1570,1878 1615,1875 1660,1878 1705,1878 1749,1878 1794,1878 1839,1878 1884,1878 1929,1881 1973,1881 2018,1881 2063,1881 2108,1884 2153,1884 2197,1884 2242,1887 2287,1887 2332,1887 2356,1890"/><TextEquiv><Unicode>en main son parapluie je me disposais à prendre</Unicode></TextEquiv></TextLine><TextLine id="tr_1779785669_tl_31" custom="readingOrder {index:30;}"><Coords points="1293,1945 2352,1950 2321,1894 1293,1898"/><Baseline points="1301,1932 1346,1932 1391,1929 1436,1929 1481,1929 1525,1929 1570,1929 1615,1929 1660,1929 1705,1929 1749,1929 1794,1929 1839,1929 1884,1929 1929,1932 1973,1932 2018,1932 2063,1935 2108,1935 2153,1935 2197,1935 2242,1938 2287,1938 2332,1941 2356,1938"/><TextEquiv><Unicode>congé d'elle, merçi de votre bon accueil et de vos</Unicode></TextEquiv></TextLine><TextLine id="tr_1779785669_tl_32" custom="readingOrder {index:31;}"><Coords points="1293,1995 2351,2007 2331,1944 1293,1946"/><Baseline points="1301,1979 1346,1982 1391,1979 1436,1982 1481,1982 1525,1982 1570,1982 1615,1982 1660,1982 1705,1982 1749,1982 1794,1982 1839,1982 1884,1982 1929,1982 1973,1982 2018,1985 2063,1982 2108,1985 2153,1985 2197,1988 2242,1991 2287,1991 2332,1991 2353,1991"/><TextEquiv><Unicode>utiles renseignements, je ne m’étais point trompée</Unicode></TextEquiv></TextLine><TextLine id="tr_1779785669_tl_33" custom="readingOrder {index:32;}"><Coords points="1300,2049 2351,2060 2325,1999 1300,1996"/><Baseline points="1307,2033 1352,2033 1397,2033 1442,2033 1487,2033 1531,2033 1576,2033 1621,2033 1666,2033 1711,2033 1755,2033 1800,2033 1845,2033 1890,2036 1935,2036 1979,2036 2024,2036 2069,2036 2114,2036 2159,2039 2203,2039 2248,2042 2293,2039 2338,2036 2353,2036"/><TextEquiv><Unicode>lorsqu'en vous voyant pour la première fois, cet après¬</Unicode></TextEquiv></TextLine><TextLine id="tr_1779785669_tl_34" custom="readingOrder {index:33;}"><Coords points="1293,2096 2352,2100 2313,2054 1293,2043"/><Baseline points="1301,2087 1346,2087 1391,2087 1436,2087 1481,2087 1525,2087 1570,2087 1615,2087 1660,2087 1705,2087 1749,2084 1794,2084 1839,2087 1884,2087 1929,2087 1973,2087 2018,2087 2063,2090 2108,2090 2153,2090 2197,2093 2242,2093 2287,2093 2332,2093 2356,2093"/><TextEquiv><Unicode>midi, je vous regardai de suite comme une amie que</Unicode></TextEquiv></TextLine><TextLine id="tr_1779785669_tl_35" custom="readingOrder {index:34;}"><Coords points="1293,2151 2340,2166 2340,2101 1293,2096"/><Baseline points="1301,2138 1346,2141 1391,2138 1436,2138 1481,2138 1525,2138 1570,2138 1615,2138 1660,2138 1705,2138 1749,2138 1794,2138 1839,2138 1884,2138 1929,2138 1973,2138 2018,2141 2063,2141 2108,2141 2153,2141 2197,2144 2242,2144 2287,2144 2332,2144 2344,2147"/><TextEquiv><Unicode>la Providence m'avait envoyée dans cette espèce d’exil.</Unicode></TextEquiv></TextLine><TextLine id="tr_1779785669_tl_36" custom="readingOrder {index:35;}"><Coords points="1404,2200 2354,2201 2341,2163 2104,2149 1404,2155"/><Baseline points="1412,2191 1457,2191 1502,2191 1546,2191 1591,2191 1636,2188 1681,2191 1726,2191 1770,2188 1815,2188 1860,2191 1905,2191 1949,2191 1994,2191 2039,2191 2084,2194 2129,2194 2173,2194 2218,2194 2263,2197 2308,2197 2353,2197 2356,2197"/><TextEquiv><Unicode>Madame est trop bonne, en vérité, mais je ne me</Unicode></TextEquiv></TextLine><TextLine id="tr_1779785669_tl_37" custom="readingOrder {index:36;}"><Coords points="1293,2261 2344,2255 2324,2208 2003,2197 1293,2224"/><Baseline points="1301,2242 1346,2242 1391,2242 1436,2242 1481,2242 1525,2242 1570,2242 1615,2242 1660,2242 1705,2242 1749,2242 1794,2242 1839,2242 1884,2242 1929,2242 1973,2242 2018,2245 2063,2245 2108,2245 2153,2245 2197,2245 2242,2248 2287,2248 2332,2248 2347,2248"/><TextEquiv><Unicode>rappelle point avoir eu l’honneur de la voir avant la</Unicode></TextEquiv></TextLine><TextLine id="tr_1779785669_tl_38" custom="readingOrder {index:37;}"><Coords points="1297,2304 1409,2312 1461,2297 1496,2323 1540,2321 1570,2300 1616,2308 1614,2266 1578,2275 1519,2255 1480,2265 1466,2251 1407,2263 1396,2252 1360,2267 1296,2258"/><Baseline points="1304,2293 1349,2296 1394,2296 1439,2296 1484,2296 1528,2293 1573,2296 1618,2296"/><TextEquiv><Unicode>fin de l'office. »</Unicode></TextEquiv></TextLine><TextLine id="tr_1779785669_tl_39" custom="readingOrder {index:38;}"><Coords points="1345,2372 2350,2359 2313,2309 1745,2321 1689,2282 1345,2317"/><Baseline points="1352,2350 1397,2350 1442,2347 1487,2347 1531,2347 1576,2347 1621,2347 1666,2347 1711,2347 1755,2347 1800,2347 1845,2347 1890,2347 1935,2347 1979,2347 2024,2350 2069,2350 2114,2347 2159,2350 2203,2350 2248,2350 2293,2350 2338,2353 2353,2350"/><TextEquiv><Unicode>Je lui racontai alors comment je l’avais aperçue de</Unicode></TextEquiv></TextLine><TextLine id="tr_1779785669_tl_40" custom="readingOrder {index:39;}"><Coords points="1300,2413 2047,2409 2047,2371 1300,2375"/><Baseline points="1307,2403 1352,2400 1397,2400 1442,2400 1487,2400 1531,2400 1576,2397 1621,2397 1666,2400 1711,2397 1755,2397 1800,2397 1845,2397 1890,2400 1935,2400 1979,2400 2024,2400 2051,2403"/><TextEquiv><Unicode>ma lucarne de la rue de la Mouche.</Unicode></TextEquiv></TextLine><TextLine id="tr_1779785669_tl_41" custom="readingOrder {index:40;}"><Coords points="1342,2471 2345,2463 2331,2414 2128,2403 1342,2425"/><Baseline points="1349,2448 1394,2454 1439,2454 1484,2454 1528,2454 1573,2451 1618,2451 1663,2451 1708,2451 1752,2448 1797,2451 1842,2451 1887,2451 1932,2451 1976,2451 2021,2451 2066,2454 2111,2454 2156,2454 2200,2454 2245,2457 2290,2457 2335,2454 2347,2454"/><TextEquiv><Unicode>« Ah oui, dit-elle, je venais de voir Sahara, une</Unicode></TextEquiv></TextLine><TextLine id="tr_1779785669_tl_42" custom="readingOrder {index:41;}"><Coords points="1299,2534 1946,2510 1937,2457 1300,2474"/><Baseline points="1307,2511 1322,2508 1367,2508 1412,2505 1457,2505 1502,2505 1546,2505 1591,2502 1636,2502 1681,2502 1726,2502 1770,2502 1815,2499 1860,2502 1905,2502 1949,2499"/><TextEquiv><Unicode>pauvre femme bien intéressante.</Unicode></TextEquiv></TextLine><TextLine id="tr_1779785669_tl_43" custom="readingOrder {index:42;}"><Coords points="1389,2569 2350,2573 2340,2505 1389,2522"/><Baseline points="1397,2556 1442,2556 1487,2556 1531,2556 1576,2556 1621,2553 1666,2550 1711,2553 1755,2553 1800,2553 1845,2553 1890,2556 1935,2556 1979,2556 2024,2556 2069,2556 2114,2556 2159,2556 2203,2556 2248,2556 2293,2556 2338,2556 2353,2556"/><TextEquiv><Unicode>Gahara, dites-vous? est-ce un nom juif ou arabe?</Unicode></TextEquiv></TextLine><TextLine id="tr_1779785669_tl_44" custom="readingOrder {index:43;}"><Coords points="1350,2623 1419,2614 1555,2630 1592,2611 1625,2625 1737,2613 1737,2576 1706,2568 1350,2582"/><Baseline points="1358,2606 1403,2606 1448,2609 1493,2606 1537,2606 1582,2606 1627,2606 1672,2606 1717,2606 1740,2606"/><TextEquiv><Unicode>— Arabe, madame.</Unicode></TextEquiv></TextLine><TextLine id="tr_1779785669_tl_45" custom="readingOrder {index:44;}"><Coords points="1396,2671 1988,2665 1988,2614 1834,2633 1771,2615 1662,2633 1600,2613 1558,2631 1396,2615"/><Baseline points="1403,2657 1448,2660 1493,2660 1537,2657 1582,2657 1627,2657 1672,2657 1717,2654 1761,2657 1806,2657 1851,2657 1896,2657 1941,2657 1985,2657 1991,2660"/><TextEquiv><Unicode>Et vous allez voir les arabes ?</Unicode></TextEquiv></TextLine><TextLine id="tr_1779785669_tl_46" custom="readingOrder {index:45;}"><Coords points="1342,2726 2339,2719 2339,2672 1342,2681"/><Baseline points="1349,2708 1394,2705 1439,2711 1484,2711 1528,2711 1573,2711 1618,2708 1663,2711 1708,2708 1752,2708 1797,2708 1842,2708 1887,2708 1932,2711 1976,2711 2021,2711 2066,2711 2111,2711 2156,2711 2200,2711 2245,2711 2290,2711 2335,2708 2341,2711"/><TextEquiv><Unicode>— Sans doute, lorsqu’elles sont malades; car au¬</Unicode></TextEquiv></TextLine><TextLine id="tr_1779785669_tl_47" custom="readingOrder {index:46;}"><Coords points="1296,2787 2340,2776 2340,2730 1296,2731"/><Baseline points="1304,2765 1313,2765 1358,2765 1403,2765 1448,2765 1493,2762 1537,2762 1582,2762 1627,2759 1672,2759 1717,2762 1761,2759 1806,2759 1851,2762 1896,2759 1941,2762 1985,2762 2030,2762 2075,2762 2120,2762 2164,2762 2209,2762 2254,2765 2299,2765 2344,2762"/><TextEquiv><Unicode>trement qu’irais-je faire auprès d’elles, puisqu’il nous</Unicode></TextEquiv></TextLine><TextLine id="tr_1779785669_tl_48" custom="readingOrder {index:47;}"><Coords points="1296,2827 2337,2820 2337,2782 1296,2788"/><Baseline points="1304,2818 1310,2815 1355,2815 1400,2815 1445,2815 1490,2815 1534,2812 1579,2812 1624,2812 1669,2812 1714,2812 1758,2812 1803,2812 1848,2812 1893,2812 1938,2812 1982,2812 2027,2812 2072,2812 2117,2815 2161,2815 2206,2815 2251,2815 2296,2815 2341,2815"/><TextEquiv><Unicode>est défendu de leur parler de religion! ajouta sœur</Unicode></TextEquiv></TextLine><TextLine id="tr_1779785669_tl_49" custom="readingOrder {index:48;}"><Coords points="1303,2889 1818,2876 1818,2835 1782,2823 1676,2839 1303,2830"/><Baseline points="1310,2872 1328,2869 1373,2869 1418,2869 1463,2866 1508,2866 1552,2866 1597,2863 1642,2866 1687,2866 1731,2863 1776,2866 1821,2866"/><TextEquiv><Unicode>Constance avec un soupir.</Unicode></TextEquiv></TextLine><TextLine id="tr_1779785669_tl_50" custom="readingOrder {index:49;}"><Coords points="1387,2929 2329,2943 2319,2869 1387,2885"/><Baseline points="1394,2917 1436,2920 1481,2920 1525,2920 1570,2917 1615,2917 1660,2917 1705,2917 1749,2917 1794,2917 1839,2917 1884,2917 1929,2917 1973,2917 2018,2917 2063,2920 2108,2920 2153,2920 2197,2920 2242,2920 2287,2920 2332,2914"/><TextEquiv><Unicode>Et Samuël, un petit homme que vous avez ap¬</Unicode></TextEquiv></TextLine><TextLine id="tr_1779785669_tl_51" custom="readingOrder {index:50;}"><Coords points="1291,2998 1389,2975 1782,2985 1792,2934 1666,2925 1601,2944 1337,2924 1291,2946"/><Baseline points="1298,2974 1301,2974 1346,2974 1391,2974 1436,2974 1481,2974 1525,2971 1570,2971 1615,2971 1660,2971 1705,2968 1749,2968 1794,2965"/><TextEquiv><Unicode>pelé du milieu de la rue?</Unicode></TextEquiv></TextLine><TextLine id="tr_1779785669_tl_52" custom="readingOrder {index:51;}"><Coords points="1350,3028 2337,3025 2305,2973 1350,3005"/><Baseline points="1358,3019 1403,3022 1448,3024 1493,3022 1537,3024 1582,3024 1627,3024 1672,3024 1717,3022 1761,3024 1806,3024 1851,3024 1896,3024 1941,3024 1985,3024 2030,3024 2075,3024 2120,3022 2164,3022 2209,3019 2254,3019 2299,3019 2341,3019"/><TextEquiv><Unicode>— C’est notre interprète, madame, car je suis une</Unicode></TextEquiv></TextLine><TextLine id="tr_1779785669_tl_53" custom="readingOrder {index:52;}"><Coords points="1292,3105 2198,3090 2310,3075 2312,3032 1293,3045"/><Baseline points="1301,3090 1328,3081 1373,3078 1418,3078 1463,3078 1508,3078 1552,3078 1597,3078 1642,3075 1687,3075 1731,3075 1776,3075 1821,3075 1866,3075 1911,3075 1955,3075 2000,3075 2045,3072 2090,3069 2135,3069 2179,3066 2224,3060 2269,3057 2314,3054"/><TextEquiv><Unicode>pauvre ignorante, qui ne connaît que très-imparfait</Unicode></TextEquiv></TextLine><TextLine id="tr_1779785669_tl_54" custom="readingOrder {index:53;}"><Coords points="1945,3139 2051,3126 2208,3141 2246,3122 2323,3140 2324,3086 2282,3070 2252,3086 2161,3091 2108,3075 1946,3101"/><Baseline points="1952,3126 1967,3129 2012,3123 2057,3120 2102,3117 2147,3117 2191,3117 2236,3117 2281,3117 2326,3120"/><TextEquiv><Unicode>lorsque la</Unicode></TextEquiv></TextLine><TextLine id="tr_1779785669_tl_55" custom="readingOrder {index:54;}"><Coords points="1288,3147 1836,3137 1836,3095 1767,3085 1671,3112 1621,3086 1587,3102 1432,3085 1288,3102"/><Baseline points="1295,3132 1340,3132 1385,3132 1430,3132 1475,3132 1519,3132 1564,3132 1609,3129 1654,3129 1699,3129 1743,3129 1788,3129 1833,3132 1839,3132"/><TextEquiv><Unicode>ment la langue de ce pays.</Unicode></TextEquiv></TextLine><TextLine id="tr_1779785669_tl_56" custom="readingOrder {index:55;}"><Coords points="1389,3191 2312,3174 2313,3139 1391,3147"/><Baseline points="1397,3183 1418,3186 1463,3186 1508,3186 1552,3186 1597,3183 1642,3183 1687,3183 1731,3180 1776,3180 1821,3177 1866,3174 1911,3171 1955,3171 2000,3168 2045,3168 2090,3168 2135,3168 2179,3168 2224,3168 2269,3171 2314,3165"/><TextEquiv><Unicode>Et ces pauvres créatr-peu à peu de son affais¬</Unicode></TextEquiv></TextLine><TextLine id="tr_1779785669_tl_57" custom="readingOrder {index:56;}"><Coords points="1288,3245 2319,3237 2320,3184 1289,3205"/><Baseline points="1295,3237 1334,3239 1379,3239 1424,3239 1469,3237 1513,3237 1558,3237 1603,3237 1648,3237 1693,3234 1737,3228 1782,3222 1827,3222 1872,3219 1917,3219 1961,3219 2006,3216 2051,3216 2096,3219 2141,3219 2185,3219 2230,3219 2275,3222 2320,3219"/><TextEquiv><Unicode>montrent-elles reconna¬rs la galerie où nous étions</Unicode></TextEquiv></TextLine><TextLine id="tr_1779785669_tl_58" custom="readingOrder {index:57;}"><Coords points="1342,3295 2185,3290 2319,3277 2320,3233 1343,3250"/><Baseline points="1349,3290 1379,3287 1424,3290 1469,3290 1513,3290 1558,3290 1603,3287 1648,3284 1693,3278 1737,3272 1782,3269 1827,3269 1872,3269 1917,3269 1961,3266 2006,3266 2051,3266 2096,3269 2141,3269 2185,3269 2230,3269 2275,3269 2320,3272"/><TextEquiv><Unicode>— Plus que je ne eligieuse, jeta un cri, courut à</Unicode></TextEquiv></TextLine><TextLine id="tr_1779785669_tl_59" custom="readingOrder {index:58;}"><Coords points="1288,3345 2320,3340 2321,3292 2244,3282 1505,3315 1291,3287"/><Baseline points="1295,3344 1337,3347 1382,3344 1427,3344 1472,3344 1516,3341 1561,3338 1606,3338 1651,3329 1696,3323 1740,3320 1785,3320 1830,3320 1875,3317 1920,3317 1964,3317 2009,3317 2054,3317 2099,3320 2144,3320 2188,3320 2233,3320 2278,3323 2323,3323"/><TextEquiv><Unicode>elles nous aiment baisant le bas de sa robe avant que</Unicode></TextEquiv></TextLine><TextLine id="tr_1779785669_tl_60" custom="readingOrder {index:59;}"><Coords points="1292,3420 1434,3395 1589,3406 1667,3372 1828,3387 1861,3381 1865,3329 1706,3325 1567,3361 1297,3349"/><Baseline points="1301,3395 1328,3398 1373,3398 1418,3392 1463,3392 1508,3392 1552,3389 1597,3383 1642,3371 1687,3371 1731,3368 1776,3368 1821,3368 1866,3371"/><TextEquiv><Unicode>tissons à leurs p-n défendre :</Unicode></TextEquiv></TextLine><TextLine id="tr_1779785669_tl_61" custom="readingOrder {index:60;}"><Coords points="1293,3453 2320,3458 2310,3385 1675,3380 1293,3422"/><Baseline points="1301,3449 1337,3449 1382,3449 1427,3446 1472,3443 1516,3440 1561,3434 1606,3428 1651,3428 1696,3428 1740,3428 1785,3428 1830,3428 1875,3428 1920,3428 1964,3431 2009,3431 2054,3431 2099,3431 2144,3431 2188,3431 2233,3434 2278,3434 2323,3437"/><TextEquiv><Unicode>cher pour alleir, dit-elle, elle est guérie, tout à fait</Unicode></TextEquiv></TextLine><TextLine id="tr_1779785669_tl_62" custom="readingOrder {index:61;}"><Coords points="1293,3518 1604,3480 2317,3518 2319,3454 1295,3454"/><Baseline points="1301,3499 1334,3499 1379,3499 1424,3496 1469,3493 1513,3490 1558,3481 1603,3478 1648,3478 1693,3478 1737,3478 1782,3478 1827,3478 1872,3478 1917,3478 1961,3481 2006,3481 2051,3481 2096,3481 2141,3481 2185,3484 2230,3484 2275,3490 2320,3496"/><TextEquiv><Unicode>deux lieues à toi, plus sainte que nos marabouts (1),</Unicode></TextEquiv></TextLine><TextLine id="tr_1779785669_tl_63" custom="readingOrder {index:62;}"><Coords points="1293,3563 1683,3531 1913,3553 1915,3501 1853,3485 1558,3491 1416,3528 1374,3504 1295,3518"/><Baseline points="1301,3550 1334,3550 1379,3550 1424,3550 1469,3547 1513,3541 1558,3529 1603,3529 1648,3529 1693,3529 1737,3529 1782,3529 1827,3529 1872,3529 1917,3532"/><TextEquiv><Unicode>seule, parce que nos thalebs (2).</Unicode></TextEquiv></TextLine><TextLine id="tr_1779785669_tl_64" custom="readingOrder {index:63;}"><Coords points="1288,3609 1361,3623 1415,3604 1462,3604 1511,3617 1536,3636 1550,3632 1552,3562 1525,3551 1469,3563 1458,3553 1442,3565 1419,3558 1395,3566 1377,3554 1338,3565 1289,3561"/><Baseline points="1295,3601 1331,3604 1376,3601 1421,3598 1466,3598 1511,3595 1555,3595"/><TextEquiv><Unicode>l’hôpital et le</Unicode></TextEquiv></TextLine><TextLine id="tr_1779785669_tl_65" custom="readingOrder {index:64;}"><Coords points="1288,3659 1335,3666 1343,3674 1434,3655 1476,3665 1486,3662 1488,3611 1420,3604 1397,3623 1342,3613 1322,3619 1308,3611 1289,3619"/><Baseline points="1295,3652 1310,3652 1355,3652 1400,3649 1445,3649 1490,3649"/><TextEquiv><Unicode>à perdre,</Unicode></TextEquiv></TextLine><TextEquiv><Unicode></Unicode></TextEquiv></TextRegion><TextRegion id="tr_1779785672" custom="readingOrder {index:5;} structure {type:footnote;score:0.99;}"><Coords points="142,3641 1231,3641 1231,3825 142,3825"/><TextLine id="tr_1779785672_tl_1" custom="readingOrder {index:0;}"><Coords points="201,3706 1199,3724 1198,3670 1107,3661 200,3644"/><Baseline points="209,3699 253,3699 298,3699 343,3699 388,3699 432,3699 477,3699 522,3699 567,3699 612,3702 656,3705 701,3708 746,3708 791,3708 836,3711 880,3711 925,3714 970,3714 1015,3717 1060,3717 1104,3720 1149,3720 1194,3717 1203,3717"/><TextEquiv><Unicode>(1) Cette statue est une offrande de la reine Marie-Amé¬</Unicode></TextEquiv></TextLine><TextLine id="tr_1779785672_tl_2" custom="readingOrder {index:1;}"><Coords points="171,3747 279,3778 498,3760 697,3776 696,3729 638,3712 271,3700 229,3721 170,3700"/><Baseline points="179,3741 223,3747 268,3750 313,3750 358,3750 403,3750 447,3750 492,3750 537,3750 582,3750 627,3753 671,3756 701,3756"/><TextEquiv><Unicode>lie, à l'église de Constantin.</Unicode></TextEquiv></TextLine><TextEquiv><Unicode></Unicode></TextEquiv></TextRegion><TextRegion id="r" custom="readingOrder {index:6;} structure {type:footnote;}"><Coords points="1442,3657 2153,3657 2153,3801 1442,3801"/><TextLine id="r_tl_1" custom="readingOrder {index:0;}"><Coords points="1288,3716 2104,3725 2077,3669 1961,3659 1288,3659"/><Baseline points="1295,3705 1340,3705 1385,3705 1430,3702 1475,3699 1519,3699 1564,3699 1609,3699 1654,3699 1699,3699 1743,3699 1788,3699 1833,3702 1878,3702 1923,3702 1967,3705 2012,3708 2057,3711 2102,3714 2108,3717"/><TextEquiv><Unicode>besoin debout, saint personnage (m’rabouth).</Unicode></TextEquiv></TextLine><TextLine id="r_tl_2" custom="readingOrder {index:1;}"><Coords points="1287,3795 1374,3771 1434,3806 1695,3776 1788,3812 1869,3783 1922,3805 1934,3733 1668,3721 1498,3745 1412,3708 1284,3713"/><Baseline points="1293,3765 1337,3759 1382,3759 1427,3762 1472,3765 1516,3768 1561,3768 1606,3768 1651,3768 1696,3768 1740,3768 1785,3771 1830,3774 1875,3774 1920,3777 1938,3780"/><TextEquiv><Unicode>jour-làdeb, homme instruit, savant.</Unicode></TextEquiv></TextLine><TextEquiv><Unicode></Unicode></TextEquiv></TextRegion><TextRegion id="r_1" custom="readingOrder {index:7;} structure {type:footer;}"><Coords points="2071,3796 2154,3796 2154,3858 2071,3858"/><TextEquiv><Unicode></Unicode></TextEquiv></TextRegion></Page></PcGts>