2897 4318
1156 198 1374 312 161
1077 567 1421 707 ZIZIM
717 1036 1797 1120 Explication de l'Enigme Historique de Mai.
154 1220 1213 1316 L'empire d’Orient, si longtemps menacé par ses
118 1303 1202 1370 voisins barbares, n’existait plus; Constantin Paléo¬
115 1365 1199 1425 logue avait péri sur les remparts de sa capitale vain¬
111 1424 1212 1474 cue; Mahomet II régnait à Constantinople, et son nom
105 1469 1196 1535 inspirait en Europe une terreur qui n’avait eu d’é
115 1514 1206 1584 gale que celle qui précédait, au neuvième siècle, les
105 1582 1213 1633 invasions des farouches Normands. Avant que d’atta¬
104 1630 1213 1704 quer l’Italie, comme il en avait le projet, Mahomet
108 1691 1209 1744 s’efforça de détruire la puissance des chevaliers de
105 1740 1202 1798 Rhodes ou de Saint-Jean qui défendaient la Méditer¬
105 1791 1213 1852 ranée contre les excursion des infidèles. Sa haine
105 1862 1213 1913 contre cette vaillante milice était profonde, car, en
111 1910 1212 1964 toute occasion, il l’avait trouvée au premier rang
108 1962 1212 2016 de ses adversaires. Il assiégea la ville de.Rhodes, et il
105 2017 1213 2072 employa, pour la soumettre, toutes les ressources que
105 2059 1213 2122 lui fournissaient d’immenses richesses et la valeur
100 2117 1212 2183 incontestable de ses soldats. Mais les chevaliers, si
105 2169 1213 2235 courageux et si fidèles, avaient à leur tête un homme
100 2226 1200 2286 bien digne de les Commander : Pierre d’Aubusson, un
105 2279 1209 2343 des plus beaux noms de la chevalerie française, était
105 2333 1202 2395 alors grand maître; il soutint le siége avec un talen
105 2382 1199 2443 et une constance invincibles, et l’histoire a enregis¬
108 2440 1206 2498 tré les péripéties de ce duel mémorable qui mit aux
105 2498 1202 2565 mains une petite troupe de soldats chrétiens contre
105 2549 1199 2603 toute la puissance ottomane. D’Aubusson était l’âme
105 2601 1202 2669 des siens ; ce noble vieillard priait et combattait à la
103 2656 1203 2712 fois, et sa piété et son courage électrisaient tous ceux
100 2710 1200 2768 qui l’environnaient. L’armée turque fut obligée de
93 2761 1196 2815 battre en retraite; Mahomet, à cette nouvelle, jura de
93 2817 1207 2870 ne pas laisser pierre sur pierre dans..
103 2871 1196 2935 se dressait comme un boulevard entre lui et le reste
100 2926 1194 2980 de l’Europe. Il rassemblait une nouvelle armée,
93 2982 1191 3041 lorsque la mort le frappa le 3 mai 1431. Il ordonna
93 3033 1200 3094 à ses derniers moments, qu’on ne mit pour épitaphe
100 3094 1196 3151 sur son tombeau que ces mots : Je me proposais de
100 3150 1145 3206 conquérir. Rhodes et de subjuguer la superbe Italie.
146 3190 1194 3260 Mahomet laissa deux fils, Bajazet et Jem ou Vi¬
105 3252 1198 3313 zim. Le premier gouvernait la Paphlagonie et faisait
105 3303 1192 3388 sa résidence aux bords de la mer Noire ; le second
107 3349 1199 3427 avait un gouvernement dans l'Asie-Mineure. Tous
104 3409 1194 3479 deux, au moment de la mort de leur père, étaient
104 3449 1194 3527 éloignés du siège de l’empire; tous deux aprirèrent
104 3511 1191 3593 à régner. Bajazet avait pour lui le droit d'aînesse et
100 3567 1195 3639 les dernières volontés de son père qui lui léguait ses
91 3618 1191 3699 États; Zizim objectait que son frère était né avant
91 3682 1191 3755 l’élévation de leur père à l’Empire, et de plus, il
93 3741 1180 3801 s'inscrivait en faux contre le testament de Maho¬
91 3789 1191 3861 met, dont on ne pouvait, en effet, montrer l’écrit, et
90 3855 1191 3920 qui n'était attesté que par la parole d'un vizir. Deux
1206 3860 1215 3910 -
299 3898 920 3994 VINGT-CINQUIÈMEANNÉE. — N° VI.
1309 1228 2386 1329 partis se formèrent, et les factions rivales en vinrent
1302 1314 2390 1383 bientôt aux mains. Cependant le parti de Bajazet
1300 1367 2400 1432 fut le plus fort. Tandis que les sultans s'approchaient
1306 1432 2400 1482 pour se disputer le trône par les armes, le pacha
1299 1482 2382 1535 Achmet, qui jouissait d'une grande réputation, se dé¬
1298 1544 2379 1597 clara pour Bajazet, soit qu’il fût persuadé de la jus¬
1299 1580 2397 1639 tice de sa cause, soit qu’il espérât dominer sous un
1306 1636 2394 1700 prince dont la faiblesse d’âme lui était bien connue.
1302 1694 2400 1763 Zizim résista avec courage; il tint campagne dans
1302 1740 2382 1810 l’Asie- Mineure et soutint bravement le choc de l’ar¬
1299 1804 2394 1855 mée de son frère, commandée par Achmet. Mais ses
1302 1860 2395 1910 soldats étaient jeunes et peu exercés, et son courage
1309 1905 2379 1973 personnel ne put suppléer à la faiblesse de ses trou¬
1306 1964 2382 2025 pes; ne se reposant plus sur ses propres forces, il
1299 2011 2382 2072 chercha des alliés; le soudan d’Égypte, le roi de Gi¬
1299 2063 2376 2133 licie ou de Caramanie le secondèrent pendant quel¬
1299 2124 2387 2181 que temps, mais ils furent détachés de sa cause par
1293 2158 2382 2226 l'or de la Porte et les Intrigues d’Achmet. Zizim bien¬
1293 2225 2370 2297 tôt se trouva seul, en butte à l’inimitié de son frère
1293 2285 2382 2334 et ne connaissant que trop la manière dont les prin¬
1293 2339 2387 2401 ces mahométans terminent d'ordinaire les querelles
1293 2390 2384 2456 de famille. Traqué de toutes parts, sans asile dans
1296 2443 2376 2498 ces vastes contrées qui obéissaient à Bajazet, il réso¬
1293 2490 2387 2566 lut de demander protection au grand maître de
1293 2553 2373 2613 Rhodes, à Pierre d’Aubusson. Il lui envoya deux am¬
1288 2596 2376 2663 bassadeurs, et, poursuivi par les soldats de son frère,
1288 2662 2382 2714 il s’embarqua pour.Rhodes sans attendre la réponse
1296 2703 2383 2768 du grand maître. La barque qui le portait s'éloignait
1296 2757 2387 2820 du rivage, quand il aperçut les spahis, envoyés à sa
1293 2821 2387 2879 poursuite par son frère. Il écrivit aussitôt quelques
1288 2867 2384 2939 lignes, prit un arc et envoya aux spahis une flèche
1296 2915 2182 2990 à laquelle était attachée la lettre suivante :
1665 3007 1991 3112 LE ROI ZIZIM
1494 3145 2167 3223 AU ROI BAJAZET, SON CRUEL FRÈRE.
1329 3204 2377 3303 « Si je fais un crime en me réfugiant chez les
1285 3297 2364 3363 chrétiens, et surtout chez les chevaliers de.Rhodes,
1278 3344 2361 3420 » ennemis de notre maison, c’est toi qui en es cou¬
1284 3405 2376 3491 » pable devant Dieu et devant les hommes. Tu m'as
1284 3453 2376 3525 » privé de l’empire, contre toutes les lois divines et
1282 3516 2359 3582 » humaines, et tu me forces à chercher un asile hon¬
1288 3552 2370 3650 » teux pour sauver ma vie. Si Mahomet, notre père,
1288 3603 2376 3696 » avait prévu que tu dusses un jour flétrir de la sorte
1282 3669 2370 3741 » l’honneur de notre race, il aurait été ton propre
1285 3714 2359 3794 » bourreau. Le ciel me vengera de ta tyranny et je
1277 3772 2355 3858 » prie le Prophète de hâter le supplice que tu mé¬
1274 3845 1474 3934 » rite. »
2077 3886 2138 3958 11
