2822 3966
1557 69 1655 168 118
506 146 1565 256 moi, et je vis un vieillard dont le visage pâle et mai¬
509 214 1562 294 gre était tourné de mon côté. Il m'était inconnu et
509 270 1562 350 portait un costume étranger. Ses yeux étaient fixés
503 330 1570 395 sur moi avec une expression suppliante. J'hésitai
499 386 1561 446 quelques instants à lui adresser la parole, voyant bien
498 435 1565 507 que j’avais affaire à quelque habitant de l’autre
506 483 1565 553 monde, et ne sachant si ce n’était pas un émissaire
506 547 1565 603 de Satan, Après m’être bien consulté, néanmoins, je
506 587 1551 653 crus pouvoir me fier à sa mine, qui n'avait rien d'of¬
499 646 1555 713 fensif, et, me promettant de tenir bon contre les
509 681 1557 772 tentations, je me décidai à lui demander ce qu'il me
509 740 1559 813 voulait et pourquoi il m’avait appelé ; ce que je fis
503 806 1507 868 d’un ton d’assurance dont je ne fus pas mécontent.
586 845 1549 910 — André, me répondit-il, tu viens de te plaindre
541 862 581 929 »
497 909 1550 969 de ce que le sort t'a refusé la richesse; hé bien, je te
494 964 1549 1021 ferai riche, moi, si tu veux consentir à ce que je vais
487 1009 762 1071 te demander.
535 1068 627 1120 3 —
631 1056 1551 1117 Oh! oh! me dis-je en moi-même, je te vois
497 1113 1546 1173 venir, mon gaillard; et j'avais raison de me méfier
487 1168 1529 1224 de toi : tu m'offres la richesse, que tu ne me donne
491 1220 1545 1283 rais sans doute point, pour me pousser à quelque
491 1283 1538 1328 mauvaise action qui te livrerait mon âme ; mais va,
487 1322 1538 1382 tu as affaire à un bon chrétien qui tient à son salut
487 1374 1538 1442 et à un loup de mer qui ne craint point tes sortiléges.
487 1443 1348 1487 et ne se laissera pas prendre à tes ruses.
530 1475 1546 1538 » Puis j'ajoutai tout haut assez brusquement et en
487 1534 1538 1601 faisant le signe de la croix : « Que t'importe ma
487 1595 1535 1649 pauvreté, maître ? Si j'ai souhaité la richesse, ce n'est
491 1639 1539 1702 pas à toi que je l'ai demandée; et s'il m'est pénible
485 1691 1538 1750 de rester pauvre, ce n’est pas au point que, pour un
482 1745 1478 1802 empire, je voulusse cesser d'être honnête homme,
527 1797 1538 1849 » A ma grande surprise, mes paroles ne paraissaient
482 1853 1511 1912 produire sur le vieillard d'autre effet que d'aug¬
475 1894 1523 1957 menter la tristesse dont son visage blême portait l'ex¬
482 1953 1525 2013 pression. Il secoua la tête en souriant d'un air mélan¬
475 2001 1539 2061 colique, et reprit du même son de voix grave et doux:
530 2072 591 2129 » —
626 2056 1533 2112 Tu te méprends sur mes intentions, mon fils.
475 2097 1526 2168 Je ne suis point, comme tu le crois, un mauvais gé¬
475 2167 1535 2217 nie ; je ne tends point de piège à ta bonne foi, et tu
475 2220 1531 2274 peux te fier à ma parole. Prends cet anneau comme
470 2270 1537 2327 gage de ma promesse, et au milieu de la troisième
471 2320 1525 2379 nuit qui suivra celle-ci, plonge sans crainte dans la
470 2366 1531 2427 mer, à une portée de fusil du rivage. Au fond, tu
469 2412 1517 2484 trouveras trois pots retournés. Va droit à celui du mi
469 2471 1511 2553 lieu, et soulève-le sans t'inquiéter de ce qui se pas
469 2524 1526 2599 sera autour de toi ; puis remonte aussitôt à la surface
469 2578 1537 2645 de l'eau et regagne le rivage. Tu y arriveras sain et
470 2631 1526 2699 sauf, pourvu que tu ne t'arrêtes à rien de ce que
469 2669 1523 2743 tu verras et entendras. C'est l'âme d'un noyé qui est
469 2735 1511 2797 prisonnière sous ce vase et que je te supplie de déli¬
469 2794 1530 2864 vrer. Sois certain qu’après avoir accompli cette bonne
462 2848 1523 2902 œuvre, tu en recevras la récompense; que ni toi ni
458 2897 1530 2956 les tiens ne connaitrez désormais la douleur et les
467 2945 1517 3014 privations en ce monde, et que ton salut dans l’autre,
458 3002 1479 3061 loin d'être compromis, n'en sera que plus assuré. »
499 3058 1523 3123 » Après avoir prononcé ces paroles, et sans attendre
463 3103 1523 3165 ma réponse, l'inconnu disparut, laissant sur la pièce
463 3153 1523 3220 de bois où il s'était assis, un anneau tout terni par la
469 3197 626 3267 vétusté.
517 3263 1514 3329 » Malgré l’air de bonne foi que j’avais cru recon¬
471 3291 1511 3392 naître dans ces discours, je ne trouvai pas sage d'y
466 3363 1514 3434 obéir, car ce pouvait être, de la part du malin esprit.
466 3410 1515 3500 un raffinement de ruse pour m'altirer dans ses filets.
455 3462 1506 3554 Je repris le chemin de ma cabane, enchenté de la vie¬
469 3519 1523 3604 toire que je croyais avoir remportée sur l’ennemi du
461 3563 764 3645 genre humain.
1699 160 2697 262 » Pendant les trois jours qui suivirent, je pensai
1661 219 2697 314 plus d'une fois à l'apparition du bord de la mer; mais
1645 283 2695 366 J'en vins peu à peu a me persuader que j'avais rêvé
1653 336 2687 417 tout éveillé ; je me gardai bien d'en parler à per¬
1650 399 2697 471 sonne, de peur qu'on ne me rît au nez et qu' on ne
1654 445 2686 525 me traitât de visionnaire ou de sorcier ; et la nuit ve
1645 502 2697 570 nue où le vieillard m’avait dit de faire un plongeon
1646 554 2705 621 dans la mer, je ne bougeai du logis et dormis comme
1646 599 2212 669 une souche sur mon grabat.
1687 645 2698 733 » L’année qui s’écoula après cette étrange aventure
1639 720 2683 788 ne fut pas pour moi moins désastreuse que les précé¬
1643 764 2699 838 dentes. Il n'est chose fâcheuse qui ne m'arrivât
1642 808 2698 877 contre toute prévision. Je fus d'abord arrêté à cause
1642 872 2698 941 de ma ressemblance avec un voleur qui avait su se
1633 922 2694 992 soustraire aux recherches de la justice ; on me mit au
1638 972 2695 1032 cachot, on me fit subir la question, et l'on me traita
1637 1024 2685 1099 d'autant plus durement, que, fort de ma bonne con¬
1634 1080 2693 1144 science, j'avais voulu résister aux gens qui étaient
1642 1125 2685 1196 venus pour me saisir. Ce fut seulement après qua¬
1633 1168 2698 1244 tre mois de souffrances, que le vrai coupable ayant
1637 1223 2698 1298 été retrouvé, on me remit en liberté. En sortant
1629 1290 2693 1347 de prison, je fus pendant longtemps en proie à la
1634 1328 2686 1396 plus affreuse misère. Repoussé de tous comme si
1629 1390 2694 1452 Jeusse été réellement un malfaiteur, je pris du
1631 1444 2683 1505 service à bord d'un navire suédois; mais la première
1630 1489 2685 1562 fois que j'y fis la manœuvre, je tombai du haut du
1631 1549 2693 1606 grand mât sur le pont, et me cassai une jambe. On
1627 1589 2682 1667 me transporta dans un hôpital où je passai trois mois
1633 1655 2681 1721 entre les mains de chirurgiens inhabiles qui me
1621 1714 2683 1774 firent souffrir mille tortures pour ne me remettre la
1621 1757 2682 1824 jambe qu'à demi. Lorsqu'ils me lâchèrent, j'étais in¬
1625 1816 2683 1873 capable de travailler. Je revins au pays en boitant et
1622 1853 2683 1920 en mendiant, sans autre idée que de laisser au moins
1626 1906 2183 1976 mes os sur ma terre natale.
1674 1962 2687 2027 » Un soir, — c’était une année après ma rencontre
1622 2023 2683 2075 avec le fantôme, — je ne sais quelle fantaisie me prit
1627 2064 2683 2141 d'aller rêver au passé, à l'avenir peut-être, sur la
1617 2116 1922 2181 plage solitaire.
1667 2173 2674 2236 » Le temps n’était pas calme et serein comme la
1625 2225 2686 2291 première fois ; au contraire, la tempête grondait au
1619 2283 2665 2344 ciel et sur l'Océan; les vagues se brisaient en mugis¬
1617 2332 2686 2395 sant sur la plage ; le vent soufflait avec force, et l'on
1629 2379 2681 2448 eût dit qu’il allait achever la destruction de la vieille
1617 2432 2678 2498 charpente du navire échoué. Il était presque nuit
1617 2492 2671 2550 close, et c'est à peine si l'on distinguait encore les
1615 2541 2659 2602 masses de nuages sombres qui couraient dans l'at
1619 2590 2679 2651 mosphère et rasaient la cime des falaises. Des gouttes
1614 2647 2673 2713 de pluie tombaient de temps à autre sur mon visage ;
1610 2706 2671 2762 tout était lugubre et menaçant au-dessus et autour de
1609 2761 2654 2810 moi. Je ne me rappelais pas avoir jamais vu une jour
1613 2801 2671 2864 née finir aussi tristement, et j'éprouvais une sorte de
1605 2848 2661 2916 joie farouche à voir la nature se mettre ainsi à l'unis¬
1605 2916 2673 2970 son de la sombre agitation à laquelle mon âme était
1603 2950 1794 3020 en proie.
1653 3018 2663 3072 » Je livrais avec plaisir mon visage au souffle hu¬
1606 3072 2674 3136 mide du vent, et je regardais les vagues tumultueuses
1605 3119 2666 3175 avec une véritable sympathie. Bien plus, je me sen¬
1603 3177 2665 3228 tais attiré par elles. Il me semblait que leurs gronde¬
1607 3229 2667 3289 ments voulaient me dire : « Viens, toi qui souffres, tois
1613 3280 2669 3343 que la terre repousse, viens chercher au milieu de
1605 3325 2125 3388 nous le repos et l’oubli. »
1655 3383 2659 3442 » Je m'avançais d'un pas rapide vers la mer, en
1605 3438 2659 3499 proie à une sorte de vertige ; déjà l'écume rej'aillissait
1605 3487 2659 3559 sur moi, et les lames se dressaient au-dessus de ma
1607 3536 2646 3611 tête, avant de s'abattre sur le sable. Encore quel
1607 3586 2666 3679 ques pas et j'allais être englouti. Je m'arrêtai soudain,
