2822 3966
1571 97 1762 192 160
1478 239 1867 354 ÉPHÉMÉRIDES.
1250 386 2116 463 8 Mai 1429. — Levée du siège d’Orléans.
602 482 1635 577 La France presque entière était occupée par les
566 563 1627 630 Anglais, qui possédaient la Normandie, la Guyenne,
566 621 1631 677 régnaient à Paris, et comptaient parmi leurs alliés le
569 664 1630 740 puissant duc de Bourgogne, Philippe le Bon. Orléans
567 742 1627 797 était la place d'armes principale du parti français.
567 773 1624 850 Cette ville formait la barrière derrière laquelle s'abri¬
565 830 1627 893 tait Charles VII, barrière qu’il fallait forcer pour
562 874 1632 956 marcher aux pays de Barry et d’Auvergne, restés
559 931 1630 997 fidèles à sa cause. Le siège de cette ville fut résolu;
555 974 1630 1057 les Anglais, au nombre de douze mille, l'attaquèrent
546 1029 1626 1100 au nord et au midi. Dunois, la Hire, Xaintrailles, se
554 1069 1619 1149 jetèrent dans la ville attaquée, que les habitants dé¬
557 1133 1623 1215 fendirent avec héroïsme. Mais la ville et la cause du
550 1178 1626 1254 roi semblaient perdues sans ressources, lorsqu’une
566 1238 1619 1313 pauvre bergère, suscitée par Dieu, vint relever le
555 1292 1622 1387 royaume des lis. Jeanne d’Are entra dans Orléans le
1713 500 2767 594 29 avril, aux acclamations des habitants, qui avaient
1709 591 2771 655 mis en elle leur dernier espoir, et qui croyaient voir
1706 642 2778 710 sous ses fraits l'ange de la délivrance. Sa présence
1705 700 2771 765 ranima les courage; les soldats, impatients de com¬
1710 734 2775 810 battre, attaquèrent avec fureur les bastilles anglaises;
1710 798 2775 856 en deux jours elles furent enlevées. Quatre jours
1709 844 2771 917 après, le 8 mai 1429, les Anglais levaient le siége
1710 889 2764 956 d’Orléans, et, conduits par Talbot et suffolk, ils diri¬
1711 956 2657 1021 geaient leur retraite sur Jargeau et Beaugency.
1756 990 2759 1060 Une fête populaire rappelle tous les ans aux Orléa¬
1706 1053 2774 1112 nais la mémoire de leur délivrance, et le nom de la
1713 1108 2762 1163 pauvre fille, de l'héroïne inspirée, de la sainte mar¬
1699 1152 2767 1231 tyre, qui, deux ans après, expirait dans les flammes,
1698 1207 2763 1263 abandonnée de tous, des chevaliers qui avaient com¬
1701 1255 2763 1353 battu avec elle, et du roi à qui elle avait rendu son
1693 1302 1906 1388 royaume.
1486 1435 1813 1544 Mosaïque.
789 1575 1376 1678 ORIGINE DU NOT Petit-Maître.
589 1640 1615 1717 Le grand Condé était suivi ordinairement d'un
543 1710 1616 1787 cortége de seigneurs qui imitaient son air fier et ses
541 1773 1607 1839 manières impérieuses; on les nomma les petits-maî¬
539 1807 1608 1903 tres, parce qu’ils copiaient le maître qui les traînait
534 1856 746 1945 après lui.
1730 1587 2595 1697 En parlant peu, tu apprendras davantage.
2345 1674 2648 1764 Maxime russe.
1736 1746 2759 1843 Il n’est pas de destinée si humble où l’on ne puisse
1691 1838 2744 1898 se créer des devoirs qui, par la persévérance, devien¬
1691 1874 2225 1968 nent d'admirables vertus.
2336 1903 2653 2025 DE VILLENÈUVE.
1436 2107 1859 2141 REBUS
1174 3587 2055 3683 Paris. — lyp. Morris et comp., rue Amelot, 64.
