2939 4158
1593 35 1723 140 3344 -
1053 412 2238 580 LA BELLE SAHARA
1240 617 2034 742 SOUVENIR DE CONSTANTINE
1021 974 1050 1004 I
471 1027 1586 1125 De ce qu’un rayon de soleil fit découvrir à l’auteur
594 1111 1471 1183 dans la rue de la Mouche à Constantin.
524 1212 1584 1279 Le ciel était d’un gris sombre, la pluie tombait par
471 1257 1580 1344 torrents sur le toit déjà fortement ébranlé de la misé¬
475 1330 1577 1391 rable bicoque que j’habitais depuis vingt-quatre heu¬
472 1381 1578 1440 res, dans la rue de la Mouche; de larges gouttes, fil¬
481 1434 1580 1503 trant à travers les solives, tombaient par intervalle
476 1488 1574 1564 jusque sur le sol inégal de la pièce longue et étroite
481 1546 1578 1609 qui servait à la fois, à toute ma famille, de Salon et de
472 1603 1578 1670 chambre à coucher. Ce temps si étrangement maus¬
472 1642 1578 1707 sade, dans un pays où j’avais cru ne trouver que
469 1702 1578 1783 rayons éblouissants, que soleil sans nuage, joint à la
471 1755 1572 1833 contrariété de ne pouvoir courir de suite à la recher¬
462 1817 1569 1895 che d’un logement plus convenable, augmentait en¬
466 1861 1575 1948 core la tristesse qui m’avait saisie la veille en aperce¬
469 1918 1574 1984 vant, du pont d’Aumale (1), le nid de vautours qui
457 1969 1578 2049 allait devenir notre prison pour tout le temps qu’il
465 2022 1243 2103 plairait à M. le ministre de la guerre.
504 2056 1569 2159 A moitié couchée sur un divan de calicot rouge,
459 2128 1572 2212 dans un marabout (2) à moulures enluminées, je
466 2195 1572 2272 pensais à mon doux pays, à mes parents, que je crai¬
465 2249 1571 2323 gnais de ne revoir qu'après de longues années d'ab¬
462 2310 1571 2382 sence, et quelques pleurs mouillaient ma paupière.
462 2350 1569 2431 Dans ce moment un rayon de soleil, perçant les som¬
457 2403 1566 2478 bres nuages, vint dorer les murs nus et bossués de
457 2460 1566 2527 ma chambre; ce rayon me fit l’effet d’un sourire au
462 2519 1569 2593 milieu des larmes; je courus à la lucarne grillée qui
463 2572 1569 2649 seule éclairait cette pièce, et montant sur un des petits
459 2618 1569 2701 bancs de bois qui, avec un lit de planches et le divan
457 2676 1571 2757 installé à la hâte, composait alors tout notre mobilier,
469 2729 1568 2798 je me mis à regarder, d’abord le ciel couvert de nua¬
460 2792 1569 2859 ges, puis la terre, c’est-à-dire le bout de rue changé
469 2847 1568 2912 en ruisseau, qu'il m'était permis d’apercevoir. Vers le
465 2906 1568 2980 ciel je ne distinguai qu’une eigogne qui, traversant
453 2944 1568 3027 l’espace, s’occupait de pourvoir aux besoins de sa
465 3002 1566 3080 jeune famille; sur la terre, je ne vis qu’un pauvre
457 3069 1564 3134 Arabe à peine couvert d’un burnous sale et déchiré;
460 3124 1559 3183 pieds nus, dans la boue, il chassait devant lui quelques¬
457 3177 1558 3242 uns de ces malheureux bourriquets chargés de peaux
496 3334 1559 3397 (1) Le pont d’Aumale a été construit par les Français sur
440 3379 1553 3462 le Rummel, au pied de la montagne de Constantin (oute
444 3425 770 3494 de Philippeville).
502 3478 1552 3570 (2) Ici le mot marabout (gaubba) signifie une espèce d’al¬
447 3524 1555 3595 cove plus ou moins grande dont le sol est un peu élevé au¬
447 3572 1552 3679 dessus du niveau du reste de la pièce. On en trouve dans
444 3627 1112 3698 presque toutes les chambres arabes.
1667 960 2795 1030 de bouc qui charrient à Constantin l’eau blanchâtre du
1676 1019 2795 1111 Rummel ou celle un peu plus limpide des fontaines
1677 1069 1965 1145 d’El-Kantara.
1720 1124 2788 1208 Et comme ce spectacle n'avait rien de fort réjouis¬
1674 1186 2798 1267 sant, je me disposais à quitter la lucarne, lorsqu’une
1676 1239 2797 1313 femme d’une taille élevée se montra tout à coup
1670 1291 2798 1372 sur le seuil d’une porte voisine. A son voile noir, au
1670 1347 2792 1415 bandeau de lin qui couvrait son front, au chapelet
1671 1406 2791 1482 pendu à sa ceinture, j’avais reconnu avec joie une
1668 1469 2773 1518 sœur de-charité. Sa vue seule me fit du bien
1674 1513 2788 1589 comme si je venais de trouver une amie sur cette
1668 1571 2785 1640 terre étrangère. Elle leva la tête vers le ciel, sans
1662 1621 2783 1698 doute pour contempler comme moi le bienheu¬
1662 1677 2786 1748 reux rayon de soleil, et à ce moment, je pus distin¬
1664 1727 2786 1813 guer son visage. Ce n’était point une belle et jeune
1667 1801 2782 1863 personne aux yeux d'azur, aux joues veloutées, mais
1656 1850 2780 1909 une pauvre vieille fille déjà couverte de rides et dont
1658 1889 2780 1977 le visage était marqué de petite vérole. Cependant il y
1658 1957 2780 2027 avait tant de résignation et de douceur dans son re¬
1659 2007 2788 2083 gard, que la plus merveilleuse beauté n'eût pas été
1664 2056 1993 2121 plus touchante.
1705 2109 2782 2190 Je la suivais de l’œil, dans cette rue tortueuse où
1655 2159 2780 2248 elle marchait d’un pas rapide, malgré ses soixante
1658 2233 2780 2310 ans; mais bientôt elle retourna sur ses pas et appela
1659 2270 2043 2356 d'une voix douce :
1698 2329 1951 2397 « Samuel. »
1704 2372 2770 2465 Un petit homme, chaussé de tabouches de maro¬
1652 2435 2772 2530 quin jaune; la tête enveloppée d’une longue écharpe
1646 2499 2769 2571 de mousseline, tournée en forme de turban; vêtu
1651 2544 2766 2630 d'un large pantalon bleu et d’une veste brune; cou¬
1661 2615 2769 2683 vert d’un burnous assez propre et portant à son bras
1652 2671 2763 2741 un énorme panier, parut à la porte de la maison.
1653 2717 2769 2779 La religieuse lui dit quelques mots que je ne pus en¬
1661 2774 2766 2848 tendre et auxquels il répondit en français, mais avec
1659 2831 2761 2922 cet account guttural ordinaire aux hommes de ce pays;
1659 2891 2760 2977 puis il la suivit à quelques pas de distance. Quel rap¬
1673 2940 2766 3025 port ce petit juif, car c'en était un sans doute, pou¬
1662 2993 2769 3067 vait-il avoir avec la sœur de charité, et qu'allaient-ils
1643 3040 2760 3124 faire l'un et l'autre dans cette maison délabrée?
1643 3100 2767 3192 C’était le problème que je m’efforçais de résoudre
1643 3149 2760 3249 lorsque Virginie, ma petite femme de chambre,
1640 3202 2757 3289 naguère aussi découragée que moi de notre grotesque
1643 3264 2757 3359 installation, accourut joyeuse m’avertir de la part de
1640 3322 2752 3413 mon mari qu’on avait trouvé enfin une maison qui,
1649 3378 2755 3460 après un certain nombre de Imodifications indispen¬
1639 3438 2761 3512 sables, nous offrirait un logement commode. Je bondis
1637 3487 2752 3574 de joie à cette nouvelle, et prenant en toute hâte mon
1637 3553 2754 3627 chapeau et mon châle, je sortis, malgré le mauvais
1640 3592 2745 3682 temps, pour m’assurer de la vérité du fait, tant le tau¬
1633 3659 2748 3749 dis que nous habitions me paraissait insupportable.
