2822 3966
1578 83 1703 169 78
529 137 1556 236 vous avez trop d’expérience pour l’ignorer, made¬
525 225 1572 280 moiselle; je me suis trompée dans le choix du mien,
516 269 1572 329 et, après de mûres réflexions et comparaisons, je me
517 309 1051 393 suis résolue à en changer.
550 377 1570 427 LA TANTE. Vous, un cordon bleu de premier ordre !
568 424 1570 483 JOSÉPHINE. Mademoiselle est bien bonne, mais la
517 477 1574 535 gloire n’est que fumée, dit-on dans les livres, et cette
517 523 1556 574 fumée-là ne peut me faire trouver celle de mes four-
517 572 1570 628 neaux tolérable. J’ai besoin du grand air, mademoi¬
524 622 1564 694 selle; j’envie le sort de la fille des champs; travailler
512 678 1558 740 aux champs, voilà mon rêve! Se lever avec le soleil,
520 730 1570 790 respirer les premiers parfums des fleurs, entendre les
519 782 1560 842 premières chansons des petits oiseaux, manger des
515 831 1560 888 mets simples que je n’aurai point apprêtés, puis, le
520 883 1570 947 soir, se coucher de bonne heure, pour recommencer le
512 927 1560 998 lendemain la même existence; telle est, mademoiselle,
505 972 1034 1035 mon irrésistible vocation!
548 1026 1096 1090 LA TANTE. Isidore, eh bien?
551 1086 1370 1142 ISIDORE. La tête de Joséphine se détraque.
548 1131 936 1191 JOSÉPHINE. Plait-il?
548 1188 1558 1248 LA TANTE. Joséphine, si je vous disais que tout ce
505 1243 1552 1314 que vous souhaitez si ardem ment, fait le désespoir
505 1296 1386 1347 d’Isidore, ici présent, qu’en penseriez-vous?
556 1344 1550 1395 JOSăPHINE. Ne pouvant mettre la parole de made-
505 1396 1558 1476 moiselle en doute, je penserais qu’Isidore est digne
503 1442 922 1510 d’un cabanon de fou!
542 1496 851 1563 ISIDORE. Quais !
548 1551 1395 1617 CÉCILE. La monnaie de votre pièce, Isidore!
548 1606 1542 1663 ISIDORE. Mais moi, mam'zelle Cécile, mon obser-
507 1659 1547 1721 vation était juste ; tout le monde l’aurait faite ; il faut
492 1709 1546 1775 avoir la cervellé à l’envers, ou plutôt, en être absolu¬
493 1754 1539 1809 ment dépourvue, pour songer à quitter une magnifi¬
504 1811 1546 1865 que cuisine, où l’on a chaud l‘hiver, et frais l‛été, à
495 1853 1548 1925 seules fins de rester des heures entières, le nez sur de
492 1895 1548 1975 mauvaises herbes ou les bras en l’air devant un
493 1951 960 2034 pommier à écheniller !
536 2006 1540 2074 JOSÉPHINE. C’est-à-dire que, lorsqu’on a le bonheur
492 2042 1528 2121 de vivre sous la voûte des cieux, songer à se claque¬
495 2114 1543 2182 murer, n’importe où, dans-une chambre, dand un
487 2171 1535 2239 atelier, dans une boutique même, c’est bien plutôt là
487 2213 1540 2293 le cas, il me semble, où l’on doit être soupçonné de
488 2271 1180 2329 manquer absolument de bon sens!
528 2318 1539 2394 LÉON, riant. Ma tante, une idée! Si vous mettiez
480 2353 1407 2443 Joséphine au jardinage et Isidore à la cuisine?
531 2430 1540 2494 cecile, riant. Ce serait Isidore qui ferait rôtir nos
493 2478 1538 2546 poulets et préparerait nos crèmes, et Josephine qui
491 2527 1538 2605 ferait pousser nos petits pois, nos melons et nos
491 2575 692 2655 asperges!
532 2621 1539 2694 LA TANTE, affectant un grand sérieux. Ah! si chacun
489 2690 1538 2754 des deux n’était particulièrement remarquable dans
491 2746 1538 2813 son état, la substitution ne serait pas impossible; et
483 2782 1538 2860 dès que les jérémiades d’Isidore n’effraieraient pas
488 2838 1535 2906 Joséphine, je dirais à Joséphine : passez à ce garçon
481 2894 1531 2966 votre tablier blanc, en échange de sa bêche, et de
483 2958 1523 3024 ses arrosoirs. Mais, il faut toute une vie et des apti-
476 2993 1530 3065 tudes spéciales, pour faire un cordon bleu comme
481 3049 1531 3113 Joséphine et un jardinier comme Isidore ! Enfin, mes
481 3105 1528 3170 enfants, je prends note de votre demande, et, comme
484 3145 1535 3230 précisément la cuisinière de M. Anselme, lequel était
483 3206 1524 3282 un gourmet de première classe, cherche une place,
483 3244 1519 3344 je vais l’arrêter; c’est tout à fait un talent, je ne re-
487 3309 1516 3377 garderai pas à augmenter les gages d’une cinquan¬
480 3356 1523 3442 taine de francs, ainsi que je l’eusse fait volontiers
483 3405 1530 3500 pour Joséphine, s’il n’avait fallu que ce sacrifice pour
477 3461 1519 3544 la décider à rester avec nous ; mais elle se sent l’im¬
476 3502 1523 3633 périeux besoin de changer !.. Eh bien! Joséphine,
1658 152 2708 260 c’est dit, j’accepte votre congé, et vous pourrez même
1659 224 2209 297 ne pas attendre huit jours.
1695 236 2698 348 JOSÉPHINE, froidement. Mademoiselle, je vous remer¬
1661 328 2702 404 cie... (Fausse sortie.) Mademoiselle, ce n’est pas parce
1662 371 2696 447 qu’on a été la cuisinière de M. Anselme, qu’ on pos¬
1659 423 2105 489 sède la science infuse!
1691 484 2698 559 L'ATANTE. Il paraît que le défunt inventait, et qu'il a
1647 527 2567 591 laissé à sa cuisinière des secrets merveilleux.
1694 574 2696 650 JOSÉPHINE. Des secrets! des secrets! Je la défierais
1646 611 2690 700 bien aux potages, aux salmis, aux glacés, aux merin¬
1650 680 2226 746 gues, aux charlottes russes...
1687 743 2682 816 LA TANTE, l'interrompant. Nous en jugerons, José-
1634 784 1807 858 phine!
1687 807 2693 922 JOSÉPHINE, continuant. Aux filets de chevreuil, aux
1639 894 2684 975 faisans, aux cailles, aux soles normandes, aux co-
1642 952 2391 1023 quilles d’huitres et de moules, aux...
1683 1006 2686 1079 LA TANTE. Ne vous échauffez pas; nous en jugerons,
1649 1046 1883 1110 vous dis-je.
1682 1107 2690 1164 JOSEPHINE. Eh bien, non, mademoiselle, non vous
1639 1159 2693 1226 n’en jugerez pas! Avec votre permission, je reste ! Au
1641 1210 2693 1271 fait, je sens bien que je n’aurais pu m’habituer loin
1646 1250 2693 1332 de vous tous ; je vois que je vous suis plus attachée
1647 1315 2692 1386 que je ne le pensais ; et, dès que mademoiselle veut
1635 1351 2672 1431 bien augmenter mes gages, je renonce aux champs.
1679 1418 2693 1495 CÉGILE. D’autant plus qu’ici, vous n’en êtes pas loin,
1631 1468 2114 1530 des champs, Joséphine!
1675 1519 2690 1587 La TANTE. A la bonne heure, Joséphine. Maintenant,
1629 1562 2682 1641 la chose étantainsi conclue, faites-moi le plaisir d’al-
1637 1617 2174 1694 ler vous occuper du dîner.
2022 1731 2293 1806 SCÈNE VI.
1847 1790 2463 1893 LES MÊMES, moins JOSÉPHINE.
1670 1885 2678 2009 LA TANTE. Quant à toi, Isidore, tout décidément, va¬
1629 1979 2684 2055 t-en, dès qu’il te plaira, mon garçon; ton métier te
1631 2033 2674 2110 paraissant désormais odieux, je ne veux pas te con-
1627 2086 2684 2161 traindre à l’exercer une heure de plus; adviendra que
1634 2139 2674 2214 pourra de mes rosiers mousseux et de mes camélias,
1623 2198 2674 2257 ces fleurs magnifiques, que tu apportais sous mes fe-
1623 2242 2672 2315 nêtres, et qui étaient comme ma part du printemps;
1617 2295 2674 2355 adviendra que pourra de ces asperges que tu as le
1615 2349 2677 2414 secret d’obtenir si grosses, et de ces melons, sucrés
1617 2391 2672 2462 et parfumés, grâce à ta science et à tes soins, comme
1615 2433 2672 2513 ils ne le sont d’aucune autre provenance; tout cela va
1615 2501 2668 2574 dégénerer dans les mains de celui qui te succédera;
1617 2550 2670 2613 mais je comprends très bien, que cette considération
1617 2606 2670 2674 ne saurait t’amener à changer d’avis; va-t’en donc,
1617 2653 2670 2725 mon garçon, va-t’en, puisque ce genre de travail est
1618 2705 2254 2778 devenu pour toi une souffrance.
1661 2766 2674 2836 isipore. Oui, qu’ils sont sucrés, mes melons, n’est-ce
1615 2813 2669 2882 pas mam'zelle Angélique, et qu’elles sont dodues, mes
1615 2869 2676 2941 asperges? Et, s’il vous plaît, c’est que je n’obtiens
1613 2924 2673 2997 point le volume aux dépens du goût, dame! Nenni!
1606 2984 2673 3037 nenni ! La belle malice que d’obtenir le volume si
1600 3017 2672 3100 l’on sacrifie la saveur !..Mam’zelle, faudra, sauf respect,
1611 3086 2669 3142 expliquer à celui qui viendra que, pour les asperges,
1605 3134 2672 3200 il est nécessaire de draîner avant que de fumer ; qu’il
1610 3180 2666 3268 faut fumer à trois reprises différentes; que le fumier
1603 3226 1890 3292 à employer...
1646 3286 2666 3360 LA TANTE, l'interrompant. Mon pauvre Isidore, je ne
1605 3338 2666 3401 saurais retenir tout cela ; espérons que notre jardinier
1606 3392 2431 3477 futur connaîtra son métier ou à peu près.
1641 3445 2659 3504 ISIDORE. A peu près ne suffit pas, mam'zelle; si c’est
1605 3497 2657 3581 un âne, sauf respect, la peine de deux années est
1590 3542 2659 3642 perdue pour les asperges de la saison à venir; les
