2822 3966
1600 118 1686 218 36
613 207 1612 278 Reprenant ensuite la thèse déjà développée par
564 262 1591 330 Martin Lefranc dans son Champion des Dames, il dé-
569 322 1612 404 clare hautement que les maris ont toujours tort, et
568 370 1129 450 les femmes toujours raison :
609 481 1387 533 Si l’hymen après soi traîne tant de dégoûts,
608 529 1394 580 On n’en doit imputer la faute qu’aux époux ;
608 572 1439 630 Les femmes sont toujours d’innocentes victimes,
608 621 1434 674 Que des lois d’intérêt, que de fausses maximes
605 664 1373 739 Immolent lâchement à des maris trompeurs.
610 771 1591 835 Puis, à l’instar encore de notre ami Franc-Vouloir,
565 827 1601 883 il se lance tête baissée dans l’interminable chapitre
563 879 1593 943 des récriminations, entame la liste des maris pervers,
553 924 1589 992 les classe et les décrit, absolument comme Cuvier
560 980 1576 1040 distribuant par genres et par espèces les animaux fé
548 1025 932 1089 roces à lui connus.
596 1081 1592 1140 Tantôt c’est un fripon enrichi à qui l’or, produit de
547 1127 1581 1202 ses infamies et de ses bassesses, procure le plus bril-
551 1181 930 1258 lant des mariages :
597 1286 1369 1361 On trouverait encore à quelque vieux pilier
588 1341 1361 1407 Son dernier habit vert pendu chez le fripier;
593 1398 1266 1448 Par ses concussions fatales à la France
593 1440 1270 1498 Il a déjà vingt fois affronté la potence :
589 1494 1444 1563 Mais cent vases d’argent parent ses longs buffetes
585 1528 1334 1595 Avec peine un milan traverse ses guérets;
589 1585 1422 1655 Que faut-il davantage? Aujourd’hui la richesse
583 1623 1349 1686 Ne tient-elle pas lieu de vertu, de noblesse?
584 1665 1451 1729 Et, pour faire un époux, que voudrait-on de plus
589 1718 1435 1782 Que dix terres en Beauce, avec cent mille écus ?
576 1799 1581 1895 Tantôt c’est un avare intraitable et sans cœur, qui
535 1874 1579 1958 n’a pas honte de laisser sa pauvre jeune femme dans
541 1930 1581 1996 le dénûment le plus profond, et qui, toutes les fois
545 1990 1583 2050 qu’il s’agit d’acquitter une obligation pécuniaire et de
539 2031 1572 2108 délier les cordons de sa bourse, n’est jamais à court
535 2088 1569 2155 dans son esprit miraculeusement inventif, d’excel-
535 2125 1579 2220 lentes raisons pour ne pas payer. Cet homme, bien
535 2185 1580 2274 entendu, se nomme Harpagon, et ne peut guère, en
537 2242 1121 2310 effet, se nommer autrement :
564 2335 1343 2419 Le ciel l’avantagea d’une femme accomplie ;
568 2397 1274 2455 Il reçut pour sa dot plus d’écus à la fois
568 2446 1418 2520 Qu’un balancier n’en peut réformer en six mois.
559 2492 1325 2552 Sa femme se flatrait de la douce espérance
559 2535 1458 2617 De voir fleurir chez elle une heureuse abondance...
559 2647 1565 2732 Ah! bien oui! La malheureuse dame, en cette oc-
523 2693 1576 2786 casion, comptait sans son hôte, c’est-à-dire sans son
519 2752 907 2834 seigneur et maître :
553 2869 1420 2943 Si, pour fournir aux frais d’un habit nécessaire,
549 2907 1314 2987 Sa femme lui demande une somme légère,
547 2963 1333 3020 Son visage soudain prend une autre couleur:
547 2998 1398 3079 Ses valets sont en butte à sa mauvaise humeur.
561 3044 1309 3123 L’Avarice bientôt, au teint livide et blème
552 3090 1333 3172 Sur son coffre de fer va s’asseoir elle-même :
556 3136 1361 3225 Pour ne le point ouvrir il abonde en raisons;
552 3185 1363 3265 Ses hôtes (1) sans payer ont vidé ses maisons
560 3221 1354 3317 D’un vent venu du nord la maligne influence
560 3260 1306 3361 A moissonné ses fruits avec son espérance,
559 3320 1385 3426 Ou de fougueux torrents, inondant ses vallons,
560 3357 1333 3457 Ont noyé sans pitié l’honneur de ses sillons.
548 3514 1061 3642 (1) Ses locataires, sans doute.
1742 186 2562 277 Ainsi, toujours rétif, rien ne fléchit son âme ;
1730 265 2514 317 Pour avoir un habit, il faudra que sa femme
1730 309 2516 364 Attende que la mort, le mettant au cercueil,
1729 352 2471 423 Lui fasse enfin porter un salutaire deuil.
1742 444 2732 537 Voilà les seuls portraits que nous puissions citer
1689 524 2734 591 dans la Satire contre les maris. Des raisons de goût et
1682 572 2734 633 de morale nous forcent à laisser de côté tous les au¬
1689 632 2741 690 tres, pour arriver de primesaut à la conclusion ainsi
1682 682 2135 766 formulée par l’auteur :
1722 782 2492 837 Si dans des vers piquants Juvénal en furie
1722 833 2479 884 A fait passer pour fou celui qui se marie,
1725 862 2538 932 D’un esprit plus sensé concluons aujourd’hui
1725 924 2519 984 Que celle qui l’épouse est plus folle que lui.
1717 1023 2729 1085 Une conclusion cent fois meilleure, à notre avis, ce
1680 1085 2732 1141 serait de relire dans la Genèse, dans cet admirable
1678 1132 2732 1194 livre écrit par Moïse, le plus grand des législateurs.
1677 1182 2734 1237 sous la dictée même de Dieu, le double épisode relatif
1677 1238 2729 1290 à la création de l’homme et à celle de la femme. Ré¬
1682 1287 2732 1342 veillé de son mystérieux sommeil, Adam s’écrie, en
1682 1342 2734 1396 apercevant la compagne que l’Éternel vient de lui
1677 1387 1849 1448 donner :
1718 1434 2451 1507 « Celle-ci est la chair de ma chair! »
1713 1494 2732 1555 En d’autres termes, l’homme et la femme ne sont
1670 1551 2734 1604 qu’une seule et même nature en deux êtres : l’un plus
1670 1600 2734 1657 fort, l’autre plus faible ; l‘un plus actif, l'autre plus
1669 1647 2734 1722 sensible ; l’un plus fait pour protéger, l‘autre pour
1669 1701 2284 1758 aimer et se dévouer sans cesse.
1716 1750 2719 1813 Cette petite guerre mutuelle d’un sexe contre l’au-
1669 1797 2729 1875 tre n’est, au bout du compte, qu’une double injustice,
1669 1870 2734 1927 qu’un double paradoxe. Parfois, cela peut faire un
1665 1913 2732 1979 Jeu d’esprit assez agréable dans une conversation qui
1668 1962 2734 2035 languit; mais en bonne morale, en bonné philosophie
1670 2015 2519 2073 pratique et humaine, cela ne compte pas.
1709 2067 2726 2137 Pour en revenir à notre Champion des Dames et à
1668 2116 2732 2187 sa postérité, mentionnons, au nombre de ses derniers
1666 2179 2720 2241 descendants, l’aimable auteur du Mérite des Femmes,
1668 2229 2720 2288 ce bon Legouvé, qui a su peindre la tendresse et le
1668 2262 2732 2337 dévouement des jeunes mères, dans ces vers incorrects
1668 2324 1917 2390 mais sentis :
1702 2422 2657 2503 Il (l’enfant) commence l’essai de ses forces naissantes
1704 2483 2546 2555 Sa mère est près de lui : c’est elle dont le bras
1704 2523 2508 2591 Dans leur débile effort aide ses premiers pas ;
1700 2576 2435 2648 Elle suit la lenteur de sa marche timide;
1702 2625 2488 2684 Elle fut sa nourrice, elle devient son guide.
1693 2677 2543 2733 Elle devient son maître au moment où sa voix
1696 2724 2556 2780 Bégaie à peine un nom qu’il entendit cent fois :
1697 2769 2574 2826 MA MÈRE est le premier qu’elle l’enseigne à dire;
1696 2812 2580 2873 Elle est son maître encor dès qu’il s’essaie à lire;
1694 2860 2506 2919 Elle épelle avec lui dans un court entretien,
1696 2901 2454 2961 Et redevient enfant pour instruire le sien.
1689 3168 2668 3261 Autres Productions allégoriques
1794 3294 2570 3366 Postérieures au Roman de la Rose.
1689 3490 2700 3574 L’immense popularité conquise par Jehan de Meung
1641 3544 2701 3622 dut naturellement allécher ses confrères; enhardis
1643 3596 2708 3696 à la vue d’une tentative qui avait si bien réussi, les
