2897 4318
1240 305 1359 383 355
207 379 1260 446 pour arracher à sa modestie ce témoignage public de
197 446 1254 509 ses talents. Madame d’Arbouville n’a survécu que
210 493 1254 559 peu d’années à ce triomphe qu’elle n’avait pas désiré;
197 548 1254 601 après sa mort, ses amis, sa famille, à qui elle avait
197 583 1250 662 laissé de si vifs desquets et de si profonds souvenirs, se
197 646 1248 717 sont occupés à rassembler ses nouvelles et ses poésies;
198 698 1245 749 on les a publiées en trois volumes, qui, pour se con¬
194 747 1248 811 former encore aux intentions qui avaient dirigé l’au¬
189 801 1249 870 teur pendant toute sa vie, sont vendus au profit d’une
193 854 552 914 œuvre charitable.
230 907 1248 968 Ces volumes, dès leur apparition, ont singulièrement
194 951 1245 1017 émule public lettré, celui du moins qui aime les œuvres
184 1016 1236 1067 délicates de l’esprit, et qui se plaît mieux dans l‘ana¬
193 1060 1236 1117 lyse des sentiments et des pensées que dans les créa¬
190 1111 1250 1180 tions bruyantes et romanesques. Les récits de madame
184 1172 1252 1225 d'Arbouville (un excepté, Luiggina, que peut-être
186 1225 1250 1282 elle n’eût pas livré à la publicité) ne sont autre
189 1278 1248 1334 chose que l’étude fine, approfondie des mouvements
186 1326 1248 1382 intimes de l’âme, de ceux surtout qui touchent à la
184 1371 1246 1434 douleur, sous quelque forme qu’elle se présente. La
182 1432 1238 1494 mélancolie qui est au fond de toute âme, de toutes
184 1475 1246 1536 passion, de toute destinée, est daguerréotypée dans
185 1537 1242 1601 ces pages avec une vérité quelquefois navrante, et
177 1585 1238 1648 l'on s'étonne qu’une femme, dont la vie fut constam¬
178 1635 1244 1701 ment heureuse et calme, ait pu pénétrer à ce point
185 1685 1242 1744 les secrets du malheur. Elle a expliqué cette tendance
177 1736 1236 1806 de son talent : « Ma vie, dit-elle, a été si exempte d’é¬
180 1801 1237 1855 » vénements qu’il m’a fallu le plus souvent chercher
178 1846 1238 1907 » dans la vie des autres le sujet de mes rêveries. Je
181 1893 1237 1956 « leur ai emprunté leurs larmes et leurs agitations;
181 1942 1236 2011 « j’ai glané dans leur existence, à défaut de pouvoir
178 2000 1234 2059 » moissonner dans la mienne. Je me suis fait l’écho
178 2054 1236 2111 » de leur voix, l’interprète de leurs joies ou de leures
178 2100 1228 2165 » peines; j’ai peuplé ma solitude de rêves, de souve¬
178 2159 1238 2208 » nirs, d’espoirs, qui n’ont pas même effleuré mon
184 2208 1230 2258 « cœur, mais que j’ai entrevus à côté de moi. Le re¬
181 2261 1230 2320 „ pos était en moi, et j’allais chercher au loin les
178 2312 1236 2367 » troubles sans nombre dont tant d’autres existences
172 2374 1229 2423 » sont remplies. Du fond de ma retraite j’ai deviné les
177 2425 1230 2472 » larmes que l’on cache, les mécomptes, les respects
172 2467 1230 2523 » que l’on étouffe, les illumins qui se brisent. J'ai
172 2515 1228 2572 » assez vécu dans le monde autrefois pour avoir
172 2570 1228 2629 » sondé quelques-uns de ses abîmes, et, du port que
172 2620 1157 2677 » je n'ai pas quitté, je raconte ses naufrages..... »
209 2680 1226 2736 Étude, divination, reflet des impressions d’autrui,
174 2733 1226 2778 ces récits attachent, entraînent, et laissent après eux
174 2772 1226 2836 un souvenir profond et triste, qu'adoucit cependant
172 2830 1224 2886 la pensée religieuse à laquelle madame d’Arbouville
166 2875 1224 2941 s’est montrée constamment fidèle. Les sons que rend
174 2935 1214 2995 cette lyre sont douloureux, mais on sent qu’ils peu¬
172 2979 879 3043 vent préluder aux cantiques du ciel.
207 3031 1218 3096 Parmi ces nouvelles, celles qui ont le plus attiré
166 3082 1209 3152 l’attention du public et de la presse, sont : Une His¬
169 3141 1214 3196 toire hollandaise, le Médecin de village et Résignation.
172 3191 1218 3256 A eux seuls, ces récits formeraient un volume d'un
166 3240 1212 3296 choix enquis, qui établirait mieux peut-être la répu¬
169 3288 1214 3352 tation de madame d’Arbouville que les poésies et les
166 3346 1212 3403 autres nouvelles qu’on a cru devoir y joindre et qui
160 3392 1218 3479 ne semblaient pas destinées à sortir du secrétaire de
161 3439 340 3503 l’auteur.
215 3487 1206 3562 Une Histoire hollandaise est la vie d’une jeune fille,
158 3554 1206 3615 dont les affections contrariées par la volonté pater¬
158 3602 1216 3660 nelle, qui va jusqu’à la tyranny, ne trouvent de paix
160 3652 1216 3705 et de consolation que dans les bras de la religion.
169 3696 1212 3759 C'est un récit très-simple, mais d'une tristesse qui va
161 3756 1214 3841 jusqu’à l’âme; il est difficile de mieux peindre la dé¬
1343 407 2386 492 sulation d'une âme abandonnée, à laquelle tout appui
1338 452 2393 543 manque sur la terre, et le travail insensible qui, de
1341 511 2378 588 deuil en deuil, d'amertume en amertume, l'amène
1343 564 2379 640 vers le souverain consolateur. Sans cette respective
1338 614 2385 689 ouverte sur le Ciel, où la pauvre Christine se reposera
1338 662 2377 743 de ses douleurs, cette histoire ne pourrait se lire.
1342 709 2383 793 Nous en citerons un passage, où les souffrances de la
1334 767 2385 845 terre et les espérances du Ciel sont admirablement
1330 815 2382 892 mêlées. Christine est enfermée, par l’ordre de son père,
1329 874 2387 940 dans un couvent de la Visitation; la supérieure, femme
1334 924 2180 998 dévouée et sainte, s’efforce de la consoler :
1378 978 2383 1079 « Parfois, elle appelait Christine dans sa cellule, elIe
1334 1044 2382 1116 » la faisait asseoir auprès d’elle ; elle lui prêtait des
1330 1104 2382 1170 » livres, puis elle la laissait ou lire ou rêver. Comme
1330 1150 2375 1214 » dans toutes les cellules, les murs de celle qu’habi¬
1331 1204 2385 1267 » tait la supérieure étaient couverts de sentences :
1331 1265 2390 1341 » c'étaient des voix qui parlaient sans parole. Le petit
1331 1319 2375 1369 » tabouret de Christine était placé en face d’une mu¬
1331 1350 2378 1428 » raille sur laquelle on lisait : Venez à moi, vous tous
1330 1408 2382 1472 » qui êtes chargés et qui souffrez, je vous soulagerai!
1329 1455 2382 1528 „ Pendant les longues heures du silence, si Christine
1329 1510 2393 1595 » levait les yeux, elle voyait cet appel fait à tous les
1323 1576 2378 1628 » malheureux. Si elle regardait d’un autre côté, ses
1327 1627 2374 1686 » yeux rencontraient le crucifix de bois. Si elle se dé¬
1323 1677 2375 1740 » tournait, elle voyait la supérieure agenouillée. Si
1323 1729 2373 1784 » elle laissait tomber sa tête sur sa poitrine, son livre
1317 1785 2370 1849 » de prières, ouvert sur ses genoux, frappait ses re¬
1322 1835 2375 1893 » gards. Parfois, pour se livrer aux pensées de son
1327 1879 2367 1935 » cœur, Christine fermait les yeux, mais alors la
1321 1928 2363 1983 » cloche du couvent tentait doucement et disait en¬
1321 1982 2369 2042 » core de prier. Quand elle sortait de sa cellule, elle
1318 2036 2366 2092 » voyait ses compagnes calmes et recueillies la saluer
1318 2084 2358 2144 » en murmurant : Dieu soit avec vous, ma sœur!
1323 2129 2353 2197 » Quand elle mangeait, une voix lui disait de remer¬
1321 2193 2357 2248 » cier le Seigneur... Christine vit tout cela, mais per¬
1311 2245 2366 2304 » sonne ne la questionna. Ce qui se passa dans son
1318 2290 2008 2354 » cœur, nul ne le sut sur la terre.
1355 2334 2362 2409 » Les cloches, les cbants, les prières, le silence, les
1311 2399 2355 2454 » Saints exemples, les douces paroles, les murs aux
1311 2447 2354 2502 » pieuses maximes, les tombes qui donnent de graves
1314 2500 2353 2554 » pensées, toutes ces choses, connues des anges invisi¬
1306 2552 2353 2613 » bles, entouraient Christine, mais personne ne la
1309 2607 2353 2663 » questionna, et ce qui se passa dans son cœur, nul
1311 2655 1842 2723 » ne le sut sur la terre... »
1351 2707 2355 2784 Cette Histoire hollandaise, si triste et si consolante
1299 2761 2346 2832 à la fois, semble avoir inspiré un roman anglais, Lady
1309 2826 2345 2886 Bird, œuvre distinguée de la plume féconde de lady
1306 2877 2342 2934 Georgiana Fullerton, qui a étendu le cadre de ma¬
1299 2919 2346 2992 dame d’Arbouville; elle a accentué avec plus d‘énergie
1302 2985 2342 3043 les passion et les caractères, mais de quelque vigueur
1309 3043 2341 3092 que soit animé cet écrit, indépendamment du mérite
1302 3087 2334 3141 de la priorité, qui appartient à l’auteur français (1),
1294 3136 2331 3189 nous préférons un dessin pur et parfait à un tableau
1302 3176 2329 3245 dont toutes les parties ne sont pas également achevées.
1338 3233 2338 3294 Dans le Médecin de village, les douleurs d'une
1299 3282 2331 3345 femme qui perd un mari tendrement aimé, d’une
1294 3333 2331 3398 mère qui voit son fils frappé d’une maladie incorable,
1293 3398 2334 3449 sont décrites avec une sensibilité profonde. Avec Eva
1299 3449 2335 3502 Meredith, la veuve, la mère doublement affligée, on
1294 3501 2331 3566 boit jusqu’à la lie le calice des douleurs humaines.
1330 3632 2322 3711 (1) Une Histoire hollandaise a paru dans la Revue des
1287 3696 2320 3769 Deux-Mondes, le 1er mai 1850; Lady Bird a paru en Angle¬
1297 3749 1547 3834 terre en 1852.
