2822 3966
1585 80 1660 166 82
532 152 1567 224 triompher d’un roi débile? C’est ainsi que Pépin le
532 221 1552 276 Bref, en montant sur le trône de Dagobert et de Clo
532 268 1569 343 vis, prit possesion à son tour de l’atrium où Julien
523 327 1403 380 avait reçu ses généraux et ses ambassadeurs.
566 330 1561 453 Mais les rois Francs n’étaient point gardés comme
518 418 1545 502 les empereurs romains. Ils n’avaient point de préto-
520 471 1561 528 riens à leurs portes, et point de légions campées dans
523 531 1557 602 les plaines d’Issy. Bientôt de nouveaux Barbares as-
527 574 1561 634 siégèrent Paris et vinrent envahir les extrémités du
526 629 1565 696 palais ; les rois de la seconde race ne se sentirent plus
523 679 1564 744 en sûreté en dehors de la ville, et les Thermes furent
523 734 1557 809 abandonnés pour le Palais de justice qui venait d’être
520 786 704 844 construit.
559 815 1556 891 Alors la ville se resserra dans l’ile de la Cité, et le
520 891 1552 944 palais des Thermes fut pour la première fois dépecé et
511 942 1545 995 défiguré. Une grande partie des terrains qui en dé-
515 994 1546 1056 pendaient furent vendus ou donnés en fief à des mai-
504 1043 1550 1111 sons nobles. Le palais lui-même passa entre les mains
500 1090 1534 1153 de divers propriétaires. Au nombre de ces der-
500 1147 1548 1214 niers, on trouve, à la date des treizième et quatorzième
508 1191 1534 1262 siècles, des titres aux noms des sires Jehan de Courte
508 1250 1549 1305 nay, seigneur de Champignelles, Simon de Poissy et
506 1297 1552 1364 Raoul de Meulan ; puis vinrent l’archevêque de Reims
508 1353 1537 1410 et l’évêque de Bayeux. Le dernier acquéreur de la to-
503 1392 1537 1461 talité du domaine, tel qu’il existait encore en 1340
499 1443 1243 1525 fut Pierre de Chaslus, abbé de Cluny.
535 1510 1533 1575 L’enceinte fortifiée, qui fut construite autour de Pa-
495 1564 1542 1626 ris par Philippe-Auguste, contribua beaucoup aussi à
496 1604 1541 1679 détruire les restes du palais des Thermes ; car cette
488 1660 1534 1724 enceinte, qui passait, de ce côté de la Seine, à la hau
488 1703 1537 1777 teur de la rue Hautefeuille et de la rué des Mathurins-
487 1762 1548 1840 Saint-Jacques, laissait en dehors de la ville une grande
488 1808 1192 1884 partie des constructions romaines.
530 1868 1540 1942 Quant à la partie incluse dans l’intérieur de Paris,
491 1906 1537 1981 elle ne tarda pas à se couvrir de maisons assises sur
487 1964 1533 2044 les fondations antiques et de bâtiments de toutes sortes.
522 2019 1525 2091 Mais, avant d’aborder l’époque de la dernière trans
477 2067 1520 2153 formation du palais des Thermes, sous le gouverne
475 2130 1537 2205 ment des abbés de Cluny, peut-être nos lectrices
472 2169 1534 2251 seront-elles curieuses de l’étudier encore un peu
475 2233 931 2295 comme palais antique.
510 2287 1526 2350 On n’a point conservé de description de ce monu-
468 2328 1528 2412 ment, ou mieux de celte villa (1) splendide. Seulement,
468 2383 1529 2463 un écrivain du douzième siècle, Jehan de Hauteville,
471 2437 1529 2519 écrit ces phrases qui donnent des anciens Thermes
468 2495 872 2554 une idée grandiose :
511 2551 1517 2618 « Ce palais des rois, dont les cimes s’élevaient jus-
463 2605 1540 2672 » qu’aux cieux et dont les fondements atteignaient
475 2641 929 2713 » l’empire des morts...
511 2707 1525 2780 » Au centre on distingue le principal corps de logis,
463 2750 1532 2837 » dont les ailes s’étendent sur le même alignement,
469 2813 1528 2896 » et, se déployant, semblent embrasser la montagne.»
506 2862 1536 2943 Les habitations antiques couvraient, en effet, un
467 2908 1529 2983 large espace, à cause de la quantité et de la grandeur
469 2961 1520 3049 des salles qu’elles renfermaient. Voici quelle était,
471 3007 1529 3092 d’après M. de Caumont, la distribution d’une maison
472 3062 1529 3145 romaine équivalente à un grand hôtel, — qu’on
468 3109 1524 3211 juge après cela de l’étendue du palais d’un César!
508 3274 1516 3387 (1) La villa romaine, habitation rurale, renfermait un
469 3330 1508 3440 grand nombre de bâtiments. C’était, au milieu des champs,
468 3365 1513 3491 comme une petite ville fortifiée. Les habitants trouvaient à
471 3422 1518 3529 l’intérieur toutes les choses nécessaires à la vie. Une villa
469 3475 1520 3580 au pays conquis tenait à la fois de la maison de plaisance,
471 3511 1104 3620 de la cité civilisée et de la citadelle.
1701 166 2626 239 A l’entrée était un passage nommé prothyrum.
1701 232 2699 295 On trouvait dans ce passage la loge du portier, cella
1652 280 2701 342 ostiarii, à laquelle communiquait une sonnette comme
1655 319 2338 381 de nos jours ; puis venait l’atrium.
1694 380 2700 452 L'atrium était une galerie carrée ayant au centre
1652 427 2693 510 une cour découverte (impluvium), au milieu de la¬
1651 488 2693 561 quelle un bassin (compluvium) recevait les eaux plu-
1652 526 1785 581 viales.
1689 578 2695 653 L’atrium était décoré de peintures et de portraits
1650 637 2699 700 de famille. Le maître de la maison y recevait ses
1647 697 2287 747 clients et les visiteurs étrangers.
1687 735 2382 814 Il y avait plusieurs sortes d’atrium.
1685 787 2696 865 L’atrium corinthien, à cause de ses colonnes de
1643 845 2699 917 support nombreuses, était choisi pour les maisons spa¬
1643 893 1800 960 cieuses.
1683 955 2684 1013 Autour de la galerie de l’atrium régnaient des ap-
1648 997 2696 1065 partements destinés à divers usages, ayant toutes leurs
1640 1053 2684 1120 issues dans cette galerie et dont quelques-uns ser-
1648 1089 2393 1168 vaient de triclinia ou salles de festin.
1689 1144 2696 1211 Il y avait souvent dans l’atrium un appartement
1640 1211 2687 1262 consacré aux dieux lares (lararium); il n’était quel-
1647 1261 2693 1325 quefois distingué que par l’image figurée ou symbo-
1634 1300 2693 1381 lique de ces divinités peintes sur les murs. Mais, le
1635 1363 2695 1435 plus souvent, on y dressait un petit autel et des statues.
1683 1408 2685 1486 A l’extrémité de l‘atrium, en face du prothyrum,
1636 1457 2693 1536 était le tablinum et deux autres pièces plus petites,
1628 1520 2700 1588 appelées ailes, communiquant avec lui. Le tublinum et
1631 1560 2688 1639 les ailes renfermaient les images des ancêtres, les li¬
1634 1614 2696 1690 vres, les archives et les papiers concernant les affaires
1634 1675 2689 1745 du propriétaire, ainsi que les documents relatifs à la
1628 1724 2051 1787 charge qu’il exerçait.
1670 1776 2684 1851 Les fauces, qui étaient des passages ou corridors,
1627 1825 2687 1897 servaient à communiquer de l’atrium au péristyle, en
1627 1872 2684 1946 passant l’un à droite et l‘autre à gauche du tablinum
1631 1927 1875 1996 et des ailes.
1674 1982 2676 2048 Le péristyle offrait, au delà du tablinum, une gale-
1622 2032 2684 2110 rie surmontée de colonnes, comme celles de l’atrium
1626 2092 2681 2162 corinthien, mais dont le développement était plus con-
1624 2143 2687 2208 sidérable. Des appartements étaient distribués autour
1622 2198 2672 2265 de ces galeries; un espace carré, entièrement décou-
1623 2252 2682 2315 vert et planté de fleurs et d’arbustes, devait offrir,
1616 2303 2688 2371 au centre, l’image du préau de nos cloîtres d’abbayes.
1666 2350 2685 2422 Les appartements qui entouraient le péristyle étaient
1615 2401 2416 2473 les appartements intimes de la famille.
1667 2456 2408 2518 Les æci correspondaient à nos salons.
1664 2509 2672 2568 L’exèdre était une autre grande salle de conversa-
1616 2555 1970 2626 tion, un parloir.
1663 2619 2591 2680 Puis venait le sphaeristerium ou jeu de paume.
1664 2664 2672 2729 Le Bain, composé ordinairement d’un apodyterium(1);
1610 2720 2669 2786 d'un frigidarium (2), d’un tepidarium 13), d'un suda-
1615 2783 2272 2834 torium (4) et d'un eleothesium (5).
1658 2813 2672 2886 La basilique, ou salle de justice, tribunal domestique.
1659 2869 2566 2937 La pinacothèque ou galerie pour les tableaux.
1658 2933 2449 2991 La bibliothèque ou salle pour les livres.
1655 2983 2677 3051 Les cuisines et les officines pour la préparation du
1611 3034 1718 3093 pain.
1652 3089 2438 3151 Les écuries, les remises et les magasins.
1651 3133 2674 3208 Enfin, un nombre plus ou moins considérable de
1607 3191 2660 3251 chambres à coucher et de logements de domestiques.
1650 3249 2669 3305 Aujourd’hui, de l’immense palais de Julien, il reste
1608 3299 2669 3358 une salle de bain haute de 18 mètres, longue de
1610 3354 2610 3428 20 et large de 11,50. C’est l’ancien frigidarium.
1640 3462 2653 3529 (1) Endroit où l’on se déshabillait. — (2) Salle des bains
1599 3527 2603 3597 froid. — (3) Salle des bains chauds. — 14) Étuve.
1601 3574 2465 3658 (5) Salle où l’on s’enduisait le corps de parfums.
