2946 4158
1574 111 1704 222 306
477 205 1588 307 laisser le temps de lui adresser une question, ni sans
481 288 1588 359 même écouter la fin de ma réponse. Tout autre que
479 349 1581 401 moi aurait pu croire qu’il allait se brûler la cerveIle,
486 396 1522 474 ou se jeter à la Seine par le chemin le plus direct.
526 444 1581 510 » Frédérick rentra une heure après. Il était pâle, et
489 498 1581 581 plus encore que je ne l’avais trouvé la veille, après
489 559 1517 635 qu'il eut reçu la nouvelle de la mort de son père.
522 604 1591 682 » Sans dire un mot, sans me témoigner seulement
486 651 1584 748 qu'il me vît ou qu'ilme sentît là, et avec ce calme dé¬
489 720 1584 791 sespéré d’un homme qui vient de perdre au jeu ses
489 767 1581 845 dernières ressources et sa dernière espérance, Fré¬
486 831 1572 897 dérick prit une plume et du papier, s’assit à son bu¬
479 887 1536 956 reau, et écrivit ces mots, qu’il me fit lire ensuite :
651 935 1003 1005 « Mademoiselle,
522 961 1584 1057 » Je vous eusse aimée sans esprit. Je ne saurais
467 1038 1591 1116 » vous aimer sans le cœur que je vous croyais. Je ne
467 1097 1579 1161 » suis pas Français. J’ai des susceptibilités toutes dif¬
467 1161 1576 1227 » férentes des vôtres, et pour lesquelles je vous de¬
474 1218 1584 1279 » mande grâce. J’aurais été fier de porter un morceau
477 1258 1574 1333 » de ruban qui me vînt de vous. Pour rien au monde,
533 1319 1574 1390 je ne porterai l’ouvrage d’une main mercenaire que
477 1381 1114 1454 » mon cœur ne reconnaît pas.
519 1430 1581 1496 » Adieu, mademoiselle. Un homme aussi bizarre
472 1492 1581 1551 » que je le suis aurait fait votre malheur ou le sien
470 1541 1581 1605 » en vous épousant. Il n’en manque pas autour de
472 1586 1581 1652 » vous qui valent mieux que moi, qui ne sont point
472 1638 1579 1709 » si exigeants, et qui n’attendent pour vous aimer
467 1692 1574 1758 » que vous veuilliez bien le leur permettre. Je me fe¬
467 1753 1581 1831 » rai un devoir de ne point revenir en France avant
467 1796 1036 1879 » que votre choix soit fixé.
517 1864 1168 1930 » Agréez, mademoiselle, etc. »
1808 179 2797 283 Tu es fou, dis-je à Frédérick, avant de le laisser
1659 276 2015 352 fermer sa lettre.
1702 319 2790 396 » — Tais-toi, Henri, me dit-il froidement. Je sais
1661 387 1777 460 tout.
1706 399 2785 496 » — Tu es donc plus avancé que moi, qui ne savais
1664 491 2381 552 rien, — je te le jure de nouveau.
1704 550 2780 607 » Frédérick ne répondit rien. Il me regarda comme
1664 597 2782 661 sans me voir, et deux grosses larmes brillèrent dans
1661 654 2780 727 ses yeux. C'étaient les premières que j’y aie surprises
1661 708 1895 784 de ma vie.
1711 715 2782 828 » Il eut honte, sans doute. Il baissa la tête timide-
1654 819 2787 890 ment, et, avec la candeur d’un enfant, il se jeta dans
1654 878 1876 951 mes bras.
1706 923 2424 991 » — Henri, me dit-il, je l’aimais.
1704 972 2780 1050 » Frédérick partit le lendemain de fort bonne
1654 1034 2780 1090 heure; et j'ai gagné à cette belle affaire, d'être séparé
1659 1083 2785 1163 de mon meilleur ami pour un temps illimité. Eveline
1666 1145 2348 1211 est si difficile et si exigeante!... »
1709 1194 2787 1263 Tel est le récit que nous fit notre visiteur, et on
1666 1263 2790 1326 peut bien penser qu’il fût absous à l’unanimité du
1659 1307 2780 1376 malheur involontaire qu’il avait causé. Quant à moi,
1664 1366 2775 1433 comme je n’aime pas que les comédies et les vaude¬
1664 1418 2778 1489 villes finissent toujours immanquablement par un
1654 1473 2778 1548 mariage, je trouvai que ce dénouement-là n'était pas
1659 1525 2636 1598 commun, non plus que la morale qu’il amène.
1697 1579 2780 1654 Il y a un an de cela. Eveline est mariée depuis trois
1659 1635 2778 1706 mois environ. Elle a épousé un médecin fort en re¬
1659 1694 2780 1763 nom; et cette dure leçon l’a si bien corrigée, que le
1654 1751 2775 1822 comte Frédérick van Heerberg ni son ami ne la re¬
1654 1808 2266 1871 connaîtraient plus à présent.
2091 1853 2667 1942 Mlle J. AMORY DE LANGDRAD.
670 2230 2563 2431 LA ROSE DE SAINT-SATURNIN
505 2572 1576 2631 « Est-ce bien vrai, monsieur Mirande, que vous
465 2624 1553 2686 consentez à mon mariage avec mademoiselle Rose?
543 2672 1567 2738 — Je ne t'ai pas dit, mon garçon, que j’y consen¬
467 2723 1569 2790 tais; je t’ai dit que jene m’y opposerais pas, c’est bien
470 2785 1567 2856 différent. Et pourquoi veux-tu que je te refuse? tu es
465 2834 748 2900 un bon sujet.
569 2889 791 2950 C'est vrai.
569 2931 1104 3004 Tu es laborieux, rangé...
564 2957 1310 3054 Ni plus ni moins qu’une demoiselle.
569 3049 1522 3118 Tu n'as pas pour deux liards de méchanceté.
578 3103 1567 3174 Oh pour ce qui est de cela, il n’y a pas dans
455 3151 1237 3228 tout le pays un agneau qui me vaille.
557 3210 1560 3283 - Eh bien, si ma fille y consent, je ne m’y oppo¬
458 3278 1565 3337 serai pas, je te le répète. Mais il faut faire bien at¬
455 3323 1565 3387 tention, vois-tu; Rose sait qu'elle est la plus jolie de
460 3377 1569 3448 toutes les filles du pays; elle sait qu'elle est ma seule
458 3436 1567 3502 héritière, et que cette ferme, qui lui appartiendra un
472 3488 1560 3554 jour, est une fortune assez ronde, ce qui ne gâte rien
455 3549 1562 3620 à deux beaux yeux; tout cela pourra la rendre plus
458 3587 647 3663 difficile.
566 3616 1572 3726 C'est vrai, monsieur Mirande, mais elle doit
455 3715 1565 3788 savoir aussi que je ne suis pas le plus vilain garçon
458 3769 1565 3854 du pays; elle doit savoir que la ferme de mon père
1643 2530 2768 2634 n’est séparée de la vôtre que par le petit bois du ruis¬
1650 2622 2768 2690 seau, et que ces deux fermes réunies seraient une
1652 2676 2766 2745 des plus belles propriétés du département, où il y en
1645 2735 2775 2797 a cependant d’assez belles ; elle doit savoir qu’en¬
1650 2787 2768 2856 fants uniques tous deux, nous serions par ce mariage
1650 2827 2775 2905 les plus riches propriétaires de trente lieues à la
1650 2900 2768 2969 ronde; c'est bien quelque chose que ça, n'est-il pas
1650 2948 2178 3007 vrai, monsieur Mirande?
1742 2985 2506 3080 - Oui, oui, je le sais bien aussi, moi.
1770 3023 2761 3127 Quant à ce qui est de m’agréer, vous allez peut¬
1643 3110 2754 3169 être dire que je suis un peu vaniteux, mais franche¬
1643 3169 2766 3231 ment je ne crois pas qu’elle fasse autant de difficultés
1654 3224 2764 3283 que vous le pensez. Dans tous les cas, elle aurait bien
1652 3278 2761 3349 tort, car lorsqu’elle sera madame Joseph Labastide,
1645 3337 2775 3398 est-ce que vous croyez que je la laisserai aller aux
1643 3391 2764 3460 champs surveiller les travailleurs? est-ce que vous
1650 3446 2761 3502 croyez que je la laisserai faire des ouvrages fati¬
1654 3495 2766 3564 gants? gâter ses jolies petites mains, crotter sess jolis
1654 3549 2761 3620 petits pieds? Non, non, à moi toute la besogne, à elle
1645 3611 2752 3663 tout le plaisir. Et quand nous irons aux fètes des en¬
1650 3656 2756 3741 virons, ou même à Bordeaux, je veux qu'elle soit la
1652 3719 2761 3783 plus élégante comme elle sera la plus jolie ; oh! soyez¬
1640 3776 2759 3859 en bien sûr, monsieur Mirande, il n'y en aura pas
