2946 4158
1579 126 1706 214 308
478 211 1567 281 une foule de contredanses; elle lui en promit beau¬
478 273 954 337 coup, mais pas toutes.
530 323 1581 386 Parmi les étrangers qui se pressaient à la fête des
481 386 1581 443 Aubiers, on remarquait un jeune homme à la figure
478 429 1581 493 distinguée, à l’air inspiré; un ruban rouge brillait à
478 488 1576 553 sa boutonnière. A l’arrivée de Rose, coquettement
489 535 1575 611 parée, et brillant de tout l’éclat de la jeunesse et de
485 601 1575 665 la beauté, il ne put retenir un cri d’admiration :
481 653 1574 717 « Voilà donc, s’écria-t-il, ce que je cherche depuis si
478 714 759 787 longtemps! »
532 760 1574 822 Ce cri n’échappa point à l’oreille de Rose. Habituée
478 823 1575 890 aux compliments des garçons du village et des en¬
488 866 1572 939 virons, elle était singulièrement flattee de cet hom¬
475 928 1571 978 mage inattendu qu’un étranger, un monsieur de Pa¬
472 970 1575 1040 ris sans doute, lui rendait devant toutes ses rivales.
514 1030 1572 1083 Je vous laisse à penser avec qu’elle activité tra¬
481 1087 1579 1146 vailla à partir de ce moment la folle du logis, l'ima¬
472 1139 1579 1210 gination ardente et coquette de la jeune fille; avec
478 1195 1569 1265 quelle joie naïve, mais dangereuse pourtant, elle sui¬
471 1247 1572 1305 vit les regards d’admiration de l’étranger; avec quel
478 1302 1581 1365 plaisir elle le voyait dessiner sur son album ses fraits
472 1372 1572 1414 rayonnant de bonheur, sa taille charmante et le cos¬
472 1413 1157 1481 tume pittoresque de ces contrées.
523 1467 1579 1520 Je vous laisse à penser aussi qu'elle fut la joie de
472 1519 1572 1574 Rose lorsqu’elle vit l’étranger s’approcher d’ elle et
472 1574 1572 1627 l'engager pour la prochaine contredanse. Cette con¬
472 1628 1569 1695 tredanse était une de celles promises à Joseph, mais
472 1680 1572 1741 ce pauvre Joseph avait bien perdu depuis quelques
472 1732 1567 1787 instants, c’est à peine si l’on pensait à lui! aussi, lors¬
475 1790 1567 1849 qu’il se présenta tout radieux, aux premiers accords
467 1847 1571 1913 du violon, pour prendre la main de sa jolie danseuse,
467 1894 1115 1955 il fut repoussé assez rudement.
514 1944 1525 2011 « Je suis engagée, lui dit Rose d’une voix sèche.
573 2005 1560 2079 Comment, mademoiselle Rose, mais vous m’a¬
481 2054 876 2113 viez bien promis...
570 2107 1364 2183 C’est possible, mais j’ai changé d’idée.
574 2176 1564 2232 Ah par exemple! vous m’aviez pourtant bien
468 2215 580 2281 dit...
567 2242 1565 2346 Je vous ai dit ce que j’ai voulu; je suis bien la
470 2327 1427 2387 maitresse de danser avec qui je veux, je crois.
555 2380 1564 2448 Je ne dis pas non, mademoiselle, mais je croyais...
581 2437 1564 2525 Croyez tout ce que vous voudrez, mais je ne
470 2489 1006 2549 danserai pas avec vous. »
511 2538 1553 2616 Et en disant ces mots, Rose accepta la main de l’é¬
464 2599 1558 2669 tranger, qui venait la chercher, et laissa là le pauvre
460 2654 1181 2729 Joseph tout penaud et tout confus.
507 2704 1564 2768 « Je vous remercie, mademoiselle, dit l’étranger à
471 2747 1564 2838 Rose, de la préférence que vous voulez bien m’accor¬
468 2809 1561 2889 der, car je crois que ce paysan voulait danser avec
478 2863 576 2929 vous.
569 2921 1564 2991 Ah monsieur, il ne faut pas faire attention; c'est
457 2970 1561 3035 Joseph, un garçon de mon pays; ne vous en occu¬
468 3042 1551 3108 — pez pas. Vous venez de Paris, n’est-ce pas, monsieur?
569 3093 1554 3153 Oui, mademoiselle, je l’habite ordinairement,
454 3136 1554 3203 et dans cette saison, je voyage pour mon agrément.
507 3188 1323 3267 — C'est une bien belle ville que Paris ?
569 3253 1557 3320 Oui; ses boulevards, ses quais, sos jardins, sess
463 3311 1288 3378 monuments, en font une ville à part. »
499 3344 1561 3418 Après avoir figuré avec une grâce parfaite dans la
467 3417 1557 3466 contredanse, Rose reprit la conversation qu’avait in¬
463 3456 1262 3543 terrompue l'obligatoire en avant deux.
509 3516 1554 3613 « Les dames y sont bien élégantes, bien coquettes,
457 3561 1027 3642 n'est-il pas vrai, monsieur?
570 3621 1557 3713 Mon dieu, mademoiselle, c'est une réputation
453 3689 1565 3761 qu'on a faite aux parisiennes, mais j'ai remarqué
453 3745 1560 3836 dans mes voyages, et celui-ci me confirmerait dans
1666 193 2777 281 cette opinion, que les dames de province ne le cèdent
1673 278 2784 342 guère aux parisiennes sous le rapport de la coquet¬
1663 316 2127 394 terie et de l'élégance.
1768 372 2777 442 Cependant, vous pouvez le voir, nous sommes
1660 425 2012 496 bien simples ici.
1769 477 2782 549 Permettez, mademoiselle, il y a dans ce que
1666 546 2777 598 vous appelez votre simplicité une recherche, un goût
1670 597 2773 662 qui prouvent que vous vous occupez beaucoup des
1666 650 2768 711 moyens de plaire. A Paris, dès qu'une forme de cha¬
1673 706 2763 769 peau est en vogue, toutes les dames s'en affublent
1671 771 2775 823 qu’elle soit gracieuse ou ridicule : on doit avant tout
1663 819 2768 878 obéir à la mode. Dans vos campagnes, il n’en est pas
1660 875 2771 939 ainsi ; coiffures et toilettes varient dans chaque con¬
1666 921 2777 987 trée, et je mettrais volontiers la plus ingénieuse de
1660 978 2777 1048 nos modestes au défi de créer les formes si différentes
1660 1033 2782 1100 et si recherchées de ces innombrables bonnets qu'on
1663 1094 2775 1146 remarque avec étonnement dans les provinces de la
1663 1143 2773 1205 Normandie, de la Bretagne, et de ce pays où la co¬
1660 1193 2274 1255 quetterie a dû être inventée.
1752 1245 2774 1311 - Pouvez-vous comparer ce petit bonnet sans pré¬
1655 1315 2601 1374 tention aux grandes coiffes dont vous parlez.
1769 1371 2775 1424 Ce petit bonnet, c’est un chef-d’œuvre. Voyez
1657 1421 2768 1479 avec quel art il laisse admirer vos longs cheveux d’é¬
1659 1472 2767 1540 bène; voyez comme sa coupe gracieuse encadre, sans
1655 1529 2770 1600 les cacher, les contours de votre charmant visage;
1660 1589 2766 1650 comme il laisse voir votre front haut et brillant,
1655 1636 2774 1695 comme ces petits nœuds de rubans et de fleurs font
1662 1694 2774 1750 valoir l’éclat de vos yeux! Ah! vous appelez cela un
1655 1745 2771 1814 petit bonnet sans prétention; moi j’appelle cela un
1648 1792 2219 1854 raffinement de coquetterie.
1705 1846 2358 1913 — Vous êtes sévère, monsieur.
1697 1901 2768 1970 — Le grand rond, s’écria d’une voix de stentor le
1653 1955 2056 2022 chef d'orchestre. »
1697 2014 2768 2071 En reconduisant Rose près de ses compagnes, l’é¬
1655 2072 2767 2131 tranger lui dit : « Mademoiselle, vous habitez ce
1656 2121 1786 2197 pays ?
1757 2166 2771 2239 Oui monsieur, avec mon père, à une petite
1646 2218 2499 2297 lieue d’ici, à la ferme de Saint-Saturnin.
1765 2288 2760 2351 Croyez-vous, mademoiselle, que monsieur votre
1657 2345 2753 2402 père voudrait bien me permettre de faire votre por¬
1657 2400 2373 2455 trait, que je le prierais d’accepter?
1747 2450 2759 2509 Mon portrait? oh ! certainement, monsieur ! il y a
1646 2502 2757 2573 bien longtemps que mon père désire l’avoir, et il sera
1648 2555 1937 2622 bien content.
1691 2597 2752 2665 — Eh bien, mademoiselle, j’irai demain lui deman¬
1646 2668 2753 2734 der la permission de le faire, et si cela ne vous en¬
1650 2724 2757 2792 nuie pas trop de poser pendant quelques séances, j'es¬
1660 2771 2760 2836 père que je réussirai, et je ne demande pour toute
1643 2827 2671 2891 récompense que le droit d’en prendre une copie.
1764 2877 2756 2954 Bien certainement, monsieur. Tenez, vous
1648 2931 2760 3005 voyez ce coteau qui est là-bas, eh bien, la ferme de
1642 2996 2761 3066 mon père est au bas de l’autre côté, vous la verrez de
1643 3041 1750 3114 loin.
1740 3091 2713 3168 J’aurai l’honneur de m’y présenter demain. »
1687 3197 2756 3286 Le pauvre Joseph avait passé une bien triste fête;
1643 3246 2749 3336 lui qui s’était promis tant de bonheur de cette soirée,
1642 3315 2763 3382 il avait été cruellement désappointé. Rose ne lui avait
1648 3379 2761 3439 adressé la parole que pour le brusquer; et lorsque
1641 3424 2742 3509 le soir elle repartit avec ses compagnes pour retour¬
1645 3492 2759 3545 ner à Saint-Saturnin , il essaya vainement de lui
1652 3543 2743 3603 parler; tout entière à sa préoccupation du moment,
1642 3601 2752 3663 elle le repoussa rudement. C'est que son imagination
1645 3657 2752 3729 ne lui faisait plus voir dans ce brave garçon qu'un
1636 3698 2747 3768 rustre, un paysan dont les franches et loyales assi¬
1641 3751 2303 3863 duités lui devenaient à charge.
