2946 4158
1597 50 1692 122 268
498 118 1587 191 rien? La jeune voyageuse essaya pourtant de donner
498 181 1583 236 le change à ces premières impressions. Dans le mo¬
499 231 1590 286 ment de la surprise, Agathe avait mal exprimé sa
509 288 1594 351 pensée; et il ne fallait attribuer qu’à l’inadvertance ce
496 339 1587 395 vous gl etcal lorsqu'il remplace pour la première fois
499 395 1587 476 l'aimable tutoiement de l'enfance et des plus chers
499 448 713 514 souvenirs.
535 496 1587 559 Laurence répondit de son mieux aux questions de
496 559 1584 606 ses anciennes compagnes, évitant, toutefois, de leur
502 604 1579 664 avouer, puisque l'idée n'en était pas venue à made¬
496 671 1575 716 moiselle Brémont, que celle qui était allée trois fois,
500 708 1582 776 au milleu de la nuit, la chercher à Saint-Jouan de
499 752 1580 827 l’Isle, n’avait pas besoin d’un autre motif pour faire
499 817 1576 888 le voyage de Saint-Brieuc. Les âmes délicates veulent
499 874 1579 932 être compreises sans explications, et lorsqu'elles s'aper¬
494 928 1577 991 çoivent qu'on ne les devine point, elles se taisent.
491 973 1573 1044 Agathe et Mathalie, après avoir refermé la grille, reve¬
484 1038 1579 1088 naient lentement vers la maison avec mademoiselle
489 1081 1572 1152 de Kersaliou. Au moment où elles allaient monter
484 1138 1500 1208 ensemble lesersches du perron, Agathe s’arrêta.
534 1208 1577 1264 « Chère Laurence, dit-elle, veux-tu que nous agis¬
478 1255 1569 1318 sions encore sans façon comme nous le faisions il y
480 1309 1572 1363 a quelques années ? Nous allions sortir; Mathalie a des
484 1360 1576 1417 emplettes à faire, et elle compte sur moi pour la dé¬
494 1413 1572 1477 cider dans le choix de ses étoffes. Nous avons aussi
488 1467 1576 1530 une recommandation très-importante au sujet d’une
491 1518 1410 1587 parure qui doit nous servir au bal de ce soir.
581 1572 1569 1631 Oui, tout cela est grave, interrompit la jeune
478 1624 1572 1689 dame de Corseul, et cependant pas assez pour nous
478 1687 1564 1738 retenir longtemps. Vous dînez avec nous, Laurence.
488 1730 1572 1793 Vous allez voir mes deux enfants, deux jolis anges
478 1782 1569 1848 tout blonds, tout roses. Lavigne, continua-t-elle en
473 1843 1558 1886 s’adressant à un vieux domestique, conduisez made¬
473 1891 1418 1956 moiselle dans la chambre de bonne maman.»
517 1949 1573 2000 Laurence aurait eu mauvaise grâce à refuser ce
481 2002 1566 2053 qu’on réclamait de sa complaisance. On l’embrassa
478 2052 1564 2110 de nouveau; on lui serra les deux mains : « A bien¬
484 2108 1569 2165 tôt! » répétèrent Agathe et Mathalie. Et les fleurs de
474 2157 1566 2229 l’une, les plumes de l’autre, les immenses robes à
478 2219 1566 2280 volants de toutes les deux se mirent en marche, lais¬
478 2270 1564 2323 sant la pauvre Laurence abasourdie, et presque hon¬
477 2327 1564 2393 teuse du peu d’espace qu’occupait sa robe en four¬
478 2375 1051 2443 reau sur le pavé de la cour.
518 2439 1572 2490 Au moment où mademoiselle de Kersaliou parut
473 2486 1572 2545 devant elle, la veuve de Michaud de Corseul, à demi
478 2541 1572 2603 couchée dans un grand fauteuil, faisait la sieste entre
473 2591 1565 2652 les berceaux de ses deux arrière-petits-fils. Les ju¬
473 2645 1573 2711 meaux dormaient aussi très-paisiblement. La vieille
480 2694 1576 2769 dame se réveilla, et pria la visiteuse de s’asseoir le
489 2746 1579 2831 plus près possible et bien en face d'elle, attendu que
477 2806 1572 2878 le sens de l’ouïe commençait à lui faire défaut. Après
477 2867 1571 2931 quelques instants d’entretien sur la vie retirée de ma¬
481 2912 1569 2985 dame de Kersaliou et de sa fille, le séjour des villes
480 2978 1579 3050 comparé à celui de la campagne, et, de la part de
473 3026 1576 3095 Laurence, quelques regrets d'une existence un peu
473 3083 1565 3169 trop solitaire, la bonne aïeule devint très-communi¬
477 3134 1276 3203 cative. Elle parla du mariage d’Agathe.
520 3198 1576 3260 « Le prétendu, dit-elle, est un homme d’environ
478 3246 1577 3317 quarante ans, que j’ai vu plusieurs fois dans les salons
478 3299 1577 3376 de mon petit-fils, et dont la fortune rapide et mysté¬
481 3358 1573 3427 rieuse a donné lieu à beaucoup d’histoires. Il n’était,
484 3402 1580 3487 il y a cinq ans, qu'un employé très-subalterne dans
482 3462 1575 3541 une maison de commerce ; il n'avait aucun patri¬
477 3507 1577 3581 moine, aucun parent riche, et voilà que trois ans
492 3559 1569 3653 plus tard, au moment où l’on s’y attendait le moins,
480 3618 1580 3723 il quitte brusquement la position modeste qu'il avait
1676 113 2773 187 occupée jusqu'alors, et annonce l'intention de se bâtir
1673 184 2772 246 un hôtel. On se demande s’il a perdu l’esprit; mais
1676 231 2773 303 le terrain est acheté et payé comptant, les travaux
1676 288 2773 355 commencent, et, avec le temps, sont menés à bonne
1673 336 2771 405 fin. Il place des capitaux, son avoir est évalué à trois
1673 397 2772 463 cent mille francs; et l’on s’étonne, et l'on se récrie,
1676 445 2769 506 car il est bien évident pour tous qu’il y a là quelque
1671 489 2772 561 chose de suspect, et qu'on ne peut avouer au grand
1677 542 2769 614 jour. Il cherche à nouer des relations avec les familles
1666 604 2772 676 les plus distinguées du pays, mais il échoue dans ses
1670 662 2768 723 tentatives, et comme on lui fait entendre que l’origine
1670 719 2775 780 de sa fortune aurait besoin d’être expliquée, il feint
1670 770 2768 832 de ne pas comprendre, recule et n’explique rien. A
1669 825 2761 894 cette époque, M. Floquet (c’est son nom) fit une pre¬
1659 888 2761 946 mière ouverture auprès des parents d’Agathe. Ceux¬
1663 939 2768 1001 ci ont eux-mêmes de l’aisance, vous le savez, et trois
1670 993 2769 1044 cent mille francs acquis d’une façon douteuse ne
1663 1035 2128 1106 pourraient les éblouir.
1768 1094 2768 1159 Très-bien, dit Laurence; mais comment se fait-il
1659 1143 2049 1212 qu’aujourd’hui.....
1702 1207 2758 1255 — Attedez! Les parents d’Agathe et Agathe elle-
1655 1259 2765 1318 même n’avaient pas hésité un instant à repousser une
1658 1302 2762 1377 alliance, assez satisfaisante du côté de la fortune,
1655 1367 2759 1427 mais qui semblait ne pas être fort honorable. C’était
1653 1418 2759 1486 bien, comme vous le dites. Pourtant les renseigne¬
1653 1478 2758 1540 ments donnés sur la position de M. Floquet n’étaient
1663 1532 2755 1593 pas exacts, et l’on s’aperçut bientôt aux dépenses qu’il
1655 1583 2748 1637 fit, au train qu’il mena, qu‘il était plus que million¬
1655 1637 2759 1706 naire. Cette découverte eut le résultat qu’elle devait
1655 1691 2758 1746 avoir : on aurait trop perdu à se montrer revêche
1666 1745 2754 1804 pour un homme qui parlait de donner des fêtes prin¬
1660 1808 2754 1854 cières, et dont le coffre-fort si bien garni pouvait ren¬
1655 1844 2114 1915 dre tant de services. »
1696 1900 2761 1962 Mademoiselle de Kersaliou se demandait si elle
1653 1960 2064 2021 avait bien entendu :
1709 2013 2755 2079 « Comment, dit-elle, il semblait impossible que cet
1656 2060 2764 2132 homme eût gagné trois cent mille francs d'une ma¬
1653 2124 2759 2176 nière honnête, et lorsqu’on reconnaît qu’il s’agit de
1660 2177 2761 2233 plus d'un million, les soupçons ne prennent pas plus
1655 2231 2764 2285 de force? la nécessité d'expliquer l'origine d'un tel
1655 2284 2754 2341 changement de position ne paraît pas encore plus im¬
1658 2328 1898 2396 périeuse? »
1696 2390 2389 2453 La vieille dame sourit tristement.
1699 2444 2758 2506 « Aujourd'hui, reprit-elle, il y a bien des gens pour
1655 2490 2764 2551 lesquels le succès, un grand succèse, justifie tout. On
1658 2552 2751 2616 accepte les faits accomplis dès qu’on croit avoir inté¬
1658 2609 2751 2664 rêt à le faire. Un millionnaire!... lui tenir rigueur
1660 2661 2746 2714 serait un crime de lèse-majesté dans un temps où l'or
1655 2708 2754 2783 est le roi du monde! M. Foquet vit bientôt tous les
1655 2768 2753 2827 salons s’ouvrir devant lui, et comme il se montra bon
1663 2827 2758 2887 prince, qu’il rendit des diners pour des rebuffades,
1670 2878 2761 2943 qu'il souscrivit largement à toute espèce de listes pré¬
1658 2931 2758 2983 sentées par des dames patronnesses, qu’il promit, une
1655 2985 2761 3042 fois marié, des bals splendides, il se fit bien vite une
1670 3042 2761 3109 véritable popularité. M. Brémont avait plutôt éludé
1673 3098 2761 3159 que refusé la demande qui lui avait été faite; il revint
1658 3153 2762 3213 sur ses pas, et essaya quelques avances, encouragé
1660 3217 2758 3272 par sa fille qui ne rêvait plus que point d’Angleterre,
1655 3263 2759 3322 cachemires de l’Inde, et diamants. Agathe est jolie.
1660 3318 2761 3373 M. Floquet se montra encore une fois généreux, sans
1660 3373 2761 3438 rancune, et, dans quelques semaines, votre amie fera
1660 3430 2599 3489 les délices du Gâtinais et de la Champagne.»
1702 3469 2758 3535 La jeune Bretonne baissait la tête. Quoi! son amie
1660 3535 2761 3594 d'enfance, Agathe, ne mettait pas au-dessus de tout
1660 3582 2761 3655 un nom sans tache et à l'abri du soupçon! Ce qui
1663 3642 2754 3724 distinguait surtout, autrefois, mademoiselle Brémont,
