2897 4318
1135 303 1273 396 325
811 554 1652 654 BIBLIOGAPHIE
357 782 942 895 LA VIE RURALE
485 910 789 990 PAR AUTRAN (1).
160 1151 1170 1216 Rarement nous citons et nous recommandons des
124 1207 1167 1274 vers; non par détain, Dieu nous en garde! de la
127 1255 1170 1325 poésie, cette langue choisie, si chère à la jeunesse et
121 1316 1162 1377 à ceux dont le cœur est resté jeune, mais, au con¬
124 1361 1162 1422 traire, par respect et par amour pour elle. Nous ai¬
117 1416 1164 1474 mons trop les vers pour les supporter médiocres;
117 1468 1160 1527 nous respectons trop la poésie pour la supporter at¬
121 1524 1163 1573 tachée à quelque sujet bas et vulgaire. Aussi, est-ce
121 1580 1170 1638 pour nous une fête de l’esprit de rencontrer un poète
117 1629 1166 1683 à la hauteur de sa mission, des vers à la forme cor¬
112 1670 1163 1732 recte, heureuse, revêtant d'images, de couleurs, d'har¬
117 1725 1164 1779 monie, une noble et sainte pensée. Fêtes rares, mais
112 1771 1160 1833 bien senties! Et aujourd’hui que le volume de M. Au¬
117 1821 1160 1891 tran nous est tombé entre les mains, nous vous con¬
124 1878 1167 1945 vions à ce délicieux banquet où le cœur, l’oreille, le
117 1928 808 2002 jugement sont également satisfaits.
154 1969 1163 2043 M. Autran, né et élevé dans un des cantons les
124 2036 1158 2105 plus reculés de la Provence, dans le sauvage Lube¬
121 2084 1168 2143 rou, a consacré un talent original, où se mêlent la
112 2136 1163 2205 force et la grâce, à peindre les aspects de son pays
112 2190 1159 2256 natal, petite patrie enchâssée dans la grande mère¬
127 2246 1155 2308 patrie, la France, et à raconter avec amour les tra¬
121 2292 1158 2355 vaux, les plaisirs, les sentiments de ces laboureurs
125 2362 1157 2409 parmi lesquels il a vécu, dont il connaît les mœurs,
117 2399 1155 2453 dont il chérit la simplicité. Il est résulté de tout cela
115 2453 1158 2514 un livre plein de sève, où la nature revit avec sa
117 2502 1151 2562 poésie vraie, où respire la saveur agreste des cam¬
121 2552 1155 2614 pagnes , des prés , des bois et des chaumières ,
115 2607 1155 2659 mieux qu’un beau livre, un bon livre qui fait aimer
115 2652 1158 2713 la vie simple, les obscurs travaux, et qui, s’il était lu
115 2706 1162 2764 dans les fermes, retiendrait aux foyers paternels le
115 2760 1155 2821 jeune gars, la petite villageoise que la ville séduit
113 2821 1139 2879 par le mirage des salaires élevés et des plaisirs cor¬
115 2864 1158 2920 rupteurs. Du reste, tel est le but avoué de M. Autran;
113 2913 1149 2979 il veut faire connaître et chérir aux laboureurs les
111 2959 1155 3023 biens qu’ils ont sous la main : l’air, le soleil et la
115 3013 485 3087 liberté. Il leur dit :
140 3140 1040 3219 Aux voix qui vous diront la ville et ses merveilles,
150 3194 961 3260 N'ouvrez pas votre cœur, paysans, mes amis!
149 3248 923 3305 A l’appel des cités n’ouvrez pas vos oreilles,
149 3280 1025 3343 Elles donnent, hélas ! moins qu’elles n’ont promis !
146 3373 1037 3441 Laissez chanter le chœur des machines stridentes ;
150 3416 997 3482 Laissez les noirs engins hurler à pleins ressorts;
140 3462 992 3532 De vos sages aïeux gardez les mœurs prudentes,
145 3517 1013 3590 Et comme ils ont vécu, vivez, — calmes et forts!
150 3728 1145 3805 (1) Un volume in-12, chez Michel Lévy frères, rue Vi¬
112 3773 708 3849 vienne, 2 bis. — Prix : 2 francs.
1294 779 2103 847 De l’air qui vous entoure une sagesse émane,
1294 836 2136 893 La plante vous conseille et le sol vous instruit;
1302 886 2167 952 Restez! dit le sillon dont vous cueillez la manne
1302 930 2103 1019 Et le frêne du seuil : Malheur à qui me fuit!
1296 1097 2140 1176 Qu'elle est Conse à voir la misère des villes !
1296 1162 2216 1238 De quels affreux haillons ses membres sont vêtus !
1303 1213 2121 1283 Que d’approbres en elle et de passion viles !
1296 1261 2060 1340 La pauvreté rustique est mère des vertus !
1292 1316 2072 1408 Elle a sa dignité; sans envie et sans haine,
1287 1391 2063 1452 Elle va poursuivant le travail de ses bras ;
1302 1437 2139 1502 Virile et bienfaisante, elle ressemble au chêne,
1291 1486 2193 1568 D'autant plus généreux sur des sols plus ingrats !
1286 1568 2098 1642 C’est elle qui revêt d’une indomptable force
1296 1619 2053 1679 Vos fils durs à la neige, insensibles au feu ;
1287 1651 2098 1724 Par elle vous gardez, sous une rude écorce,
1292 1708 2150 1764 Les tendresses du cœur et la croyance en Dieu.
1296 1783 2146 1859 Si la France un matin vous aligne en phalange,
1294 1846 2189 1921 Vous savez faire honneur à votre humble berceau,
1292 1888 2150 1964 Vous, dignes héritiers des gloires sans mélange,
1286 1946 2169 2022 Frères de Jeanne d’arc, de Hoche et de Marceau.
1287 2055 2305 2113 Et la voix bienfaisante qui retient les villageois au
1251 2098 2306 2184 village leur en raconte les douceurs, leur eu révèle
1246 2164 2305 2225 la secrète poésie, méconnue des esprits vulgaires, qui
1251 2217 2309 2279 dédaignent ces fleurs de l'âme, de la même manière
1246 2263 2301 2318 que leur pied distrait dédaigne et foule les fleurs
1249 2312 2192 2366 odorantes d'une prairie. Lisez ce joli morceau:
1459 2432 2073 2494 Pendant la moisson.
1354 2535 1883 2597 En juillet, par le plein soleil,
1358 2586 2118 2648 Cherchant un peu d’ombre, un lit d'herbe,
1360 2638 1982 2686 Des moissonneurs au front vermeil
1362 2681 1998 2736 S'étaient assis près de leurs gerbes.
1357 2755 1941 2830 Sous un vieux chêne hospitalier,
1365 2812 1911 2876 Oubliant le poids des faucilles,
1354 2860 1900 2909 Ils mangeaient, cercle familier
1357 2905 1932 2979 De joyeux gars, de brunes filles.
1357 2980 1887 3045 C’était un charme de les voir
1357 3041 1916 3096 Échanger entre eux les rasades,
1354 3086 1975 3139 Et rompre gaîment leur pain noir,
1357 3129 1871 3209 Et croquer les vertes salades.
1348 3206 2001 3276 Les taillis, les eaux, les grands blés,
1348 3257 1882 3321 La terre même, qui poudroie
1348 3305 1873 3364 Autour des groupes attablés,
1348 3343 1871 3425 Tout respirait amour et joie.
1350 3412 1929 3484 Deux musiciens passaient par là,
1358 3474 1928 3541 Vagabonds d’aspect germanique;
1348 3516 1877 3572 A grands cris on les appela :
1350 3551 1975 3628 — Faites-nous donc votre musique
1354 3631 1964 3707 Eux d’obéir. L’un, svelte et blood,
1348 3695 1896 3753 Figure étrange, mais honnête,
1341 3739 1751 3799 Fit résonner le violon,
1341 3785 1875 3864 L’autre chanter la clarinette.
