2822 3966
1588 105 1692 207 134
527 172 1512 269 ses compagnons, transformés en conspirateurs,
533 254 1597 311 tyrans des Indiens; de la mobilité des naturels, et de
530 299 1599 359 la défiance que ses ennemis commençaient à répandre
529 355 1598 418 contre lui dans les conseils de la reine Isabelle. Une
533 406 1587 469 seconde fois, il repassa l’Atlantique et revint en Es¬
538 467 1594 518 pagne. Les souverains le reçurent avec faveur, car
535 511 1587 566 les accusations de ses adversaires ne tenaient pas
530 557 1584 619 contre son noble langage, la franchise de son atti¬
538 616 1592 682 tude et la lucidité de ses explications; et, encourage à
530 675 1587 729 servir de nouveau sa patrie, il repartit pour un troi¬
530 718 1598 792 sième voyage. Ce fut pendant cette exploration qu’il
533 773 1584 833 toucha la terre ferme, et que, d'inductions en induc¬
523 830 1591 890 tions, sa puissance de raisonnement le convainquit
529 877 1583 947 qu’il n’était pas en Asie, aux extrémités de l’Inde,
518 928 1584 999 mais sur un continent tout à fait inconnu jusqu’alors.
561 986 1578 1052 Cette certitude désormais acquise fut l’unique joie
515 1032 1579 1087 de son voyage. Il trouva à Hispaniola la désunion en-
516 1087 1579 1158 tre les colons espagnols, la révolte contre l'autorité,
515 1149 1579 1215 et la faiblesse indocile des Indiens, fortifiée par la dis-
518 1185 1574 1264 corde de leurs ennemis. Nous n’entrerons pas dans le
519 1248 1572 1307 détail des longues et pénibles querelles que l’ingrati-
521 1291 1579 1357 tude des hommes suscita à Colomb, reis tissus par des
516 1356 1575 1431 araignées, dans lesquels cet aigle se trouva enveloppé.
511 1397 1570 1475 Les mécontents d’Hispaniola, ceux que la forte main
518 1453 1570 1532 de Colomb avait empêchés de se livrer au désordre et
515 1501 1575 1591 aux exactions, parvinrent à prémunir la cour contre
511 1556 1571 1633 l’administration de l’amiral; Ferdinand crut le pre¬
510 1610 1576 1681 mier à ces calomnies, la reine Isabelle y prêta l’oreille
510 1658 1567 1740 à son tour, et il fut décidé qu’on nommerait un com¬
502 1720 1567 1788 missaire pour juger et punir les auteurs des troubles
508 1765 1575 1847 d’Hispaniola. Le commandeur Bobadilla fut investi de
507 1825 1574 1899 cette charge. Il partit, l’âme remplie de préventions
507 1874 1571 1952 contre Colomb, et à peine arrivé, il eut l’incroyable
503 1934 1566 1995 audare de le faire arrêter, et d’ordonner qu’on l’en¬
502 1980 1568 2058 fermât dans la citadelle d’Hispaniola, les fers aux
507 2034 1568 2098 pieds. L’amiral n’opposa aucune résistance. Mais
511 2083 1566 2165 quand il s’agit d’attacher les fers à ces pieds qui
507 2136 1571 2206 avaient conduit la Castille à la conquête du nouveau
506 2187 1570 2258 monde, tous les coeurs s’émurent d’indignation. Parmi
507 2233 1570 2320 les officiers et les gardes de Bobadilla, nul ne se sentit
498 2284 1571 2365 la force d’accomplir cet ordre exécralile. La douleur
502 2351 1566 2422 comprimée étouffait toutes les voix, et les chaînes gi-
494 2387 1558 2465 saient sur les dalles du cachot, sans qu’aucun des as-
492 2444 1563 2535 sistants osât les soulever. Devant un tel outrage, les
506 2508 1558 2585 geôliers eux-mêmes reculaient comme à l’idée d’un
496 2568 1566 2636 sacrilège. L’ordre barbare du gouverneur ne pouvait
498 2600 1568 2681 donc s’exécuter, quand vint s‘offrir gaiement pour ce
499 2648 1563 2730 forfait, non point un séide de Bobadilla, un Indien
494 2713 1559 2799 stupide ou haineux, mais un homme de la maison de
492 2759 1558 2841 l'amiral, son propre cuisinier. Cet infame osa river
492 2804 943 2880 les fers de son maître.
537 2870 1560 2946 L’amiral ne connut pas la cause de ce traitement.
495 2913 1556 2994 Il était tenu au plus rigoureux secret. Sa chétive nour-
487 2979 1560 3053 riture se composait d’aliments de rebut; et, traité
490 3038 1559 3111 comme le dernier des coupables, il ne savait pas de
499 3089 1556 3163 quels crimes on l’accusait ; toujours laissé dans la
482 3141 1544 3205 même ignorance, et sur les griefs dont on le char-
494 3196 1562 3258 geait, et sur le sort qui lui était réservé, il fut embar-
494 3245 1563 3313 qué pour l’Europe. Là, du moins, l‘attendait la justice
484 3299 1547 3385 et la consolation. Dès que la reine Isabelle apprit la
487 3350 1551 3435 manière dont Bobadilla avait traité le vice-roi des
483 3392 1547 3484 Indes, elle manifesta une indignation douloureuse,
488 3458 1552 3539 qui vengea Colomb de ce qu’il venait de souffrir. Elle
477 3508 1545 3590 le fit élargir sur-le-champ, et lui écrivit une lettre
468 3560 1539 3660 signée aussi par Ferdinand, dans laquelle ils déplo-
467 3618 1549 3735 raient cette offense, si opposée à leurs sentiments. Ils
1676 188 2728 292 redoublaient les expressions de haute estime, de défé¬
1683 270 2733 352 rence, l’invitaient à se rendre à la cour, et donnaient
1681 312 2733 398 l’ordre de lui compter deux mille ducats d’or, afin
1677 366 2736 453 qu’il pût réparer l’odieux dénûment dans lequel
1676 408 2242 482 l’avait osé mettre Bobadilla.
1724 477 2726 553 Colomb se rendit à l’invitation de ses souverains.
1669 508 2724 609 A son aspect, la reine Isabelle, se rappelant l’indi¬
1670 581 2726 652 gnité du traitement qu’il avait subi, se sentit re¬
1669 636 2733 710 muée au fond du cœur, et les larmes remplirent ses
1680 689 2736 759 yeux. Quand le vénérable vieillard surprit sous la
1676 740 2733 802 paupière de sa reine cette marque d’émotion, il es¬
1672 790 2736 872 saya vainement de trouver un mot pour accuser ou
1665 850 2734 931 se défendre. L’homme qui avait supporté inébranlable
1666 892 2720 976 les coups de la fortune ne put contenir plus long-
1670 940 2734 1020 temps les sentiments refoulés en son sein : un sanglot
1668 1011 2730 1079 ouvrit sa poitrine, et Colomb et Isabelle pleurèrent à
1664 1045 2722 1124 la fois, sans pro'érer un mot. Ce fut après cette com¬
1660 1106 2729 1186 munauté d’attendrissement que l’amiral confondit en
1669 1166 2720 1237 quel jues paroles le système de ses accusateurs. On l’ac-
1664 1219 2718 1284 cusait de dureté inflexible et de cruauté; — d’atten-
1660 1264 2717 1325 tat contre la liberté des Indiens; — d’impéritie ad¬
1657 1310 2729 1389 ministrative. Il démontra que sa prétendue rigueur
1656 1369 2724 1453 n’était que la fermeté nécessaire dans une entreprise
1661 1427 2720 1484 naissante, au milieu d’aventuriers dont il fallait com-
1664 1471 2736 1543 primer l’avidité et les rébellions; — qu’il n’avait fait
1661 1535 2729 1602 de prisonniers que parmi les Caraïbes, race cruelle et
1653 1590 2720 1658 redoutable et dans un état permanent d’hostilité con¬
1660 1634 2724 1695 tre les Indiens et contre les Européens; — que son
1652 1696 2717 1765 administration avait été integre et sage. Il se justifia,
1654 1742 2718 1802 et cependant les préventions demeurèrent; on jugea
1658 1797 2722 1863 prudent de ne pas renvoyer Colomb en Amérique ; il
1652 1847 2721 1921 se soumit à cette décision, et il vécut pendant deux
1656 1899 2718 1970 ans, d’une vie toute contemplative, chez les Fran¬
1653 1949 2725 2019 ciscains de Grenade, occupé surtout de l’étude des
1652 2008 2724 2067 saintes Écritures. Ce vieillard, fatigué d’agir et de
1654 2057 2720 2126 vivre, se reposait dans la prière, dans le poésie, dand
1642 2100 2718 2187 le spectacle de la nature; il aimait à chercher dans la
1646 2152 2710 2219 Bible les passages qui pouvaient s’appliquer à son im-
1653 2211 2702 2277 mortelle découverle, et il oubliait dans ces nobles tra¬
1652 2262 2721 2339 vaux l’ingratitude des hommes et la méchan eté de
1653 2323 2716 2386 ses ennemis. Il écrivait à cette époque ces mots, qui
1646 2370 2710 2429 peignent son âme : « J’entrai tout petit à la mer, pour
1646 2428 2716 2492 » m’adonner à la navigation, et j’ai continué jusqu’à
1646 2479 2709 2541 » ce jour. Cette carrière porte qui la suit à vouloir
1646 2529 2712 2593 » pénétrer les secrets de ce monde. Quoique je sois
1649 2577 2705 2648 » un très-grand pécheur, la compassion et la miséri¬
1649 2632 2698 2693 » corde de Notre-Seigneur que j’ai toujours implo-
1644 2681 2707 2740 » rées, couvrant mes fautes, m’ont tout à fait com-
1644 2738 2710 2800 » blé. J’ai trouvé la plus suave consolation à mettre
1638 2788 2701 2862 » mon bonheur dans la contemplation du mer-
1641 2831 2320 2894 » veilleux aspect de son oeuvre. »
1684 2892 2702 2966 Cet amour de la nature, ce désir de pénétrer les
1644 2943 2706 3009 secrets de ce monde terrestre, l’agitèrent encore et
1633 2987 2691 3067 le poussèrent à un quatrième voyage, qui fut peut-
1638 3060 2701 3116 être le plus périlleux et le plus accidenté de tous. Au-
1633 3106 2698 3166 cune épreuve ne manqua à Pillustre vieillard dans
1638 3162 2697 3229 cette nouvelle entreprise : révoltes, oppositions de la
1638 3217 2690 3275 part des hommes, tempêtes effroyables, cruelles ma¬
1634 3266 2693 3317 ladies, souffrances des équipages placés sous ses or-
1637 3317 2690 3397 dres, il connut toutes les misères, iI souffrit tous les
1629 3376 2693 3434 maux, dans son corps usé de fatigues, dand son âme
1634 3426 2693 3504 brisée; mais il eut la gloire de reculer encore les
1629 3473 2693 3539 limites de ses conquêtes et d’avancer sur la terre
1634 3536 2683 3580 ferme, où son instinct de voyageur et de cosmogra¬
1634 3576 2678 3654 phe lui faisait chercher un passage qui fit communi¬
1634 3634 2694 3730 quer l’océan Atlantique aux meis de l‘Inde. Epuisé
