2897 4318
1184 239 1324 321 183
653 301 1575 401 Cette fleur, elle existe en un vivant parterre ;
656 389 1545 458 Car vous la cultivez dans votre noble cœur,
646 446 1488 506 Et vous lui conservez un abri sur la terre
653 496 1728 559 Quand l’oubli, fils du temps, semble partout vainqueur
640 610 1568 680 Il chante au Créateur son hymne parfumée,
646 666 1423 743 Ce lis intérieur saint comme la pitié :
640 711 1475 795 Au céleste jardin par Dieu même semée,
643 772 1503 857 La fleur de votre cœur s'appelle l'Amitié !
1136 837 1613 947 EMMANUEL DES ESSARTS.
885 1301 1628 1418 LE lerockès musical.
588 1468 1927 1573 CATALOGUES GÉNÉRAUX DU PROGRÈS MUSIAL
1182 1618 1323 1707 No 6.
159 1825 1219 1894 Nous ajoutons ce mois-ci, à notre Catalogue, plusieurs mor¬
129 1885 1214 1949 ceaux choisis parmi les nouveautés les plus recherchées et
129 1931 1211 1999 les plus brillantes de la saison. D’abord une saltarelle de ma¬
130 1984 1211 2034 demoiselle Nicolo, la fille du célèbre auteur de Joconde, puis
129 2034 1204 2108 une délicieuse tarentelle de M. Benvenuta, et enfin un noc¬
129 2072 939 2133 turne de M. Botte dus à M. l’éditeur Leduc.
167 2098 1204 2213 La fameuse polka des Lanciers, de M. Emile Trahauh,
1298 1827 2383 1917 et le Souvenir de Boïeldieu, polonaise brillante par M. As¬
1298 1897 2019 1947 cher, nous ont été fournis par M. Paté.
1336 1944 2381 2004 Nous complétons cette collection nouvelle par un quadrille
1299 1991 2381 2047 de Jules Yung plein de verve et d’entrain, un morceau sur
1298 2044 2378 2096 Luiza Strozzi, pour violoncelle, avec accompagnement de
1293 2093 2381 2149 piano, par M. Lée, et diverses romances éditées, ainsi que
1293 2136 2280 2224 les deux compositions qui précèdent, par M. Bonoldi.
731 2520 1234 2640 ÉDUGATION
1289 2528 1435 2644 IIIW
1575 2530 1769 2647 AILIE
162 2735 1216 2841 Nous avons parlé des instruments de musique en
129 2827 1211 2881 usage dans l’antiquité; c’était le meilleur moyen de
125 2874 1204 2939 donner à nos lectrices une idée de la musique ancienne
130 2922 1202 2996 à laquelle l’orchestration était presqu’entièrement in¬
122 2983 1211 3051 connue. Il serait inutile d’ajouter des commentaires
130 3033 1207 3096 sur les instruments que l’industrie humaine multiplie
129 3088 1207 3156 journellement dans le monde moderne. Chacun de
129 3148 1197 3220 nous en connaît l’utilité, le charme et les effets sai¬
129 3193 1202 3270 sissants. Mais avant de recommencer la série de nos
130 3240 1201 3318 articles biographiques, nous espérons qu’on nous per¬
134 3295 1202 3388 mettra d’exprimer avec quelque détail notre opinion
127 3343 1201 3425 sur l'orgue, ce roi des instruments, qui, bien qu'ap¬
137 3398 1202 3482 précié aujourd’hui beaucoup plus qu’autrefois, n’a
137 3459 1199 3524 pas encore conquis l’importance que méritent ses im¬
129 3495 882 3565 menses et incomparables ressources.
175 3564 1201 3636 Dans toutes les maisons, depuis la plus humble bou¬
134 3614 1189 3691 tique jusqu'au plus splendide hôtel, dans les théâtres
132 3662 1202 3758 dans les concerts, partout enfin, il y a un piano. C'est
134 3717 1196 3789 un meuble indispensable à toutes les classes de la so¬
137 3778 1199 3861 ciété. Nous ne voulons pas retirer au piano les quali¬
1293 2740 2371 2844 tés qui lui sont propres. Il en possède bon nombre que
1286 2834 2371 2891 nous avons nous-mêmes plusieurs fois signalées. Mais
1281 2892 2361 2949 l’orgue, qu’on ne trouve que rarement dans les con¬
1289 2944 2356 3004 certs, dans les théâtres et dans des maisons particu¬
1281 2998 2373 3058 lières, y mériterait pourtant la place d’honneur, et
1286 3051 2375 3110 nous voyons avec regret, qu’il n’en occupe la plupart
1286 3091 2370 3173 du temps qu’une secondaire. Nous n’avons aucune
1289 3150 2365 3208 espèce de goût pour la réclame, cette déesse vénale
1293 3203 2361 3265 à laquelle petits et grands apportent leur offrande, les
1286 3251 2361 3327 uns pour lui demander la célébrité, les autres pour
1289 3315 2363 3395 en obtenir la fortune. Nous ne connaissons les facteurs
1288 3363 2351 3427 d’orgues que par le plus ou le moins de mérite des
1281 3410 2358 3492 instruments qu'ils fabriquent, et il ne nous est jamais
1281 3470 2365 3534 arrivé jusqu'à présent d'en rencontrer un seul. Ceci
1281 3515 2366 3589 bien posé, nous n'hésitons pas à exprimer le regret
1286 3579 2358 3641 que nous éprouvons de voir les pianistes, et même les
1286 3642 2366 3696 pianistes d'un talent reconnu, s'arrêter soudainement
1286 3679 2363 3741 devant un origue sans pouvoir en obtenir une note
1281 3737 2365 3798 harmonieuse, sans pouvoir traduire sur son clavier
1281 3798 2365 3864 sonore la moindre hispiration chrétienne ou profane.
