2939 4158
1526 24 1662 103 366
415 110 1527 178 de ses fraits, éveillaient en elle les plus cruelles ap¬
431 183 1530 244 préhensions. Où donc est le devoir? En obéissant à
415 234 1530 283 son père, ne déserte-t-elle point cette noble mission
414 278 1530 338 de dévouement que M. de Gontheraut lui avait dé¬
433 333 1537 404 peinte avec des couleurs si belles? Elle croyait, la
433 385 1530 461 pauvre enfant, que, n’ayant en vue aucun intérêt
420 441 1527 507 mondain, elle ne pouvait s'égarer, et s'appuyant de
421 498 1530 561 la pureté de ses sentiments, elle résista aux larmes
415 550 1535 615 de sa sœur, aux prières de son père, aux conseils de
414 615 1363 668 ses amis, aux exhortations de son confesseur.
467 671 1530 741 Une année entière s'écoula ainsi, triste pour tous,
430 717 1522 791 pleine de luttes et de tourments intérieurs pour Pau¬
424 785 524 852 line.
457 828 1533 894 M. Bertaux continuait à voir ses amis; Maurice, dont
415 882 1527 948 Pauline appréciait le caractère charmant et généreux,
415 934 1535 1009 était venu plus souvent; ses travaux prospéraient : une
421 994 1530 1063 puissante usine venait de lui donner un emploi im¬
427 1049 1525 1116 portant, et qui, l’astreignant à des travaux moins ser¬
421 1109 1533 1165 viles, lui permettait de donner un peu de temps aux
421 1163 1530 1222 plaisirs de l'intelligence. Pauline le voyait toujours
425 1212 1526 1276 égal, affectueux, et évitant, avec un soin délicat, toute
418 1280 1530 1329 allusion embarrassante aux projets repoussés par elle.
415 1322 1527 1386 Mais elle ne changeait pas de determination, parce
427 1385 1222 1443 qu'elle croyait sa conscience engagée.
473 1430 1535 1502 Quelque soigneusement qu'eût été gardé le secret,
421 1492 1527 1539 des indiscrétions, peut-être commises par M. de Gon¬
424 1542 1530 1600 theraut, avaient fait connaître la lutte qui s'était élevée
418 1596 1530 1656 dans la famille de M. Bertaux. Les amies de Pauline
418 1653 1530 1709 la virent moins souvent... leurs mères l’accueillaient
421 1713 1526 1776 plus froidement... elle devina partout cette juste ré¬
427 1757 1533 1830 probation qui s'élève contre les enfants assez ingrats,
413 1814 1532 1873 assez présomptueux, pour vouloir disposer de leur
415 1870 1527 1930 existence, dans un sens opposé aux conseils éclairés
413 1920 1533 1987 et affectueux de leurs parents. C’en était trop pour la
415 1981 1536 2043 pauvre enfant. Une langueur inquiétante s'empara
413 2034 1383 2091 d'elle et vainquit les répugnances de son père.
457 2088 1527 2150 M. de Gontheraut n’était pas un malhonnête hom¬
410 2146 1530 2211 me, et, sur ce point du moins, Pauline eût pu faire
415 2201 1527 2257 un choix plus mauvais encore. Il n'avait point ces vi¬
415 2255 1536 2314 ces qui déshonorent, mais il avait les défauts qui
418 2310 1527 2377 font de l'existence en commun un tourment de tous
413 2361 1532 2417 les instants, c'est-à-dire une vanité et une personna¬
418 2417 1533 2475 lité effrénées; tout ce qui le concernait devait être
401 2477 1527 2548 sacré pour ceux qui l’entouraient, et il s'arrangeait
408 2527 1529 2594 toujours pour accaparer tous les droits et pour impo¬
410 2581 1525 2644 ser tous les devoirs aux autres. De longues disserta¬
417 2634 1519 2705 tions philosophiques sur l’âme humaine étaient im¬
417 2695 1533 2754 posées journellement à Pauline, dans le but de lui
418 2754 1530 2815 démontrer qu'une femme devait renoncer à toute opi¬
410 2808 1527 2859 nion, à tout sentiment qui ne procédassent pas di¬
415 2856 1535 2916 rectement de son mari ; M. de Gontheraut oubliait
410 2915 1530 2979 seulement que pour être doux et fécond, le sacrifice
413 2968 1532 3035 devait être volontaire, et que la contrainte morale est
410 3035 1533 3082 aussi odieuse que la contrainte physique; il demanda
410 3073 1526 3148 la soumission, non comme une preuve d’affection,
415 3126 1527 3196 mais comme une marque d’infériorité, et n’obtint que
413 3186 1532 3259 l’annihilation. Nature absorbante et stérile comme le
403 3243 1522 3303 sable qui est dépourvu de vie, de végétation, de fraî¬
418 3298 1525 3355 cheur, qui voit de rares voyageurs et ne possède pas
410 3352 1533 3413 d’habitants, M. de Gontheraut renouvelait sans cesse
410 3407 1530 3476 ses connaissances, et n'avait point d'amis. Il ne trouvait
413 3466 1526 3522 ni dans la famille, ni chez les amis de sa femme, l'ad¬
410 3517 1529 3586 miration sans partage, l'attention soutenue qui lui
417 3567 1526 3652 semblaient le juste tribut dû à ses facultés éminentes,
1622 98 2748 190 et peu à peu il dénoua tous ces liens, et isola Pauline.
1624 168 2748 233 de tous ceux qu'elle aimait ; ils vécurent seuls au cen¬
1624 228 2749 295 tre d’un désert moral, parce que nul ne se prêta à ab¬
1624 276 2748 345 diquer toute personnalité au profit de cette personna¬
1615 331 2748 400 lité insatiable, et M. de Gontheraut n’obtint ce sacri¬
1613 394 2751 463 fice de tous les instants que de celle qui, dépendant de
1613 435 2748 532 lui, l'accordait non à l'affection, non à la persuasion,
1623 504 2398 567 mais à l'importunité et à la ténacité.
1663 547 2751 627 Ces travaux, cependant, ces trayaux qui devaient
1607 600 2751 679 lui donner la gloire et la fortune, n'avançaient point;
1619 661 2754 732 le succès lui semblait infaillible, soit qu'il abordât le
1609 712 2755 782 roman, le drame, la poésie, ou l’histoire; mais comme
1615 772 2751 845 il voulait débuter par une œuvre éclatante et sans
1615 825 2751 901 égale, il avait résolu, d'accord en cela avec sa paresse,
1610 879 2748 954 d'attendre l'inspiration, et lorsque Pauline hasardait
1615 945 2748 996 de timides questions au sujet de ces travaux, elle n’ob¬
1619 1001 2752 1051 tenait que des réponses brusques et ironiques, entre¬
1609 1046 2752 1112 mêlées de réflexions sur le malheur d’un artiste lié à
1617 1103 2748 1179 une femme qui ne comprenait pas que l'art ne pou¬
1622 1163 2745 1226 vait fonctionner avec la régularité de l’industrie ou du
1615 1216 1850 1282 compence.
1657 1270 2749 1339 Comme l’inspiration ne venait pas, il voulut l‛aller
1612 1332 2748 1389 chercher. Ils voyagèrent. Il demanda d’abord à l’Italie
1609 1385 2747 1455 et à ses chefs-d'œuvre artistiques, d'éveiller en lui
1609 1439 2745 1500 les dons intellectuels qui étaient assoupis. — Puis il
1612 1496 2739 1566 abandonna le passé pour se tourner vers l’avenir,
1615 1552 2742 1613 disait-il, et il voulut étudier en Allemagne la philo¬
1609 1607 2748 1667 sophie et les tendances germaniques; tous ses efforts
1615 1659 2749 1717 étant infructueux, il s’adressa à la nature et demanda
1609 1710 2748 1774 à tous les beaux paysages de l’Europe de le faire poète.
1624 1769 2751 1833 Vaines tentatives ! On ne peut exprimer le beau qu'en
1619 1821 2744 1893 ayant la conscience du bien. Le secret de l’éloquence,
1619 1880 2741 1941 de la science et de l'art, n'est point l'amour de soi :
1622 1924 2130 1994 c'est l'amour des autres.
1656 1986 2748 2057 Ils revinrent à Paris. M. de Gontheraut méprisait
1615 2037 2749 2106 l’argent, mais non tout ce qu’il procure. Il aimait les
1609 2098 2752 2153 beaux meubles, les beaux vêtements, les lis fractions
1607 2163 2745 2214 coûteuses, les repas délicats. La dot de Pauline fut à
1620 2211 2747 2274 peu près dépensée en quelques années; il fallut bien
1609 2273 2748 2325 alors recourir à la famille, dont on avait raillé les
1612 2314 2748 2378 tendances bourgeois, et les préoccupations d’argent
1619 2368 2748 2438 et Maurice, qui avait épousé Cécile, procura à son
1610 2421 2745 2504 beau-frère un modeste emploi. Alors les tourments
1607 2491 2745 2560 de Pauline prirent une autre forme; elle dut subir
1610 2544 2742 2598 des plaintes fréquentes et amères sur les souffrances
1619 2591 2741 2659 d’un artiste forcé de fuir ses inspirations, de couper
1607 2644 2742 2712 les ailes de ses pensées et de s’astreindre à un odieux
1607 2698 2737 2775 travail de chiffres pour subvenir aux exigences maté¬
1609 2761 2739 2815 rielles de la vie. Elle entendit accuser son père d’indif¬
1612 2806 2748 2872 férence, et cependant si leur ménage existait, c'était
1615 2868 2737 2935 grâce à M. Bertaux, qui aidait secrètement sa fille
1609 2925 2737 2991 aînée. Elle vit son beau-frère en butte au dénigrement
1613 2978 2742 3051 incessant de celui qui lui devait tout, et dont le travail
1613 3032 2741 3118 imparfait et insuffisant était chaque jour revu et refait
1624 3078 1887 3152 par Maurice.
1656 3143 2741 3218 Pauline n’a plus d'illion sur le cœur ni sur l'es¬
1624 3200 2739 3266 prit de celui auquel, par un fol entêtement de jeune
1613 3263 2734 3333 fille, elle a voulu confier sa destinée; elle vit cepen¬
1617 3306 2734 3385 dant sans se plaindre, parce qu'elle a un fils; l'a¬
1607 3372 2739 3442 mour du devoir qui, mal compris fut sa perte, s'est
1612 3430 2741 3499 aujourd'hui épuré et éclairé en elle ; elle accomplit
1612 3482 2619 3556 courageusement sa tâche de femme et de mère.
2086 3587 2594 3672 Mme EMMELINE RAYMOND.
