2897 4318
1219 209 1347 290 103
132 280 1237 363 maison de secours tout étonnée de ce qu'elle venait
137 352 1044 426 de faire, et comme effrayée de son audace. »
171 404 1236 471 Le choléra, les émeutes de 1830, lui fournirent l'oc¬
129 464 1240 524 casion de montrer ce courage que rien n'effrayait
135 509 1243 584 lorsqu'il s'agissait du salut du prochain ; mais ce fut
132 568 1239 633 surtout en 1848 que la puissance de sa charité éclata
122 626 1243 701 au grand jour. Elle avait fait des prodiges pendant la¬
129 668 1239 754 disette de 1847 pour nourrir son pauvre peuple ; elle
122 733 1239 809 était parvenue à lui faire prendre patience, et, tout en
118 795 1220 845 s'effrayant des dangereuses doctrines et des mena¬
125 844 1229 915 çantes influences qui pénétraient dans les esprits à
118 888 1223 958 l'aide de la cherté du pain, elle répondait de la sa¬
116 953 1223 1015 gesse de son faubourg. 1848 parut lui donner raison,
118 1005 1239 1064 et, jusqu'aux fatales journées de juin, le calme régna
123 1062 1237 1128 parmi cette population dangereuse. Quand la guerre
118 1120 1229 1183 civile éclata, la Sœur Rosalie et ses compagnes furent
116 1177 1223 1240 elles-mêmes sous les armes : elles n’avaient pu em¬
121 1226 1225 1291 pêcher le combat, elles voulurent du moins en adou¬
111 1282 1225 1354 cir les rigueurs et diminuer le nombre des victimes.
111 1326 1223 1398 La maison de secours devint une ambulance où les
111 1375 1216 1452 blessés des deux partis recevaient les soins d'une cha¬
108 1452 1226 1511 rité qui ne distingue plus en présence des blessures
114 1487 401 1561 et de la mort.
163 1548 1223 1614 « Au plus fort de la lutte, un officier de la garde
101 1607 1226 1663 mobile, qui avait bravement combattu une partie de
104 1659 1215 1724 la journée, conduit ses soldats à l'attaque d'une bar¬
104 1721 1225 1780 ricade de la rue Mouffetard placée à l'angle de la rué
111 1760 1225 1831 de l’Épée-de-Bois, et monte le premier à l‘assaut :
104 1819 1212 1894 une décharge meurtrière partie des rangs des insur¬
115 1882 1215 1942 gés arrête, sans l'atteindre, la troupe qui le suit;
118 1937 1226 1993 emporté par son élan au-dessus de la barricade, il
99 1991 1215 2051 se trouve seul de l'autre côté. Cerné de toutes paris,
99 2043 1225 2106 ne pouvant espérer secours de ses soldats, qui le
105 2103 1226 2159 croient mort, dans l'impossibilité de résister à la foule
99 2157 1219 2208 de ses ennemis, il n’a que le temps de s’élancer dans
97 2206 1218 2274 la rue de l’Épée-de-Bois, et, trouvant ouverte la porte
105 2262 1218 2318 de la maison de secours, se précipite au milieu des
94 2319 1206 2377 Sœurs, comme dans un refuge que lui offre la Provi¬
94 2365 1213 2435 dence. Une bande d'insurgés l'a reconnu, se met à
97 2430 1215 2484 sa poursuite, et arrive presque en même temps que
92 2476 1213 2552 lui. A la vue de cet homme isolé, sans espoir, livré à
92 2535 1199 2597 une troupe altérée de sang, toutes les Sœurs, la supé¬
97 2594 1212 2651 rieure en tête, se jettent par un mouvement instinctif
102 2647 1212 2706 entre la victime et les meurtriers. Devant ce rempart
95 2697 1211 2765 inattendu, les insurgés s'arrêtent un moment; ils
94 2755 1208 2822 connaissent tous la Sœur Rosalie, et commencent
94 2808 1213 2867 avec elle une négociation à haute voix, où pendant
105 2870 1208 2924 plus d'une heure, la charité dispute la vie d’un
94 2920 1197 2971 homme à la vengeance. Les assaillants sont inexora¬
94 2972 1202 3034 bles, et mêlent les plus atroces menaces contre leur
105 3027 1204 3098 ennemi aux expressions de respect pour celle que,
99 3081 1213 3146 jusque dans leurs emportements, ils appellent encore
94 3139 1199 3205 leur mère.— Nous voulons notre prisonnier, s’écrient-
101 3181 1208 3262 ils, il n'a cessé de faire massacrer nos frères; sa mort
105 3245 1157 3314 seule nous vengera de tout le mal qu’il nous a fait.
147 3308 1199 3362 « Comme la Sœur leur exprime son horreur de voir
104 3359 1201 3426 ensanglanter le sol de sa cour et tuer un homme dé¬
104 3398 1199 3475 sarmé dans cette maison de miséricorde : — Laissez¬
98 3465 1205 3540 nous le prendre, nous ne le tuerons pas ici, nouz le
101 3512 1199 3586 conduirons dans la rue, il y recevra la peine de son
105 3559 245 3628 prime.
147 3629 1212 3695 « Et malgré les prières, les supplications, malgrée
98 3664 1204 3755 le plus touchant appel à la pitié, les insurgés avan¬
104 3734 1213 3809 cent toujours en réclamant leur proie et resserrant
105 3781 1204 3865 le cercle qui les en sépare ; déjà, pour atteindre plus
105 3834 1208 3916 sûrement le but, le canon des fusils s’appuie sur
1314 283 2417 398 l’épaule des Sœurs, les doigts sont sur la détente, le
1321 380 2419 458 coup mortel va partir, lorsque la Sœur Rosalie, se
1320 406 2409 517 jetant à genoux ; — Voilà cinquante ans, s’écrie-t-
1316 483 2409 562 elle, que je vous ai consacré ma vie ; pour tout le
1316 527 2419 617 bien que j'ai fait à vous, à vos femmes, à Vos enfants,
1321 579 2131 653 je vous demande la vie de cet homme !
1359 660 2412 722 » A ce spectacle, à ce cri, les armes se relèvent, la
1320 689 2413 772 troupe recule comme frappée de repentir, un hourra
1319 741 2414 827 d'admiration s'échappe de ces lèvres noires de pou-
1319 810 2419 877 dre, des larmes d'attendrissement coulent de ces
1319 863 2413 944 yeux tout à l'heure impitoyables. Le prisonnier était
1312 905 1495 968 sauvé! »
1361 958 2413 1038 Dès que l’ordre fut rétabli, ce furent les insurgés
1321 1020 2416 1101 que la Sœur Rosalie protégea et défendit auprès du
1321 1078 2412 1145 pouvoir. Les femmes, les enfants, venaient vers elle
1312 1118 2398 1218 et redemandaient leurs maris ou leurs pères qui at¬
1313 1173 2406 1264 tendaient dans les prisons la peine de la sédition
1317 1242 2398 1320 vaincue. La Sœur Rosalie pleurait avec eux ; elle ob-
1316 1295 2403 1368 tint l'élargissement de ceux qui n'avaient été qu'en-
1312 1334 2409 1412 trainés; elle alla dans les prisons secourir ceux qu’elle
1305 1403 2412 1476 n’avait pu rendre à la liberté. Ange de consolation
1312 1450 2409 1527 entre eux et leurs familles, elle reportait souvent des
1317 1508 2375 1579 deux côtés des espérances qu’elle ne partageait pas.
1354 1572 2412 1632 « Parmi les prisonniers se trouvait un ouvrier labo¬
1305 1609 2409 1690 rieux à qui la Sœur Rosalie s'intéressait beaucoup ;
1306 1670 2414 1739 avant la révolte, il passait pour un des hommes les
1314 1729 2412 1795 plus honnêtes du quartier ; mais il avait cédé à un
1307 1791 2400 1861 mouvement de délire, et des charges très-graves pe¬
1312 1836 2409 1906 saient sur lui ; toutes les démarches, touttes les solli¬
1307 1904 2409 1955 citations en sa faveur avaient été inutiles : il n’avait
1314 1951 2403 2009 plus à attendre qu'une prochaine et terrible condam¬
1299 1995 1457 2067 nation.
1351 2051 2400 2120 » Sa fille, âgée de cinq à six ans, pleine de gentil¬
1300 2093 2393 2186 lesse et de grâce, suivait l'école des Soeurs ; elle y ve¬
1309 2166 2409 2234 nait pleurer tous les jours depuis l'arrestation de son
1312 2217 2399 2288 père, rien ne pouvait la consoler. Sur ces entrefaites,
1299 2273 2406 2332 le général Cavaignac vient voir la Sœur Rosalie; elle
1296 2320 2403 2393 le conduit à l'école, et appelant la petite fille : — Mon
1302 2378 2402 2449 enfant, lui dit-elle, voilà un monsieur qui, s'il le veut,
1302 2435 1893 2508 peut vous rendre votre père.
1335 2494 2388 2553 » A ces mots, l’enfant s’agenouille, joint les mains
1299 2550 2406 2604 et d’une voix entrecoupée de sanglots : — O mon bon
1293 2598 2399 2664 monsieur, s’écrie-t-elle, rendez-moi mon papa ; il est
1296 2654 2395 2717 si bon! nous avons si grand besoin de lui! — Mais,
1293 2704 2396 2769 dit le général, il a sans doute fait quelque chose de
1293 2762 2393 2835 mal ? — Non, bien sûr, maman m'a dit que non; et
1293 2811 2393 2882 d’ailleurs, je vous le promets, il ne le fera plus ;
1299 2867 2356 2950 grâce ! grâce! rendez-le moi, je vous aimerai bien !
1335 2922 2396 2979 » Les regards suppliants de la Sœur appuyaient les
1299 2978 2399 3048 paroles de l'enfant ; on eût dit un ange inspiré par
1296 3037 2395 3094 une sainte. Le général sortit très-ému, et peu de jours
1293 3094 2392 3144 après, le prisonnier était rendu à sa famille, heureux
1291 3139 2391 3192 d'avoir eu pour plaider sa cause deux avocats qui
1291 3196 2229 3252 n'en perdent guère : l'innocence et la charité.
1328 3235 2391 3313 » Pendant sa longue carrière, la Sœur Rosalie s’est
1291 3294 2384 3366 attachée à combattre ces mutuelles préventions qui
1299 3356 2388 3432 portent en germe une guerre sociale. Elle travaillait
1288 3422 2388 3477 sans relâche à faire revenir les pauvres et les riches
1292 3462 2389 3531 de la rigueur et de l'injustice de leurs jugements ; elle
1288 3514 2377 3583 les rapprochait, les mêlait ensemble dans son affec¬
1296 3573 2388 3642 tion et ses œuvres; parlait toujours aux uns du mérite
1292 3622 2385 3708 des autres, et ne perdait pas une occasion de faire
1288 3687 2386 3754 rendre à tous la justice, bien plus difficile à obtenir
1291 3736 1642 3811 que la charité. »
1335 3779 2385 3851 Parmi les puissants et les grands de la terre à qui
1279 3846 2388 3943 la Sœur Rosalie inspira sa tendre compassion pour les
