2822 3966
1578 79 1662 164 80
529 151 1576 231 gnorais ce fait horrible. Pauvre Louise ! Pauvre enfant !
522 206 725 280 J'y cours!
575 274 1567 328 LEON. Si vous le permettez, madame, je vous y sui-
529 311 1575 390 vrai, et serai heureux d’être, pour quelque chose,
525 360 1570 447 dans la bonne œuvre que je soupçonne ma tante d’a-
533 418 1576 505 voir commencée, par intermédiaire, et que vous allez
525 473 739 538 continuer.
903 570 1197 657 SCÈNE VIII.
637 669 1436 771 LES MÉMES, M. DESTOUCHES, très-pâle.
566 775 1553 877 DESTOUCHES, à Léon. Reste! Mille pardons, ma-
510 868 1558 936 dame, j’ai à lui faire une communication importante.
553 923 1558 965 MADAME BONARD. Je vous en prie, monsieur! (A la
500 961 1551 1039 tante en se retirant.) Je vous tiendrai au courant de
501 998 1288 1069 ce qui surviendra, chère mademoiselle.
544 1069 1550 1153 LA TANTE, préoccupée et regardant son frère. Je vous
505 1119 1202 1202 en serai obligée, ma bonne voisine.
897 1231 1168 1312 SCÈNE IX.
627 1357 1406 1415 LES MÊMES, moins MADAME BONARD.
536 1440 1266 1502 LÉON. Vous êtes bien pâle, mon père!
538 1494 1226 1558 CÉCILE, debout. Papa, asseyez-vous.
526 1557 1543 1609 DESTOUCHES, avec effort. Angélique, l’expérience a eu
488 1588 1535 1666 lieu ; elle a été suivie d’un épouvantable désastre; les
484 1660 1538 1725 machines ont sauté; Ferdinand, mon premier méca¬
481 1701 1539 1776 nicien, est mort; les trois cent mille francs que j’avais
484 1754 1531 1826 mis dans cette affaire sont perdus; j’en redois soixante¬
484 1799 1535 1881 dix mille, et, sauf cette habitation, il ne me reste plus
481 1850 600 1926 rien!
522 1902 903 1963 LÉON. Grand Dieu!
525 1956 1070 2017 LA TANTE. Ferdinand, mort!
522 2015 1065 2078 DESTOUCHES. Et moi, ruiné!
520 2059 1119 2128 LA TANTE. Mon frère, ta main!
524 2112 1526 2179 DESTOUCHES, assis et appuyé sur l’épaule de l‘infirme.
480 2154 1278 2234 Et endetté de soixante-dix mille francs !
522 2214 965 2283 LA TANTE. Du courage!
875 2324 1114 2403 SCENE X.
795 2429 1206 2496 LES MÉMES, ÉMILIE.
516 2527 1529 2611 ÉMILIE, étourdiment. Mon père, je viens vous porter
480 2592 1522 2646 plainte contre mademoiselle Dumont; ce n’est, réel-
475 2638 1292 2703 lement, plus supportable; figurez-vous !..
516 2683 1377 2759 LA TANTE, désignant M. Destouches. Emilie !
516 2736 1516 2817 LÉON. Ne vois-tu pas qu’il y a ici une grande dou-
473 2783 585 2849 leur!
521 2846 1525 2928 ÉMILIE, sérieuse. C’est vrai ! Pardon ! Qu’avez-vous,
469 2894 1012 2962 mon père? Qu'arrive-t-il ?
521 2962 1526 3029 CÉCILE, à part, à Emilie. Papa dit qu’il est ruiné,
471 2999 1522 3080 et que Ferdinand, son premier mécanicien, est mort!
512 3059 1379 3128 ÉMILIE. Ferdinand est mort!.. Et sa femme?
517 3104 1538 3181 La TANTE. Emilie, embrasse-moi pour ce généreux
1674 165 2707 254 élan! Et toi, mon frère, mon cher Étienne, sois plus
1673 229 2707 307 grand que le malheur qui te frappe; détourne-s-en les
1680 286 2695 350 yeux. La mort, pour ceux qui restent, est plus épou¬
1670 331 2711 401 vantable que la ruine; la femme de Ferdinand est
1658 385 2711 458 encore plus à plaindre que toi; pense à elle! Je t’ai
1666 434 2702 512 entendu dire que ce ménage était heureux; représente-
1665 492 2707 557 toi l’infortunée, agenouillée auprès du corps sanglant
1658 536 2701 608 de son époux; frappant l’air de ses cris; lavant avec
1661 600 2706 659 ses larmes les horribles et beantes blessures de celui
1662 645 2690 709 qui n’est plus! Elle l’avait vu, le matin, partir ra¬
1661 692 2702 770 dieux de santé et de jeunesse; sans doute, lorsqu’on
1653 747 2690 816 le lui a rapporté mutilé, elle luie apprêtait le repas
1654 800 2693 864 du soir; si elle n’est pas devenue folle, juge de ce
1656 860 2693 927 qu’elle a dû, de ce qu’elle doit ressentir ! Le coup
1658 910 2693 969 qui l’accable est sans remède ! Toi, ta fortune, tu la
1649 961 2695 1018 reconquerras! Tu es jeune encore; tu enfanteras
1653 1006 2695 1070 quelque nouveau projet qui te fera remonter plus
1643 1055 2186 1124 haut que tu n’étais hier !
1682 1092 2687 1178 DESTOUCHES. Mais je suis ruiné! mais je dois soixan-
1647 1153 2035 1222 te-dix mille francs !
1680 1214 2690 1278 LA TANTE. Eh bien, voyons, et cette fortune de la
1645 1260 2689 1338 pauvre infirme, et cette centaine de mille francs qu’elle
1635 1321 2322 1377 a quelque part; tu l’oublies donc?
1678 1370 2277 1432 DESTOUCHES, debout. Ma sœur!
1673 1435 2686 1498 LA TANTE. Tu paieras les soixante-dix mille francs ;
1632 1467 2683 1535 tu garderas les trente mille autres pour recommencer
1641 1518 2084 1588 une nouvelle œuvre...
1678 1572 2388 1644 LÉON. Je vous y aiderai, mon père!
1674 1635 2683 1702 LA TANTE, poursuivant. Tes filles et moi, nous reste¬
1623 1691 2678 1758 rons dans notre nid; nous y ferons quelques réformes,
1629 1736 2674 1799 qui ne toucheront en rien à notre bien-être; par
1629 1785 2681 1854 exemple, Emilie deviendra l’unique institutrice de sa
1632 1838 2666 1895 jeune sœur, et lui donnera l’exemple de la simpli-
1631 1882 1771 1947 cité!..
1670 1935 2515 2000 ÉMILIE. Oh! je vous le promets, ma tante!
1666 1981 2674 2064 LA TANTE. Nous saurons arranger toutes choses,
1623 2053 2664 2112 avec tant d’économie et de prudence, que tu ne t’a¬
1620 2105 2681 2162 percevras, que le monde ne s’apercevra d’aucun
1621 2153 2674 2217 changement. Va, mon frère, je te le répète, il n’y a
1616 2199 2153 2267 d’irréparable que la mort!
1664 2258 2662 2329 DESTOUCHES. Qui! oui !.. Angélique, il faudra pren-
1615 2300 2673 2379 dre avec nous la femme du pauvre Ferdinand !..
1621 2355 2681 2427 Mais, quelle est donc la puissance de tes paroles, ma
1620 2400 2674 2474 sœur, qu’à ta voix se calme le désespoir et que la
1620 2457 2666 2526 confiance renaisse ? Durant toute ta vie, tu n’as cessé
1619 2510 2669 2579 d’être à la fois ma consolation et ma force, et, en ce
1615 2571 2669 2640 moment, plus que jamais ! Les souffrances des autres
1611 2615 2669 2694 auraient-elles la vertu de te faire oublier les tiennes?
1652 2674 2675 2749 LA TANTE. Chacun sent son mal, mon bon Étienne,
1620 2716 2666 2784 mais il est un moyen de s’en distraire; c’est de re-
1619 2787 2677 2847 garder en dehors de soi, de jeter un coup d’œil sur le
1616 2818 2053 2880 lot échu au prochain!
1657 2878 2674 2953 LEON. Et c’est ce que, de façon ou d’autre, vous avez
1615 2933 2358 2990 pratiqué toute votre vie, chère tante !
1664 2976 2678 3055 (Mademoiselle Angélique sourit doucement ; M. Des¬
1612 3017 2674 3099 touches lui serre une main, Léon baise l’autre, les
1620 3085 2674 3163 deux jeunes filles embrassent leur tante avec effusion.)
2240 3141 2611 3216 ADAM-BOISGONTIER.
