2822 3966
1552 119 1594 214 2
500 210 1515 289 tisfaction a été d’avoir pu vous rendre service. Car
500 275 1523 340 mes compagnons sont, je l’avoue, bien plus robustes
500 329 1515 399 que moi et bien plus habiles à façonner le métal. Pour
503 371 1524 443 ce qui est des peines que vous me supposez, elles
497 419 1515 491 sont imaginaires, ou bien plutôt elles sont celles de
497 464 1519 534 ma position sur la terre. A mon âge, je suis déjà seul
493 521 1515 585 au monde : mes pauvres parents ne sont plus pour
497 573 1519 641 moi qu’un souvenir, qu‘un de ces portraits à demi
497 631 1515 700 effacés qu’on cherche à refaire dans sa mémoire. Ne
500 690 1515 732 vous étonnez donc pas si, n’ayant personne qui m’aime,
493 737 1515 808 ni frère ni sœur, je me sens quelquefois un peu
492 785 614 854 triste.
584 830 1517 890 J'entends, mon garçon. Eh bien! tu te marieras
493 875 1158 942 et tu auras une forge à ton tour. »
536 938 1524 991 Quentin secoua la tête avec incrédulité, mais sans
497 977 1511 1045 prononcer un mot, tandis que les trois compagnons
488 1028 1511 1094 échangeaient entre eux un sourire, et que le maître,
491 1094 1513 1146 qui ne s’était point aperçu de ce manége, ôtait son
488 1135 1511 1212 tablier de cuir, secouait de dessus ses habits la li-
488 1190 1515 1249 maille de fer, prenait son feutre orné d’une vieille
497 1232 1517 1328 ganse, et disait après avoir accompli cette toilette
488 1289 706 1365 sommaire :
536 1316 1511 1395 « Il faut que j’aille faire une tournée dans Anvers
488 1389 1511 1451 pour la récolte des ducats. Je vous laisse, mes en¬
491 1440 1513 1492 fants, donner le dernier coup de marteau au coffre de
488 1485 1523 1548 maître Jacob Krukker. Tâchez de le porter chez lui
488 1542 1523 1605 avant la nuit; car, passé le coucher du soleil, notre
488 1588 1515 1656 homme n’ouvre plus, quand bien même l’empereur
488 1645 1206 1717 d’Allemagne frapperait à son huis. »
529 1691 1509 1747 Au moment où Liederke mettait le pied dans la rue.
491 1740 1524 1813 il s’arrêta pour saluer d’un grand coup de chapeau
481 1794 1505 1863 une jeune fille qui, suivie de sa servante, s’acheini
481 1851 1515 1916 nait vers l’église voisine. La jeune fille rendit le salut
481 1898 1515 1964 en rougissant un peu et en dirigeant à travers son
488 1944 1508 2001 voile, attaché à l’espagnole, un regard furtif sur l‘a¬
484 2000 1458 2061 telier au seuil duquel se tenaient les compagnons.
529 2042 1511 2114 Quentin Matsys, tout tremblant, s’était laissé tom¬
488 2090 1511 2187 ber sur un escabeau, et il avait penché sa tête vers
484 2153 649 2233 la terre.
529 2178 1530 2276 Un coup vigoureux, appliqué sur l’épaule, le fit
481 2260 1512 2350 tressaillir en le tirant de cette espèce de léthargie
481 2312 1438 2377 pleine d’immobilité physique et de fièvre morale.
536 2362 1370 2444 « Qu’est-ce? dit-il. Eh bien! à l’ouvrage ! »
523 2408 1516 2481 Des rires sonores répondirent à cette exclamation.
481 2444 1516 2544 Et alors Claude Kluyt, qui n’était pas fâché de tirer
481 2520 1509 2591 une petite revanche des éloges du patron, dit au rê-
488 2572 609 2633 veur :
529 2582 1513 2688 « Par le diable! ce n’est plus aux nuages que tu
480 2675 1511 2739 accroches tes yeux; mais ça revient au même. Maître
483 2716 1513 2796 Liederke ne t’a point deviné; mais moi, Claude Kluyt,
475 2777 1511 2854 je parierais dix florins, — si je les avais, — que je
481 2834 1513 2893 connais la cause de ton mal. Et je ne suis pas le seul
476 2882 1512 2963 ici. En face de nous, il y a une rangée de maisons de
477 2927 1512 3007 briques et de bois. La plus belle de ces maisons ap¬
476 2980 1519 3053 partient au peintre Van Hoëf; le peintie Van Hoef,
475 3040 1513 3111 dont Quantin a été un peu l’élève, possède un bijou
480 3076 1517 3150 de fille, qui s’appelle, je crois, mademoiselle Gertrude.
488 3126 1512 3221 Or, quand notre Quantin a l’air de courir de l‘œil
475 3180 1511 3265 après les nuages, c’est qu’il observe à la fenêtre ma¬
479 3236 1517 3306 demoiselle Gertrude; et tout à l’heure, enfin, lorsque
475 3290 1512 3382 mademoiselle Gertrude est venue à passer, notre gail-
475 3326 1188 3414 lard a failli tomber en pamoison. »
516 3381 1499 3464 Là-dessus les rires recommencèrent. Quantin Mat¬
477 3443 1511 3513 sys, extrêmement troublé, s’était hâté de quitter son
480 3493 1515 3566 escabeau, et, pour se donner une contenance, il prit
471 3546 1519 3629 un linge imbibé d’huile et se mit à frotter et polir le
1529 3562 1538 3613 1
1607 220 2645 289 coffre destiné à maître Krukker. Mais le coup était
1605 273 2399 337 porté par la découverte de Claude Kluyt.
1655 326 2645 394 «Par ma pipe! s’écria brusquement Pierre Ricaert,
1610 375 2651 428 le compagnon n’est pas dégoûté. Depuis quand, mon
1610 428 2651 491 camarade, l’oison aspiré-t-il à voler dans les mêmes
1610 481 2639 537 parages que l’aigle? Sais-tu bien ce que c’est que no¬
1601 520 1828 592 tre voisin?
1707 558 2654 649 Un peintre illustre, répondit le jeune homme.
1605 626 2634 686 Mais, maître Liederke l’a attesté, moi, je suis un for-
1607 675 1980 737 geron assez adroit.
1686 718 2647 779 — Parbleu! nous le savons bien. Si tu crois que
1605 769 2654 838 nous ne te rendons pas justice ! Si tu crois que nous
1605 830 2658 882 ne t’aimons pas!... C’est justement parce que nous
1607 883 2656 930 t’aimons, qu’il nous est pénible de te voir te mettre
1609 931 2656 988 dans l’embarras. Tu dis que Van Hoëf est un peintre
1602 980 2324 1058 illustre ; sais-tu aussi qu’il est riche?
1651 1032 2066 1098 — Je puis le devenir.
1659 1069 2656 1143 — En attendant, tu ne l’es pas, et la demoiselle
1607 1134 2451 1196 pourra bien en épouser un autre que toi. »
1647 1187 2634 1251 Ces paroles avaient frappé Quantin d’une sorte d‘a-
1605 1233 2647 1294 néantissement. Son secret découvert, ses illusion
1602 1288 2656 1345 ébranlées, c’étaient de cruels assauts pour un pauvre
1605 1341 2658 1403 cœur qui, depuis six mois, gardait religieusement une
1602 1390 1887 1454 même pensée.
1650 1440 2656 1499 Cependant, rendu à l’énergie par ce désespoir où
1597 1496 2647 1564 l’on puise les forces extrêmes, il se redressa avec di¬
1598 1554 2217 1613 gnité, et dit à ses compagnons :
1655 1597 2651 1656 « Dieu m’est témoin que si j’ai gardé le silence vis-
1598 1635 2658 1711 à-vis de vous, ce n’était pas par manque d’amitié ;
1598 1702 2651 1764 mais je n’avais pas attendu vos observations pour com¬
1607 1753 2651 1813 prendre que mes sentiments étaient déraisonnables.
1597 1806 2664 1865 Maintenant, je suis homme; j’ai deux démarches à
1602 1855 2656 1910 tenter, et quel qu’en puisse être le résultat, je les
1603 1907 1779 1964 tenterai.
1703 1956 2645 2024 Deux démarches!... répétèrent les trois compa¬
1602 1995 1947 2081 gnons stupéfaits.
1698 2057 2647 2115 Oui, après la besogne. J’aurai du courage, vous
1605 2105 2647 2164 verrez. Achevons de polir la caisse, et laissez-moi
1605 2163 2634 2219 vous accompagner chez maître Krukker pour lui pré
1597 2216 2642 2282 senter ce solide coffre-fort qu’il voudrait déjà possé-
1602 2271 2410 2322 der. J’ai absolument besoin de lui parler.
1653 2326 2652 2374 — Toi?... s'écria Claude Kluyt. Encore un secret !
1641 2373 2635 2438 — C’est possible ; mais pour celui-là, je vous sup
1607 2419 2622 2485 plie, mes amis, de ne point chercher à le deviner. »
1647 2477 2651 2529 Cette prière mit fin à l’entretien, et les marteaux de
1603 2523 2664 2590 Claude Kluyt et de Guillaume Bawr- recommencèrent
1598 2580 2651 2638 à retentir en cadence sur l’enclume, tandis que Quen-
1598 2635 2642 2698 tin et Pierre Ricaert donnaient à la caisse le fini pré
1598 2684 2606 2741 cieux qui devait en faire un véritable chef-d’œuvre.
1653 2732 2663 2797 Trois heures après, les compagnons mettaient la
1602 2785 2656 2850 cheville au loquet de la porte et s’acheminaient vers
1597 2832 2659 2901 la rue Huyverterstraat, où ils s’arrêtèrent devant une
1598 2895 2635 2954 maison très-noire, dont les fenêtres étroites rece
1607 2948 2641 3000 vaient à peine du jour, tant la poussière s’y était in
1602 3003 2637 3056 crustée aux vitres. L’huis était très-bas, cintré, pro
1602 3040 2647 3106 tégé par une armature de fer, sans compter les verrous
1597 3095 2634 3159 du dedans et une serrure digne de figurer aux pri-
1602 3150 2639 3211 sons d’état. Au-dessus du marteau, que les compa-
1598 3210 2647 3271 gnons firent jouer rudement, figurait un guichet aux
1598 3256 2634 3318 étroits compartiments, et d’où, à l’intérieur, on pou-
1597 3305 2024 3371 vait voir les visiteurs.
1643 3354 2652 3426 Après un bon demi-quart d’heure d‘attente, un pas
1593 3391 2646 3473 lourd ébranla les marches vermoulues d’un escalier
1593 3469 2634 3528 en bois à l’épaisse rampe de chêne. Le guichet s’en¬
1595 3519 2649 3570 tr’ouvrit, un œil y parut ; puis cette inspection étant
1593 3576 2647 3658 satisfaisante, les deux Tours de la serrure jouèrent, les
