2822 3966
1585 60 1676 146 48
1665 137 2717 250 mander une contredanse ; elle accepta, quoiqu’elle
1664 210 2024 279 fût très-fatiguée.
1706 267 2708 339 Son cavalier fut si spirituel, qu’elle resta sous le
1668 329 2696 398 charme et ne put trouver le moyen de lui faire au¬
1670 368 2715 454 cune question même indirecte; il fallut revenir à sa
1669 422 2229 484 place sans plus de lumières.
1716 473 2719 557 Huit jours s’écoulèrent, pendant lesquels la fière
1665 520 2699 604 Isaure songea souvent à Étienne. Son nom sans par
1660 580 2705 648 ticule lui revenait sans cesse en mémoire et l’inquié-
1664 625 2087 697 tait prodigieusement.
1708 685 2712 762 « Étienne Arnauld, se disait-elle, ce n’est pas un
1659 737 2711 806 nom noble cela...... Cependant il y a les Arnauld d’An¬
1659 791 2711 855 dilly, qui sont d’une ancienne famille parlementaire et
1660 846 2705 914 que les querelles jansénistes ont illustrés... Arnauld...
1659 898 2711 948 mais pourquoi la marquise de Charnay, si dif¬
1653 946 2704 1003 ficile sur la noblesse des gens qu’elle reçoit, met-
1655 998 2719 1059 trait-elle dans son salon un M. Étienne Arnauld tout
1657 1052 2715 1132 court?..... Serait-il célèbre à quelque titre?......
1653 1109 2711 1165 mais non, il est trop jeune!...... A coup sûr, s’il
1661 1160 2712 1228 venait avec sa mère, on nous eût présenté une ma¬
1661 1208 2711 1266 dame Arnauld... C’est quelque musicien peut-être?...
1656 1267 2705 1318 un agréable chanteur de salon?... Mais je suis folle !
1656 1311 2719 1373 il n’a pas approché du piano de toute la soirée.
1656 1358 2711 1420 D’ailleurs ce ton parfait, cet esprit vif et contenu
1659 1414 2712 1479 en même temps ne peuvent être le fruit que d’une
1656 1463 2192 1537 éducation aristocratique. »
1693 1522 2717 1581 Elle ne manqua plus une soirée de madame de
1652 1569 1842 1633 Charnay.
1693 1620 2717 1700 Mais plus elle sentait son cœur et son esprit occupés
1647 1670 2711 1740 du jeune Étienne Arnauld, plus elle craignait de se
1653 1721 2705 1788 trahir en questionnant quelqu’un à son sujet. Elle
1647 1786 2701 1855 dansa un mois avec lui sans autres renseignements.
1694 1837 2705 1906 Un soir, elle s’aperçut à la direction de certains
1647 1894 2699 1950 regards qu’il était le sujet de la conversation de ma-
1656 1928 2708 1999 dame de Charnay. Elle s’approcha sans affectation du
1656 1995 2708 2072 groupe, dont la maîtresse de la maison formait le
1652 2050 2583 2115 centre et elle recueillit les paroles suivantes :
1697 2095 2355 2156 « N’est-ce pas qu’il est fort bien?
1704 2117 2695 2214 — En vérité, chère amie, c’est à désespérer d’être
1645 2206 2696 2264 né gentilhomme, répondit un vieil ami de la marquise.
1733 2253 2699 2333 — Et il a autant de tact et de savoir que d’esprit et
1641 2280 2004 2365 de grâce, dit-elle.
1752 2333 2703 2431 On assure, du reste, que sa position sera bril-
1639 2394 1766 2471 lante.
1748 2427 2699 2518 Oui, à vingt-trois ans, ce jeune avocat stagiaire
1647 2503 2704 2596 compte déjà des succès; il est, du reste, fort aimé du
1641 2551 2621 2617 bâtonnier de l’ordre, qui en a fait son secrétaire.
1689 2620 2693 2691 — C’est pourtant, tout simplement, le fils d’un avo-
1644 2661 1971 2728 cat de province.
1729 2696 2696 2814 — Si ce garçon-là peut affoler quelque fille d’es-
1641 2749 1986 2830 prit, il ira loin. »
1692 2820 2709 2883 Isaure étouffait de colère ; elle s’éloigna dans la
1641 2882 2705 2974 crainte de laisser voir la rougeur qui lui montait au
1648 2921 1782 2990 visage.
1689 2961 2700 3054 « Ainsi, dit-elle, c’est un homme de rien.... un
1645 3039 2689 3096 petit étudiant qui porte au bout de sa langue sa for-
1640 3082 2695 3161 tune et ses titres..... futurs! A quoi ai-je été penser,
1635 3136 2701 3201 bon Dieu!.... Mais aussi, pourquoi la marquise de
1633 3188 2572 3253 Charnay reçoit-elle des gens impossibles !...... »
1682 3247 2701 3314 Quand Étienne Arnauld la fit danser, elle se montra
1629 3297 2414 3361 froide, réservée, presque impertinente.
1684 3342 2696 3417 Cependant, tout son orgueil et toutson parti pris,
1635 3409 2691 3459 ne l’empêchèrent pas de voir combien Étienne était
1637 3458 2695 3515 supérieur à son entourage. Elle se répétait cent fois
1636 3506 2693 3574 le jour que ce jeune avocat lui était bien indifférent,
1637 3566 2700 3631 et que jamais elle ne fixerait ses regards si bas. Mais
540 154 1571 215 de Valeroy ! disait un jour un riche étranger, qui ve-
536 205 1592 263 nait presque tous les ans passer ses hivers à Paris, à
541 257 1593 309 un jeune homme fort à la mode, mais encore peu
536 309 1588 370 soucieux du mariage. Il me semble que voilà bien
536 360 1589 420 des hivers que je la vois aux côtés de sa mère. Pour
539 411 1588 463 quoi ne se marie-t-elle pas? Elle est fort riche, pour¬
529 451 902 531 tant, m’a-t-on dit.
630 503 738 569 Oui.
632 545 1362 622 Et belle...... autant qu’on peut l’être.
573 609 994 677 — Elle est trop belle.
622 657 1581 738 Et quel esprit pétillant, toujours prêt à la ri-
533 712 1333 785 poste, toujours original et primesautier!
620 761 1024 833 Elle a trop d’esprit.
628 815 1580 890 Mais, enfin, elle a tous les talents, el le appartient
520 862 1031 931 à une famille illustre......
613 923 1571 1001 Trop, toujours trop...... mademoiselle de Valeroy
517 967 1569 1051 a tous les succès et toutes les gloires..... que voulez-
527 1029 1560 1087 vous que fasse à ses côtés un honnête garçon qui pa-
517 1088 1573 1146 raîtrait un aigle auprès d’une autre femme ? Et puis,
525 1129 1576 1205 elle veut un mari qui soit prince, qui soi beau, qui
524 1188 1567 1245 soit riche et homme de génie en même temps ! Trou-
535 1225 1024 1297 vez-moi donc ce phénix!
613 1299 1573 1365 — J’avoue qu’il est rare de rencontrer toutes ces
527 1362 1577 1415 qualités réunies, et qu’elle peut attendre quelques
520 1400 749 1468 années.
618 1454 1567 1524 — Ses égaux s’éloignent, ses inférieurs seraient
517 1504 1572 1568 méprisés...... il faut un trône à cette fille-là.... et
517 1559 1560 1615 les trônes sont au moins aussi rares que les phénix.
569 1607 1342 1678 Le jour vint où elle eut vingt-cinq ans :
568 1665 1561 1774 « Ah! ah! ma sœur, tu mets la première épingle,
517 1717 831 1789 lui dit Henri. »
568 1780 1569 1849 Vers cette époque, les demandes des prétendants
519 1819 1571 1899 étaient devenues bien rares. A force de danser dans les
516 1881 1567 1955 bals, du mois de novembre au mois d’avril, de chanter
520 1930 1571 2010 des airs d’opéra et d‘aller au théâtre, elle avait fatigué
516 2000 1571 2058 sa jeunesse et terni sa beauté. Elle commençait,
516 2035 1569 2115 d’ailleurs, à voir le vide qui se faisait autour d’elle et
517 2081 1020 2148 à souffrir de sa situation.
559 2128 1557 2200 A l’un de ces bals dont elle faisait l‘ornement de-
519 2187 1561 2277 puis sept ans, chez la marquise de Charnay, elle vit,
523 2245 1552 2342 un jour, un jeune homme élégant et remarquable-
520 2290 755 2350 ment beau.
559 2334 1564 2417 Il paraissait avoir vingt-deux ou vingtrois ans
513 2390 1567 2483 tout au plus; mais, malgré cette extrême jeunesse, il
511 2458 1565 2530 causait volontiers avec les gens graves, et savait dire
511 2499 1557 2583 à chacun ce qui pouvait lui plaire. Il se tenait bien,
520 2559 1560 2635 sans prétention comme sans négligence. Il écoutait
513 2600 1557 2685 toujours et parlait à propos. Jamais Isaure n’avait
519 2645 1402 2740 trouvé réunis tant de tact à tant de grâce.
552 2719 1555 2806 Il l’invita à danser et sut l‘intéresser autrement que
516 2770 1564 2882 par les fades propos dont ses cavaliers ordinaires
507 2825 1174 2886 l’avaient fatiguée depuis sept ans.
547 2869 1555 2978 La curiosité d’Isaure vivement surexcitée ne put se
503 2921 692 2987 contenir.
549 2991 1563 3078 « Quel est ce jeune homme? demanda-t-elle à sa
509 3028 668 3095 voisine.
556 3083 1381 3167 — On l’appelle, je crois, Étienne Arnauld.
556 3155 1323 3224 — Ah!...... Connaissez-vous sa famille ?
600 3187 1547 3285 Non, c’est la première fois que je le vois ici, et
504 3232 1548 3346 madame de Charnay ne me l’a pas encore présenté. »
548 3289 1547 3402 Isaure fut obligée de terminer là son interrogatoire,
505 3338 1551 3457 en dépit de l’envie qu’elle avait d’en savoir davantage;
497 3403 1536 3509 mais elle se promit bien de se renseigner plus com-
505 3447 1182 3547 plètement à la première occasion.
547 3507 1536 3638 A la fin de la soirée, Etienne vint encore lui de-
