2822 3966
1562 118 1697 208 76
949 282 2305 490 зпдењи ѕԑмт эоn шдъ
1317 530 1930 637 PROVERBE EN UN ACTE.
920 934 1165 1012 PERSONNAGES.
628 990 1115 1103 LA TANTEANGÉLIQUE.
633 1074 1184 1157 M. DESTOUCHES, son frère.
628 1131 1383 1221 LÉON DESTOUCHES, son neveu, 19 ans.
635 1186 1201 1268 ÉMILIE DESTOUCHES, 15 ans
1253 1197 1456 1299 ses nièces.
638 1238 1204 1309 CÉCILE DESTOUCHES, 11 ans
637 1289 1268 1371 Mme MATHILDE BONARD, voisine.
633 1348 1067 1412 JOSÉPHINE, cuisinière.
632 1408 998 1476 ISIDORE, jardinier.
508 1495 1560 1577 La scène se passe au Pecq, dans la salle basse d’une jolie
544 1564 1554 1643 maison de campagne ; fenêtres ouvrant sur un vaste et beau
537 1596 692 1670 jardin.
800 1826 1253 1913 SCÈNE PREMIÈRE.
856 1913 1187 2006 LEON, ÉMILIE.
505 1994 1550 2092 (Léon entre d’un côté, Emilie de l’autre; cette dernière
522 2072 1523 2157 a une robe très-ornée, bien qu’en toilette de chez soi.).
532 2136 956 2217 ÉMILIE. Toi, au Pecq!
532 2197 1302 2280 LÉON, de mauvaise humeur. Moi-même.
535 2248 1076 2322 ÉMILIE. Tu as l’air aimable!
532 2302 1082 2383 LÉON. On a l’air qu’on peut.
535 2347 1535 2433 EMILIE. Ne serais-tu point content de tes examens ?
532 2415 1229 2489 LÉON. Je suis placé dans l’artillerie.
535 2455 863 2538 ÉMILIE. Eh bien?
527 2518 1275 2618 LÉON. Je devais sortir dans les Mines!
535 2564 1138 2631 ÉMILIE, regardant sa robe. Ah!
529 2616 1540 2699 LÉON. Oh! les examens ! quelle loterie ! Etre ferré
488 2675 1538 2748 sur tous les points, se troubler et échouer à une mi-
483 2710 605 2776 sère!
525 2771 1187 2857 ÉMILIE. Tu ne seras pas fruit sec !
524 2820 1111 2898 LÉON. Je l'aurais aimé autant.
524 2867 942 2943 ÉMILIE. Par exemple!
522 2937 1544 3014 LÉON. Sous prétexte d’étudier la nature, je serais
480 2981 1538 3070 allé dresser ma tente... au Niagara; d’autant mieux
491 3040 1405 3141 qu’aujourd’hui, on y trouve un hôtel superbe.
527 3082 1207 3165 EMILIE. Et cela t’aurait conduit?...
527 3138 1542 3224 LÉON. A comparer la susdite chute d’eau avec la
480 3192 1106 3268 cataracte de ton jardin anglais.
527 3237 1532 3330 EMILIE. C’est cela, prends-toi de ta mauvaise hu¬
478 3286 1533 3379 meur aux embellissements dont notre bon père me
471 3325 947 3415 laisse la surintendance.
532 3396 1538 3504 LÉON. C’est qu’aussi je suis si irrité, et à si juste
481 3430 611 3513 titre!
525 3484 1547 3612 ÉMILIE. Crois-tu qu'ici, on n'ait pas de griefs à jeter
473 3536 841 3619 au nez du destin?
1714 942 2716 1034 LěON, failleur. Un pensum de mademoiselle Du¬
1663 990 2388 1067 mont, ton institutrice, par exemple!
1711 1047 2717 1145 EMILIE. Un pensum! Il ferait beau voir qu’à quinze
1657 1094 2543 1186 ans, on osât encore me donner des pensum!
1704 1147 1999 1216 LÉON. Diantre!
1697 1201 2714 1287 ÉMILIE, avec volubilité. Mais, mon cher Léon, ce qui
1655 1258 2712 1341 est insupportable, intolérable, ce qui est inimaginable,
1657 1302 2721 1383 c’est le contrôle incessant de mademoiselle Dumont,
1660 1354 2719 1432 sur les objets les plus innocents, sur les objet de ma
1660 1412 2716 1496 toilette! Tu sais ce que mon père m’alloue à cet effet?
1660 1464 2704 1538 Eh bien! je n’ai pas le droit de l’employer à ma fan¬
1650 1516 2716 1601 taisie, de m’habiller comme il me plairait; il faut,
1655 1569 2712 1645 notre père l’exige, que je subisse toutes les altérations
1660 1621 2716 1690 qu’il convient à mademoiselle Dumont d’apporter à
1650 1684 2714 1750 mes plans! Qu’elle se fagotte, à la bonne heure ! cela
1653 1723 2712 1799 la regarde! mais qu’elle ne prétende pas m’ajuster à
1643 1760 2710 1846 son image, sinon, je m’insurge ! (Souriant.) Déjà, ce
1643 1834 2709 1912 matin, à l’aide de notre femme de chambre, j’ai un
1648 1876 2700 1944 peu tourné la difficulté : il est bon que tu saches que,
1648 1935 2699 2008 pour la maison, j’avais désiré une petite soie quadril-
1648 1979 2699 2060 lée, lilas et blanc, ravissante; mademoiselle Dumont,
1643 2043 2700 2113 elle, s’est empressée d’y substituer cette fantaisie,
1648 2087 2705 2162 gris et brun, comme plus solide ; elle a la passion du
1641 2141 2697 2216 solide, mademoiselle Dumont! mais, Justine et moi,
1636 2178 2690 2261 nous y avons mis tant de franges, de nœuds, de bou¬
1648 2241 2700 2320 tons, que cette robe solide me revient au double du
1636 2280 2704 2363 prix de la robe lilas. Quand mademoiselle Dumont va
1648 2346 2695 2410 voir cela, elle va jeter les hauts cris; cela m’est égal;
1640 2385 2688 2467 je suis restée dans la lettre; au lieu du délicieux taf-
1636 2447 2695 2521 fetas printannier, j’ai endossé l’étoffe que l‘on m’a
1640 2489 2700 2582 imposée; on n’a rien à dire, ou ce serait d’une criante
1641 2553 2692 2631 injustice, d’une tyrannie sans égale ; et, certainement,
1631 2599 2699 2675 je ne céderais pas; je... Eh bien! où vas-tu donc? C’est
1645 2661 2699 2741 comme cela que tu compatis à ma peine? Je parie
1640 2699 2700 2793 que tu ne m’as pas écoutée, seulement ! que les frères
1631 2754 1918 2825 sont égoïstes!
1675 2820 2685 2886 LÉON, revenant. Elle est jolie, ta peine ! C’est quel-
1638 2867 2694 2940 que chose d’intéressant, ma parole d‘honneur! une
1633 2928 2690 2989 robe au lieu d’une autre; une niche faite à son insti-
1636 2962 2688 3045 tutrice, à grand renfort de fanfreluches; l’émou-
1633 3014 2699 3090 vante histoire, pour la comparer à l’amère déception
1640 3065 1944 3133 qui m’accable !
1668 3126 2396 3190 ÉMILIE. Vous êtes un mauvais cœur !
1674 3173 2222 3241 LÉON. Et toi, une écervelée!
1675 3237 2687 3300 ÉMILIE, pleurant. Bon! des injures, à présent! Vous
1628 3286 2692 3345 ne venez jamais au Pecq, que vous ne m’obligiez à
1626 3340 2479 3432 souhaiter de vous voir repartir au plus tôt!
1668 3384 2167 3469 LÉON. Gracieuse naïveté!
1672 3445 2661 3501 ÉMILIE. Vous ne sauriez dire un mot qui n’offense
1668 3484 2677 3555 LÉON. Je pains le futur beau-frère que le ciel me
1626 3546 1981 3614 tient en réserve!
1663 3595 2197 3688 ÉMILIE. Oh! c’est affreux !
