<?xml version="1.0" encoding="UTF-8" standalone="yes"?><PcGts xmlns="http://schema.primaresearch.org/PAGE/gts/pagecontent/2013-07-15"><Metadata><Creator>prov=READ-COOP:name=TrHtr:version=2.44.0:model_id=51170:date=15_06_2026_19:41</Creator><Created>2026-03-06T16:37:12.543+01:00</Created><LastChange>2026-06-20T13:25:29.142+02:00</LastChange><TranskribusMetadata docId="14756063" pageId="115166868" pageNr="311" userId="187713" imgUrl="https://files.transkribus.eu/Get?fileType=view&amp;id=AVECJDFZRLXWEDRKSQAJADDG" imageId="97254401"/></Metadata><Page imageFilename="20144531_311.jpg" imageWidth="2897" imageHeight="4318"><TextRegion id="r_7" custom="readingOrder {index:0;} structure {type:page-number;}"><Coords points="1193,241 1317,237 1319,299 1213,303"/><TextLine id="r_7_tl_1" custom="readingOrder {index:0;}"><Coords points="1215,309 1222,309 1232,320 1238,321 1258,311 1273,320 1287,314 1297,317 1300,247 1290,246 1266,228 1235,236 1228,243 1218,243"/><Baseline points="1224,289 1257,289 1301,286"/><TextEquiv><Unicode>287</Unicode></TextEquiv></TextLine><TextEquiv><Unicode></Unicode></TextEquiv></TextRegion><TextRegion id="r" custom="readingOrder {index:1;} structure {type:paragraph;}"><Coords points="135,290 1232,308 1235,871 135,871"/><TextLine id="r_tl_1" custom="readingOrder {index:0;}"><Coords points="165,399 1200,380 1155,320 1071,346 870,289 732,344 479,317 165,353"/><Baseline points="173,379 217,376 262,373 307,370 352,370 397,370 441,370 486,370 531,370 576,370 621,370 665,370 710,370 755,370 800,370 845,370 889,370 934,370 979,367 1024,367 1069,367 1113,367 1158,367 1203,367"/><TextEquiv><Unicode>qu'à découper très-délicatement les feuilles et les</Unicode></TextEquiv></TextLine><TextLine id="r_tl_2" custom="readingOrder {index:1;}"><Coords points="165,440 1204,440 1192,383 165,397"/><Baseline points="173,430 176,430 220,427 265,424 310,424 355,424 400,424 444,424 489,424 534,424 579,424 624,424 668,424 713,424 758,427 803,424 848,424 892,424 937,424 982,424 1027,421 1072,421 1116,418 1161,421 1206,424"/><TextEquiv><Unicode>fleurs. Une peau coûte de 8 fr. 50 à 9 fr. Les fleurs,</Unicode></TextEquiv></TextLine><TextLine id="r_tl_3" custom="readingOrder {index:2;}"><Coords points="165,494 1204,493 1169,431 165,456"/><Baseline points="173,480 176,480 220,477 265,477 310,477 355,477 400,477 444,477 489,477 534,480 579,480 624,477 668,477 713,480 758,477 803,477 848,477 892,474 937,474 982,474 1027,474 1072,474 1116,471 1161,471 1206,474"/><TextEquiv><Unicode>une fois montées, on les groupe sur l’objet choisi,</Unicode></TextEquiv></TextLine><TextLine id="r_tl_4" custom="readingOrder {index:3;}"><Coords points="169,553 1212,545 1212,502 1156,490 169,498"/><Baseline points="176,534 185,534 229,531 274,528 319,531 364,531 409,531 453,531 498,531 543,531 588,531 633,534 677,531 722,531 767,531 812,531 857,531 901,528 946,528 991,528 1036,528 1080,528 1125,528 1170,528 1215,531"/><TextEquiv><Unicode>panier, presse-papiers, jardinière, suspensions, etc.;</Unicode></TextEquiv></TextLine><TextLine id="r_tl_5" custom="readingOrder {index:4;}"><Coords points="172,596 1208,592 1179,536 172,554"/><Baseline points="179,582 182,582 226,579 271,582 316,582 361,582 406,582 450,582 495,582 540,585 585,585 630,585 674,585 719,585 764,585 809,582 854,582 898,582 943,582 988,582 1033,582 1078,579 1122,579 1167,579 1212,579"/><TextEquiv><Unicode>chaque chose ainsi à sa place, on se sert d’un liquide</Unicode></TextEquiv></TextLine><TextLine id="r_tl_6" custom="readingOrder {index:5;}"><Coords points="165,647 1212,656 1196,589 165,609"/><Baseline points="173,636 185,636 229,633 274,633 319,636 364,636 409,636 453,636 498,636 543,636 588,636 633,639 677,636 722,636 767,636 812,636 857,636 901,636 946,636 991,636 1036,633 1080,636 1125,633 1170,633 1215,633"/><TextEquiv><Unicode>composé spécialement pour ce genre de travail; on l’é¬</Unicode></TextEquiv></TextLine><TextLine id="r_tl_7" custom="readingOrder {index:6;}"><Coords points="165,691 1218,698 1219,654 166,647"/><Baseline points="173,689 217,686 262,686 307,686 352,686 397,686 441,686 486,686 531,686 576,686 621,686 665,686 710,686 755,686 800,686 845,686 889,686 934,686 979,686 1024,686 1069,686 1113,686 1158,683 1203,686 1221,689"/><TextEquiv><Unicode>tend partout également à l’aide d’un pinceau, et l‘objet</Unicode></TextEquiv></TextLine><TextLine id="r_tl_8" custom="readingOrder {index:7;}"><Coords points="169,761 1208,750 1200,693 169,713"/><Baseline points="176,743 182,743 226,737 271,737 316,740 361,740 406,740 450,737 495,737 540,737 585,737 630,737 674,737 719,737 764,737 809,737 854,737 898,734 943,734 988,737 1033,734 1078,734 1122,734 1167,734 1212,740"/><TextEquiv><Unicode>présente tout à fait l’aspect du vieux chêne. Le</Unicode></TextEquiv></TextLine><TextLine id="r_tl_9" custom="readingOrder {index:8;}"><Coords points="165,816 1218,806 1218,746 165,765"/><Baseline points="173,791 191,788 235,791 280,791 325,791 370,791 415,788 459,788 504,788 549,785 594,785 639,785 683,785 728,785 773,785 818,785 863,785 907,785 952,785 997,785 1042,785 1086,785 1131,785 1176,788 1221,788"/><TextEquiv><Unicode>flacon de cette espèce de vernis coûte 2 fr. 75 c., et</Unicode></TextEquiv></TextLine><TextLine id="r_tl_10" custom="readingOrder {index:9;}"><Coords points="169,875 1212,858 1181,796 169,819"/><Baseline points="176,848 185,845 229,842 274,845 319,842 364,842 409,839 453,839 498,839 543,836 588,836 633,836 677,836 722,836 767,836 812,836 857,836 901,836 946,836 991,836 1036,836 1080,833 1125,836 1170,836 1215,839"/><TextEquiv><Unicode>peut servir pour une assez grande quantité de fleurs.</Unicode></TextEquiv></TextLine><TextEquiv><Unicode></Unicode></TextEquiv></TextRegion><TextRegion id="r_6" custom="readingOrder {index:2;} structure {type:heading;}"><Coords points="243,881 1133,881 1133,972 243,972"/><TextLine id="r_6_tl_1" custom="readingOrder {index:0;}"><Coords points="270,960 1114,950 1114,918 1050,902 270,908"/><Baseline points="277,946 310,943 355,940 400,940 444,940 489,940 534,940 579,940 624,940 668,940 713,940 758,940 803,940 848,940 892,940 937,940 982,940 1027,940 1072,943 1116,943"/><TextEquiv><Unicode>EXPLICATION DE LA GRAVURE DE MODES.</Unicode></TextEquiv></TextLine><TextEquiv><Unicode></Unicode></TextEquiv></TextRegion><TextRegion id="r_1" custom="readingOrder {index:3;} structure {type:paragraph;}"><Coords points="117,969 1243,969 1243,2036 117,2036"/><TextLine id="r_1_tl_1" custom="readingOrder {index:0;}"><Coords points="208,1065 1207,1063 1207,1018 1012,1010 932,967 513,973 377,1022 208,999"/><Baseline points="215,1048 223,1045 268,1045 313,1045 358,1045 403,1045 447,1045 492,1045 537,1045 582,1045 627,1045 671,1045 716,1045 761,1045 806,1045 851,1045 895,1048 940,1048 985,1045 1030,1045 1075,1045 1119,1045 1164,1045 1209,1045"/><TextEquiv><Unicode>Toilettes des eaux, costumes de visite et de prome¬</Unicode></TextEquiv></TextLine><TextLine id="r_1_tl_2" custom="readingOrder {index:1;}"><Coords points="162,1113 1212,1125 1212,1070 1145,1055 162,1077"/><Baseline points="170,1101 215,1098 259,1098 304,1098 349,1098 394,1098 438,1098 483,1098 528,1098 573,1098 618,1098 662,1098 707,1098 752,1098 797,1098 842,1098 886,1098 931,1098 976,1098 1021,1098 1066,1098 1110,1098 1155,1098 1200,1101 1215,1101"/><TextEquiv><Unicode>nade. — Robe de grenadine à petits carreaux satines;</Unicode></TextEquiv></TextLine><TextLine id="r_1_tl_3" custom="readingOrder {index:2;}"><Coords points="162,1167 1212,1165 1188,1113 162,1128"/><Baseline points="170,1152 215,1149 259,1149 304,1149 349,1149 394,1149 438,1149 483,1152 528,1149 573,1149 618,1149 662,1149 707,1149 752,1149 797,1152 842,1152 886,1152 931,1152 976,1149 1021,1149 1066,1149 1110,1149 1155,1149 1200,1149 1215,1155"/><TextEquiv><Unicode>au bord des quatre volants de la jupe est une bande</Unicode></TextEquiv></TextLine><TextLine id="r_1_tl_4" custom="readingOrder {index:3;}"><Coords points="162,1215 1212,1220 1203,1165 162,1167"/><Baseline points="170,1203 215,1200 259,1203 304,1203 349,1203 394,1203 438,1203 483,1203 528,1203 573,1203 618,1203 662,1203 707,1203 752,1203 797,1203 842,1203 886,1203 931,1203 976,1203 1021,1203 1066,1203 1110,1203 1155,1203 1200,1206 1215,1209"/><TextEquiv><Unicode>de taffetas chiné formant disposition ; le corsage sans</Unicode></TextEquiv></TextLine><TextLine id="r_1_tl_5" custom="readingOrder {index:4;}"><Coords points="160,1271 1203,1271 1203,1227 1153,1214 160,1214"/><Baseline points="167,1257 212,1254 256,1254 301,1254 346,1254 391,1254 435,1254 480,1254 525,1254 570,1257 615,1254 659,1254 704,1257 749,1254 794,1254 839,1254 883,1257 928,1254 973,1254 1018,1254 1063,1254 1107,1254 1152,1257 1197,1260 1206,1257"/><TextEquiv><Unicode>basques, faisant un peu la pointe devant et derrière</Unicode></TextEquiv></TextLine><TextLine id="r_1_tl_6" custom="readingOrder {index:5;}"><Coords points="169,1317 1208,1325 1198,1273 169,1281"/><Baseline points="176,1310 182,1307 226,1304 271,1304 316,1304 361,1304 406,1304 450,1304 495,1304 540,1307 585,1307 630,1307 674,1307 719,1307 764,1307 809,1307 854,1307 898,1307 943,1307 988,1307 1033,1307 1078,1307 1122,1307 1167,1307 1212,1307"/><TextEquiv><Unicode>est seulement orné d’un grand effilé posé en guise de</Unicode></TextEquiv></TextLine><TextLine id="r_1_tl_7" custom="readingOrder {index:6;}"><Coords points="162,1373 1206,1373 1206,1330 1155,1321 162,1322"/><Baseline points="170,1361 179,1358 223,1358 268,1358 313,1361 358,1358 403,1358 447,1358 492,1358 537,1361 582,1361 627,1361 671,1361 716,1358 761,1361 806,1361 851,1361 895,1361 940,1361 985,1361 1030,1361 1075,1358 1119,1358 1164,1358 1209,1358"/><TextEquiv><Unicode>berthe, carrément, par derrière, et en pointe par de¬</Unicode></TextEquiv></TextLine><TextLine id="r_1_tl_8" custom="readingOrder {index:7;}"><Coords points="165,1419 1206,1420 1206,1381 1145,1367 165,1373"/><Baseline points="173,1412 217,1409 262,1412 307,1412 352,1412 397,1412 441,1412 486,1412 531,1409 576,1412 621,1412 665,1412 710,1412 755,1412 800,1412 845,1412 889,1412 934,1409 979,1409 1024,1409 1069,1409 1113,1409 1158,1409 1203,1409 1209,1412"/><TextEquiv><Unicode>vant. Les manches sont composées d’un bouillonné</Unicode></TextEquiv></TextLine><TextLine id="r_1_tl_9" custom="readingOrder {index:8;}"><Coords points="162,1483 1212,1482 1188,1419 162,1426"/><Baseline points="170,1469 185,1463 229,1463 274,1463 319,1463 364,1463 409,1463 453,1463 498,1463 543,1463 588,1463 633,1463 677,1463 722,1463 767,1463 812,1463 857,1463 901,1463 946,1463 991,1460 1036,1463 1080,1460 1125,1460 1170,1460 1215,1463"/><TextEquiv><Unicode>posé sur un jokey, d’où s’échappe une large pagode,</Unicode></TextEquiv></TextLine><TextLine id="r_1_tl_10" custom="readingOrder {index:9;}"><Coords points="162,1528 1208,1528 1208,1487 1156,1471 162,1486"/><Baseline points="170,1513 182,1513 226,1511 271,1511 316,1511 361,1513 406,1511 450,1511 495,1511 540,1511 585,1511 630,1511 674,1511 719,1511 764,1511 809,1511 854,1511 898,1511 943,1511 988,1513 1033,1511 1078,1511 1122,1511 1167,1511 1212,1511"/><TextEquiv><Unicode>faisant le sabot; au bord de cette pagode, deux petits</Unicode></TextEquiv></TextLine><TextLine id="r_1_tl_11" custom="readingOrder {index:10;}"><Coords points="165,1584 1200,1572 1200,1524 165,1528"/><Baseline points="173,1567 217,1564 262,1564 307,1564 352,1564 397,1561 441,1561 486,1561 531,1561 576,1561 621,1561 665,1564 710,1564 755,1561 800,1564 845,1564 889,1564 934,1561 979,1561 1024,1564 1069,1564 1113,1564 1158,1564 1203,1564"/><TextEquiv><Unicode>volants assortis à ceux de la jupe. Je pense que tu re¬</Unicode></TextEquiv></TextLine><TextLine id="r_1_tl_12" custom="readingOrder {index:11;}"><Coords points="162,1628 1212,1645 1212,1592 1061,1573 162,1581"/><Baseline points="170,1618 215,1615 259,1615 304,1615 349,1615 394,1615 438,1615 483,1612 528,1615 573,1615 618,1615 662,1612 707,1615 752,1615 797,1612 842,1615 886,1615 931,1615 976,1615 1021,1615 1066,1615 1110,1618 1155,1615 1200,1621 1215,1618"/><TextEquiv><Unicode>connais dans cette forme de manches le patron que je</Unicode></TextEquiv></TextLine><TextLine id="r_1_tl_13" custom="readingOrder {index:12;}"><Coords points="157,1674 1203,1690 1172,1631 157,1627"/><Baseline points="164,1672 176,1672 220,1666 265,1666 310,1666 355,1666 400,1666 444,1666 489,1666 534,1666 579,1666 624,1666 668,1666 713,1666 758,1666 803,1666 848,1666 892,1666 937,1666 982,1666 1027,1666 1072,1666 1116,1666 1161,1669 1206,1666"/><TextEquiv><Unicode>t'ai envoyé le mois dernier. Notre planche de novem¬</Unicode></TextEquiv></TextLine><TextLine id="r_1_tl_14" custom="readingOrder {index:13;}"><Coords points="153,1739 1203,1736 1180,1679 153,1685"/><Baseline points="161,1720 206,1720 250,1720 295,1720 340,1720 385,1720 430,1720 474,1720 519,1720 564,1720 609,1720 653,1720 698,1720 743,1720 788,1720 833,1720 877,1720 922,1720 967,1720 1012,1720 1057,1720 1101,1720 1146,1720 1191,1720 1206,1726"/><TextEquiv><Unicode>bre te portera, je l'espère, quelque autre nouveauté de</Unicode></TextEquiv></TextLine><TextLine id="r_1_tl_15" custom="readingOrder {index:14;}"><Coords points="160,1788 1212,1792 1211,1744 158,1747"/><Baseline points="167,1773 212,1773 256,1773 301,1773 346,1770 391,1770 435,1773 480,1770 525,1770 570,1770 615,1770 659,1770 704,1773 749,1773 794,1770 839,1770 883,1770 928,1773 973,1773 1018,1773 1063,1773 1107,1773 1152,1773 1197,1776 1215,1779"/><TextEquiv><Unicode>ce genre. Le chapeau, qui accompagne cetteanté</Unicode></TextEquiv></TextLine><TextLine id="r_1_tl_16" custom="readingOrder {index:15;}"><Coords points="162,1854 1202,1839 1202,1792 1160,1781 162,1787"/><Baseline points="170,1827 173,1827 217,1824 262,1824 307,1824 352,1824 397,1824 441,1824 486,1824 531,1824 576,1824 621,1824 665,1824 710,1824 755,1824 800,1824 845,1824 889,1824 934,1824 979,1824 1024,1824 1069,1824 1113,1824 1158,1824 1203,1824"/><TextEquiv><Unicode>de jeune femme est en taffetas recouvert d'une déli¬</Unicode></TextEquiv></TextLine><TextLine id="r_1_tl_17" custom="readingOrder {index:16;}"><Coords points="160,1889 1193,1893 1161,1833 160,1853"/><Baseline points="167,1878 212,1878 256,1878 301,1875 346,1875 391,1875 435,1878 480,1875 525,1878 570,1875 615,1878 659,1875 704,1878 749,1878 794,1878 839,1878 883,1878 928,1878 973,1878 1018,1878 1063,1878 1107,1878 1152,1878 1197,1878"/><TextEquiv><Unicode>cate broderie au passé, avec un simple bouquet d’é</Unicode></TextEquiv></TextLine><TextLine id="r_1_tl_18" custom="readingOrder {index:17;}"><Coords points="162,1952 1208,1941 1191,1890 162,1902"/><Baseline points="170,1935 215,1929 259,1929 304,1929 349,1929 394,1929 438,1929 483,1929 528,1929 573,1929 618,1929 662,1929 707,1929 752,1929 797,1929 842,1929 886,1929 931,1929 976,1929 1021,1929 1066,1929 1110,1929 1155,1929 1200,1932 1212,1935"/><TextEquiv><Unicode>glantines sur l'un des côtés de la passe; les fleurs de</Unicode></TextEquiv></TextLine><TextLine id="r_1_tl_19" custom="readingOrder {index:18;}"><Coords points="162,2012 1239,2010 1238,1945 162,1963"/><Baseline points="170,1985 215,1982 259,1982 304,1982 349,1979 394,1982 438,1982 483,1979 528,1979 573,1982 618,1982 662,1982 707,1982 752,1982 797,1982 842,1982 886,1982 931,1982 976,1985 1021,1982 1066,1985 1110,1982 1155,1982 1200,1985 1243,1985"/><TextEquiv><Unicode>ce bouquet viennent s'unir à celles qui sont placées</Unicode></TextEquiv></TextLine><TextEquiv><Unicode></Unicode></TextEquiv></TextRegion><TextRegion id="r_2" custom="readingOrder {index:4;} structure {type:paragraph;}"><Coords points="1268,312 2420,298 2420,2029 1267,2029"/><TextLine id="r_2_tl_1" custom="readingOrder {index:0;}"><Coords points="1300,375 2349,403 2348,352 1783,346 1626,309 1298,330"/><Baseline points="1307,367 1352,364 1397,361 1442,361 1487,361 1531,361 1576,361 1621,361 1666,364 1711,367 1755,367 1800,370 1845,373 1890,373 1935,376 1979,376 2024,379 2069,379 2114,382 2159,382 2203,382 2248,385 2293,385 2338,385 2353,385"/><TextEquiv><Unicode>en dessous ; elles sont mêlées à des ruches de tulle</Unicode></TextEquiv></TextLine><TextLine id="r_2_tl_2" custom="readingOrder {index:1;}"><Coords points="1294,424 2352,455 2351,403 1293,381"/><Baseline points="1301,418 1346,415 1391,415 1436,415 1481,412 1525,412 1570,412 1615,412 1660,415 1705,415 1749,418 1794,421 1839,421 1884,424 1929,427 1973,427 2018,430 2063,432 2108,432 2153,432 2197,435 2242,435 2287,438 2332,438 2356,441"/><TextEquiv><Unicode>Illusion. Les manches et le col sont en guipure de</Unicode></TextEquiv></TextLine><TextLine id="r_2_tl_3" custom="readingOrder {index:2;}"><Coords points="1301,489 2353,503 2325,454 1300,428"/><Baseline points="1307,468 1352,468 1397,468 1442,468 1487,465 1531,465 1576,465 1621,465 1666,468 1711,468 1755,468 1800,471 1845,474 1890,474 1935,474 1979,477 2024,480 2069,480 2114,483 2159,486 2203,486 2248,486 2293,489 2338,492 2356,492"/><TextEquiv><Unicode>Venise. Les gants en peau glacée à doubles boutons.</Unicode></TextEquiv></TextLine><TextLine id="r_2_tl_4" custom="readingOrder {index:3;}"><Coords points="1337,533 2329,563 2352,514 1336,486"/><Baseline points="1343,525 1388,522 1433,522 1478,519 1522,519 1567,519 1612,519 1657,519 1702,519 1746,519 1791,519 1836,519 1881,522 1926,525 1970,528 2015,528 2060,531 2105,534 2150,537 2194,537 2239,540 2284,540 2329,540 2356,543"/><TextEquiv><Unicode>Laawoilette de la jeune fille se compose d'une jupe</Unicode></TextEquiv></TextLine><TextLine id="r_2_tl_5" custom="readingOrder {index:4;}"><Coords points="1294,588 2341,611 2340,561 2296,554 1294,544"/><Baseline points="1301,579 1346,579 1391,576 1436,576 1481,576 1525,573 1570,573 1615,573 1660,573 1705,573 1749,573 1794,573 1839,573 1884,573 1929,576 1973,576 2018,579 2063,582 2108,585 2153,588 2197,588 2242,591 2287,591 2332,597 2344,597"/><TextEquiv><Unicode>de piqué à mille raies, et d'une basquine impériale,</Unicode></TextEquiv></TextLine><TextLine id="r_2_tl_6" custom="readingOrder {index:5;}"><Coords points="1294,640 2340,655 2323,605 1931,585 1294,615"/><Baseline points="1301,633 1346,630 1391,630 1436,630 1481,630 1525,630 1570,630 1615,627 1660,627 1705,627 1749,627 1794,627 1839,627 1884,627 1929,627 1973,627 2018,630 2063,630 2108,633 2153,636 2197,639 2242,642 2287,642 2332,645 2344,645"/><TextEquiv><Unicode>sous la broderie à jours, est un transparent de taffe¬</Unicode></TextEquiv></TextLine><TextLine id="r_2_tl_7" custom="readingOrder {index:6;}"><Coords points="1300,693 2349,706 2328,654 1300,639"/><Baseline points="1307,683 1352,683 1397,683 1442,683 1487,683 1531,680 1576,680 1621,680 1666,680 1711,680 1755,680 1800,680 1845,677 1890,677 1935,680 1979,680 2024,680 2069,683 2114,683 2159,686 2203,689 2248,689 2293,692 2338,695 2353,695"/><TextEquiv><Unicode>tas. Elle est bordée de chaque côté par une rangée</Unicode></TextEquiv></TextLine><TextLine id="r_2_tl_8" custom="readingOrder {index:7;}"><Coords points="1294,748 2349,760 2349,710 2231,699 1294,698"/><Baseline points="1301,737 1346,734 1391,734 1436,734 1481,734 1525,734 1570,734 1615,734 1660,734 1705,734 1749,734 1794,734 1839,734 1884,731 1929,731 1973,731 2018,731 2063,734 2108,734 2153,734 2197,737 2242,740 2287,743 2332,743 2353,743"/><TextEquiv><Unicode>de boutons grelots en passementerie de coton. Le col</Unicode></TextEquiv></TextLine><TextLine id="r_2_tl_9" custom="readingOrder {index:8;}"><Coords points="1294,804 2347,799 2294,746 2121,740 1294,765"/><Baseline points="1301,788 1346,785 1391,785 1436,785 1481,785 1525,785 1570,788 1615,788 1660,788 1705,788 1749,788 1794,788 1839,788 1884,788 1929,788 1973,785 2018,785 2063,788 2108,785 2153,788 2197,788 2242,788 2287,791 2332,794 2350,794"/><TextEquiv><Unicode>et les manches sont en jaconas brodé au plumetis.</Unicode></TextEquiv></TextLine><TextLine id="r_2_tl_10" custom="readingOrder {index:9;}"><Coords points="1294,852 2337,858 2349,814 1293,803"/><Baseline points="1301,839 1346,836 1391,836 1436,836 1481,836 1525,839 1570,839 1615,839 1660,839 1705,842 1749,842 1794,842 1839,842 1884,842 1929,842 1973,842 2018,839 2063,839 2108,839 2153,839 2197,839 2242,839 2287,842 2332,842 2353,848"/><TextEquiv><Unicode>avec un simple feston au bord. Quelques fleurs en</Unicode></TextEquiv></TextLine><TextLine id="r_2_tl_11" custom="readingOrder {index:10;}"><Coords points="1294,902 2353,897 2353,852 1294,863"/><Baseline points="1301,889 1346,889 1391,889 1436,889 1481,889 1525,889 1570,892 1615,892 1660,892 1705,892 1749,895 1794,895 1839,895 1884,895 1929,895 1973,895 2018,892 2063,895 2108,895 2153,892 2197,892 2242,892 2287,895 2332,892 2356,892"/><TextEquiv><Unicode>chenille sont posées sur le nœud des cheveux et gar¬</Unicode></TextEquiv></TextLine><TextLine id="r_2_tl_12" custom="readingOrder {index:11;}"><Coords points="1294,956 2347,964 2355,905 1293,909"/><Baseline points="1301,940 1346,940 1391,940 1436,940 1481,940 1525,940 1570,940 1615,943 1660,943 1705,946 1749,946 1794,946 1839,946 1884,946 1929,946 1973,949 2018,949 2063,946 2108,949 2153,946 2197,946 2242,946 2287,946 2332,946 2359,946"/><TextEquiv><Unicode>nissent le vide que laisse le chapeau, mis très en</Unicode></TextEquiv></TextLine><TextLine id="r_2_tl_13" custom="readingOrder {index:12;}"><Coords points="1296,1006 2348,1020 2347,963 1294,963"/><Baseline points="1301,994 1346,991 1391,994 1436,991 1481,994 1525,991 1570,994 1615,994 1660,997 1705,997 1749,997 1794,997 1839,997 1884,997 1929,1000 1973,1000 2018,1000 2063,1000 2108,1003 2153,1003 2197,1000 2242,1000 2287,1000 2332,1003 2350,1003"/><TextEquiv><Unicode>avant sur le front; ce chapeau est en paille d’Italie</Unicode></TextEquiv></TextLine><TextLine id="r_2_tl_14" custom="readingOrder {index:13;}"><Coords points="1294,1061 2337,1074 2306,1010 1294,1018"/><Baseline points="1301,1048 1346,1045 1391,1045 1436,1045 1481,1045 1525,1045 1570,1045 1615,1048 1660,1048 1705,1048 1749,1048 1794,1048 1839,1051 1884,1051 1929,1051 1973,1051 2018,1054 2063,1054 2108,1054 2153,1054 2197,1054 2242,1054 2287,1054 2332,1054 2341,1057"/><TextEquiv><Unicode>avec un bouquet de rose et de longues herbes trai</Unicode></TextEquiv></TextLine><TextLine id="r_2_tl_15" custom="readingOrder {index:14;}"><Coords points="1294,1112 2347,1113 2337,1066 1294,1073"/><Baseline points="1301,1101 1346,1098 1391,1098 1436,1098 1481,1098 1525,1098 1570,1098 1615,1098 1660,1098 1705,1098 1749,1098 1794,1101 1839,1101 1884,1101 1929,1101 1973,1104 2018,1104 2063,1104 2108,1104 2153,1107 2197,1107 2242,1107 2287,1107 2332,1107 2350,1104"/><TextEquiv><Unicode>nantes; une petite dentelle borde les ailes, légère¬</Unicode></TextEquiv></TextLine><TextLine id="r_2_tl_16" custom="readingOrder {index:15;}"><Coords points="1297,1177 2337,1175 2337,1120 1297,1124"/><Baseline points="1304,1155 1349,1149 1394,1149 1439,1149 1484,1149 1528,1149 1573,1149 1618,1149 1663,1152 1708,1152 1752,1152 1797,1152 1842,1152 1887,1155 1932,1155 1976,1155 2021,1155 2066,1155 2111,1158 2156,1158 2200,1158 2245,1158 2290,1158 2335,1158 2341,1158"/><TextEquiv><Unicode>ment retroussées; en dessous, à la naissance des bri¬</Unicode></TextEquiv></TextLine><TextLine id="r_2_tl_17" custom="readingOrder {index:16;}"><Coords points="1297,1215 2349,1224 2348,1175 1296,1181"/><Baseline points="1304,1206 1349,1203 1394,1203 1439,1203 1484,1203 1528,1203 1573,1203 1618,1203 1663,1203 1708,1203 1752,1203 1797,1206 1842,1206 1887,1203 1932,1206 1976,1206 2021,1206 2066,1209 2111,1209 2156,1209 2200,1209 2245,1212 2290,1212 2335,1215 2353,1212"/><TextEquiv><Unicode>des, se trouvent, d’un côté un nœud de ruban, et</Unicode></TextEquiv></TextLine><TextLine id="r_2_tl_18" custom="readingOrder {index:17;}"><Coords points="1297,1273 2347,1278 2345,1224 1296,1216"/><Baseline points="1304,1257 1349,1257 1394,1257 1439,1257 1484,1257 1528,1257 1573,1257 1618,1257 1663,1257 1708,1257 1752,1257 1797,1257 1842,1257 1887,1260 1932,1260 1976,1260 2021,1260 2066,1260 2111,1260 2156,1260 2200,1263 2245,1263 2290,1263 2335,1266 2350,1266"/><TextEquiv><Unicode>de l’autre une touffe de fleurs. Ces chapeaux, contre</Unicode></TextEquiv></TextLine><TextLine id="r_2_tl_19" custom="readingOrder {index:18;}"><Coords points="1300,1320 2308,1332 2340,1285 1298,1271"/><Baseline points="1307,1307 1352,1307 1397,1307 1442,1307 1487,1307 1531,1307 1576,1307 1621,1307 1666,1307 1711,1307 1755,1307 1800,1310 1845,1310 1890,1310 1935,1310 1979,1310 2024,1310 2069,1313 2114,1313 2159,1313 2203,1313 2248,1313 2293,1313 2338,1313 2344,1316"/><TextEquiv><Unicode>fesquels on s’était généralement prononcé au com¬</Unicode></TextEquiv></TextLine><TextLine id="r_2_tl_20" custom="readingOrder {index:19;}"><Coords points="1294,1377 2349,1380 2349,1341 2247,1318 1294,1325"/><Baseline points="1301,1358 1346,1358 1391,1358 1436,1358 1481,1358 1525,1358 1570,1358 1615,1358 1660,1358 1705,1361 1749,1361 1794,1361 1839,1361 1884,1361 1929,1361 1973,1364 2018,1364 2063,1364 2108,1364 2153,1364 2197,1364 2242,1367 2287,1367 2332,1367 2353,1370"/><TextEquiv><Unicode>mencement de l’été, ont cependant été adoptés par</Unicode></TextEquiv></TextLine><TextLine id="r_2_tl_21" custom="readingOrder {index:20;}"><Coords points="1294,1431 2340,1434 2328,1376 1293,1376"/><Baseline points="1301,1412 1346,1409 1391,1409 1436,1409 1481,1409 1525,1406 1570,1409 1615,1409 1660,1409 1705,1409 1749,1409 1794,1409 1839,1412 1884,1412 1929,1412 1973,1415 2018,1412 2063,1415 2108,1415 2153,1415 2197,1415 2242,1418 2287,1418 2332,1418 2344,1421"/><TextEquiv><Unicode>les femmes les plus élégantes et du meilleur goût</Unicode></TextEquiv></TextLine><TextLine id="r_2_tl_22" custom="readingOrder {index:21;}"><Coords points="1300,1478 2204,1479 2204,1436 1300,1439"/><Baseline points="1307,1463 1352,1460 1397,1460 1442,1460 1487,1460 1531,1460 1576,1460 1621,1460 1666,1460 1711,1460 1755,1460 1800,1463 1845,1463 1890,1463 1935,1463 1979,1463 2024,1463 2069,1463 2114,1466 2159,1466 2203,1469 2206,1469"/><TextEquiv><Unicode>non à Paris, mais à la campagne et aux eaux.</Unicode></TextEquiv></TextLine><TextLine id="r_2_tl_23" custom="readingOrder {index:22;}"><Coords points="1336,1526 2359,1528 2359,1481 2253,1463 1336,1477"/><Baseline points="1343,1516 1388,1511 1433,1511 1478,1511 1522,1511 1567,1511 1612,1511 1657,1511 1702,1511 1746,1511 1791,1513 1836,1513 1881,1513 1926,1513 1970,1513 2015,1513 2060,1513 2105,1516 2150,1516 2194,1516 2239,1519 2284,1519 2329,1519 2362,1522"/><TextEquiv><Unicode>Au revoir, ma chérie; tâche donc que ce soit à</Unicode></TextEquiv></TextLine><TextLine id="r_2_tl_24" custom="readingOrder {index:23;}"><Coords points="1294,1579 2360,1579 2360,1534 2285,1529 1294,1528"/><Baseline points="1301,1567 1346,1564 1391,1564 1436,1564 1481,1564 1525,1564 1570,1564 1615,1564 1660,1564 1705,1564 1749,1564 1794,1564 1839,1564 1884,1564 1929,1564 1973,1564 2018,1564 2063,1564 2108,1567 2153,1567 2197,1567 2242,1567 2287,1570 2332,1570 2362,1570"/><TextEquiv><Unicode>bientôt! Si les moellons tout ruisselants de soleil au</Unicode></TextEquiv></TextLine><TextLine id="r_2_tl_25" custom="readingOrder {index:24;}"><Coords points="1297,1630 2359,1634 2359,1579 2306,1573 1297,1581"/><Baseline points="1304,1618 1349,1615 1394,1615 1439,1615 1484,1615 1528,1615 1573,1615 1618,1615 1663,1615 1708,1615 1752,1615 1797,1615 1842,1618 1887,1618 1932,1618 1976,1618 2021,1618 2066,1618 2111,1618 2156,1618 2200,1618 2245,1621 2290,1618 2335,1621 2362,1624"/><TextEquiv><Unicode>milieu desquels nous circulons, te font peur, nous</Unicode></TextEquiv></TextLine><TextLine id="r_2_tl_26" custom="readingOrder {index:25;}"><Coords points="1297,1681 2363,1694 2363,1638 2250,1624 1297,1637"/><Baseline points="1304,1672 1349,1669 1394,1669 1439,1669 1484,1669 1528,1669 1573,1669 1618,1669 1663,1669 1708,1669 1752,1669 1797,1669 1842,1669 1887,1669 1932,1672 1976,1669 2021,1669 2066,1672 2111,1672 2156,1672 2200,1672 2245,1672 2290,1672 2335,1672 2365,1675"/><TextEquiv><Unicode>irons nous confiner pour quinze jours dans quelqu'un</Unicode></TextEquiv></TextLine><TextLine id="r_2_tl_27" custom="readingOrder {index:26;}"><Coords points="1297,1745 2356,1736 2356,1688 1297,1692"/><Baseline points="1304,1723 1349,1720 1394,1723 1439,1720 1484,1720 1528,1720 1573,1720 1618,1720 1663,1723 1708,1723 1752,1723 1797,1723 1842,1723 1887,1723 1932,1723 1976,1723 2021,1723 2066,1723 2111,1726 2156,1723 2200,1726 2245,1726 2290,1726 2335,1726 2359,1726"/><TextEquiv><Unicode>des nids boisés qui abondent autour de Paris, et dont</Unicode></TextEquiv></TextLine><TextLine id="r_2_tl_28" custom="readingOrder {index:27;}"><Coords points="1294,1790 2360,1788 2360,1733 1294,1744"/><Baseline points="1301,1776 1346,1773 1391,1773 1436,1773 1481,1773 1525,1773 1570,1773 1615,1773 1660,1773 1705,1773 1749,1773 1794,1776 1839,1773 1884,1773 1929,1773 1973,1773 2018,1776 2063,1773 2108,1776 2153,1776 2197,1776 2242,1776 2287,1776 2332,1779 2362,1779"/><TextEquiv><Unicode>il ne faut pas faire fi, qu’on revienne de Suisse ou</Unicode></TextEquiv></TextLine><TextLine id="r_2_tl_29" custom="readingOrder {index:28;}"><Coords points="1287,1837 2194,1838 2194,1794 1287,1810"/><Baseline points="1295,1827 1340,1827 1385,1824 1430,1824 1475,1824 1519,1824 1564,1824 1609,1824 1654,1824 1699,1827 1743,1827 1788,1827 1833,1827 1878,1827 1923,1827 1967,1827 2012,1827 2057,1827 2102,1827 2147,1827 2191,1830 2197,1833"/><TextEquiv><Unicode>des Pyrénées ! entendez-vous, mademoiselle !</Unicode></TextEquiv></TextLine><TextLine id="r_2_tl_30" custom="readingOrder {index:29;}"><Coords points="1336,1885 2349,1896 2349,1835 1336,1847"/><Baseline points="1343,1881 1367,1878 1412,1878 1457,1878 1502,1878 1546,1878 1591,1878 1636,1878 1681,1878 1726,1878 1770,1878 1815,1878 1860,1881 1905,1881 1949,1881 1994,1881 2039,1881 2084,1881 2129,1881 2173,1881 2218,1881 2263,1881 2308,1881 2353,1878"/><TextEquiv><Unicode>Le mot du dernier rébus est : Mal pense qui ne re¬</Unicode></TextEquiv></TextLine><TextLine id="r_2_tl_31" custom="readingOrder {index:30;}"><Coords points="1302,1951 2359,1949 2359,1897 1302,1909"/><Baseline points="1310,1938 1331,1932 1376,1932 1421,1932 1466,1932 1511,1932 1555,1932 1600,1932 1645,1932 1690,1932 1734,1932 1779,1932 1824,1932 1869,1932 1914,1932 1958,1932 2003,1932 2048,1935 2093,1935 2138,1935 2182,1935 2227,1935 2272,1935 2317,1935 2362,1935"/><TextEquiv><Unicode>pense. Je te recommande cette maxime, en te priant</Unicode></TextEquiv></TextLine><TextLine id="r_2_tl_32" custom="readingOrder {index:31;}"><Coords points="1282,2004 2019,2003 2019,1957 1914,1943 1282,1941"/><Baseline points="1290,1985 1334,1985 1379,1985 1424,1985 1469,1985 1513,1985 1558,1985 1603,1985 1648,1985 1693,1985 1737,1985 1782,1985 1827,1985 1872,1985 1917,1985 1961,1985 2006,1985 2021,1988"/><TextEquiv><Unicode>de penser et de repenser à ton amie.</Unicode></TextEquiv></TextLine><TextEquiv><Unicode></Unicode></TextEquiv></TextRegion><TextRegion id="r_5" custom="readingOrder {index:5;} structure {type:heading;}"><Coords points="742,2323 1803,2323 1803,2601 742,2601"/><TextLine id="r_5_tl_1" custom="readingOrder {index:0;}"><Coords points="1026,2431 1062,2447 1106,2434 1265,2453 1385,2430 1479,2454 1478,2372 1388,2372 1357,2351 1244,2371 1223,2357 1026,2363"/><Baseline points="1033,2424 1078,2424 1122,2424 1167,2424 1212,2424 1257,2424 1301,2424 1346,2427 1391,2424 1436,2427 1481,2427"/><TextEquiv><Unicode>ÉPHÉMÉRIDES.</Unicode></TextEquiv></TextLine><TextLine id="r_5_tl_2" custom="readingOrder {index:1;}"><Coords points="792,2584 1030,2598 1267,2563 1730,2591 1730,2544 1632,2513 1310,2512 1232,2548 792,2501"/><Baseline points="800,2559 845,2559 889,2559 934,2559 979,2559 1024,2559 1069,2559 1113,2559 1158,2559 1203,2559 1248,2562 1293,2559 1337,2559 1382,2559 1427,2562 1472,2562 1516,2562 1561,2562 1606,2562 1651,2565 1696,2562 1734,2562"/><TextEquiv><Unicode>14 Septembre 1515. — Bataille de Marignan.</Unicode></TextEquiv></TextLine><TextEquiv><Unicode></Unicode></TextEquiv></TextRegion><TextRegion id="r_3" custom="readingOrder {index:6;} structure {type:paragraph;}"><Coords points="128,2684 1245,2684 1245,3391 128,3391"/><TextLine id="r_3_tl_1" custom="readingOrder {index:0;}"><Coords points="211,2776 1216,2782 1215,2732 209,2729"/><Baseline points="217,2765 262,2762 307,2762 352,2765 397,2765 441,2765 486,2765 531,2768 576,2768 621,2768 665,2768 710,2768 755,2768 800,2768 845,2768 889,2768 934,2768 979,2768 1024,2768 1069,2771 1113,2771 1158,2771 1203,2774 1218,2777"/><TextEquiv><Unicode>François 1er descendait de Valentine de Milan, et</Unicode></TextEquiv></TextLine><TextLine id="r_3_tl_2" custom="readingOrder {index:1;}"><Coords points="172,2823 1215,2837 1215,2796 1070,2780 172,2795"/><Baseline points="179,2815 223,2812 268,2812 313,2815 358,2815 403,2818 447,2818 492,2818 537,2821 582,2821 627,2821 671,2821 716,2821 761,2821 806,2821 851,2821 895,2821 940,2821 985,2821 1030,2821 1075,2821 1119,2821 1164,2821 1209,2824 1218,2821"/><TextEquiv><Unicode>avait sur le duché de ce nom les mêmes prétentions</Unicode></TextEquiv></TextLine><TextLine id="r_3_tl_3" custom="readingOrder {index:2;}"><Coords points="172,2886 1218,2885 1188,2838 172,2837"/><Baseline points="179,2863 223,2863 268,2863 313,2863 358,2866 403,2869 447,2869 492,2869 537,2872 582,2872 627,2872 671,2872 716,2875 761,2875 806,2875 851,2875 895,2875 940,2875 985,2875 1030,2875 1075,2875 1119,2875 1164,2875 1209,2878 1221,2878"/><TextEquiv><Unicode>que Louis XII. Dès le début de son regne, il porta la</Unicode></TextEquiv></TextLine><TextLine id="r_3_tl_4" custom="readingOrder {index:3;}"><Coords points="181,2937 1161,2952 1214,2900 180,2881"/><Baseline points="188,2920 232,2914 277,2914 322,2917 367,2917 412,2920 456,2920 501,2923 546,2923 591,2926 636,2926 680,2926 725,2926 770,2926 815,2926 860,2926 904,2926 949,2926 994,2926 1039,2926 1083,2926 1128,2926 1173,2926 1215,2932"/><TextEquiv><Unicode>guerre en Italie. Le duché de Milan était défendu par</Unicode></TextEquiv></TextLine><TextLine id="r_3_tl_5" custom="readingOrder {index:4;}"><Coords points="183,2974 1202,2998 1200,2947 181,2937"/><Baseline points="188,2968 232,2965 277,2965 322,2968 367,2968 412,2971 456,2971 501,2974 546,2977 591,2977 636,2977 680,2980 725,2980 770,2980 815,2980 860,2980 904,2980 949,2980 994,2980 1039,2980 1083,2980 1128,2980 1173,2980 1203,2980"/><TextEquiv><Unicode>des Suisses mercenaires, à la solde du duc Maximi¬</Unicode></TextEquiv></TextLine><TextLine id="r_3_tl_6" custom="readingOrder {index:5;}"><Coords points="177,3031 1212,3042 1167,2994 177,2980"/><Baseline points="185,3016 229,3016 274,3016 319,3019 364,3022 409,3022 453,3024 498,3024 543,3027 588,3027 633,3030 677,3030 722,3030 767,3030 812,3030 857,3030 901,3030 946,3030 991,3030 1036,3030 1080,3030 1125,3030 1170,3030 1215,3033"/><TextEquiv><Unicode>lien Sforza. Ces Suisses, qui croyaient garder tous les</Unicode></TextEquiv></TextLine><TextLine id="r_3_tl_7" custom="readingOrder {index:6;}"><Coords points="179,3077 1034,3112 1204,3093 1203,3042 655,3060 177,3026"/><Baseline points="185,3066 229,3063 274,3066 319,3066 364,3069 409,3072 453,3075 498,3078 543,3078 588,3078 633,3081 677,3081 722,3084 767,3081 812,3084 857,3084 901,3084 946,3084 991,3084 1036,3084 1080,3084 1125,3084 1170,3084 1206,3084"/><TextEquiv><Unicode>défilés des Alpes, apprirent avec surprise que Fran¬</Unicode></TextEquiv></TextLine><TextLine id="r_3_tl_8" custom="readingOrder {index:7;}"><Coords points="181,3141 1203,3147 1192,3096 180,3090"/><Baseline points="188,3117 232,3117 277,3117 322,3120 367,3120 412,3120 456,3123 501,3126 546,3129 591,3129 636,3132 680,3132 725,3132 770,3135 815,3135 860,3138 904,3138 949,3138 994,3138 1039,3138 1083,3138 1128,3138 1173,3138 1206,3141"/><TextEquiv><Unicode>çois ler avait débouché par la vallée de l’Argentière</Unicode></TextEquiv></TextLine><TextLine id="r_3_tl_9" custom="readingOrder {index:8;}"><Coords points="185,3183 1207,3203 1204,3145 184,3140"/><Baseline points="191,3168 235,3171 280,3168 325,3168 370,3171 415,3171 459,3174 504,3177 549,3180 594,3180 639,3183 683,3183 728,3186 773,3186 818,3186 863,3189 907,3189 952,3189 997,3189 1042,3192 1086,3192 1131,3192 1176,3192 1209,3192"/><TextEquiv><Unicode>et, tout en négociant, il s'avança jusqu'à Marignan.</Unicode></TextEquiv></TextLine><TextLine id="r_3_tl_10" custom="readingOrder {index:9;}"><Coords points="177,3233 1204,3268 1203,3219 1087,3202 176,3180"/><Baseline points="185,3222 229,3222 274,3219 319,3219 364,3219 409,3222 453,3222 498,3225 543,3228 588,3228 633,3231 677,3234 722,3234 767,3237 812,3237 857,3239 901,3239 946,3239 991,3242 1036,3242 1080,3242 1125,3242 1170,3242 1206,3248"/><TextEquiv><Unicode>Là, les Suisses vinrent fondre sur les Français avec</Unicode></TextEquiv></TextLine><TextLine id="r_3_tl_11" custom="readingOrder {index:10;}"><Coords points="183,3281 1203,3312 1202,3269 181,3234"/><Baseline points="188,3272 232,3269 277,3269 322,3272 367,3272 412,3272 456,3272 501,3275 546,3275 591,3278 636,3281 680,3281 725,3284 770,3287 815,3287 860,3287 904,3287 949,3290 994,3293 1039,3293 1083,3293 1128,3296 1173,3296 1206,3302"/><TextEquiv><Unicode>leurs piques de dix-huit pieds et leurs énormes épées</Unicode></TextEquiv></TextLine><TextLine id="r_3_tl_12" custom="readingOrder {index:11;}"><Coords points="183,3351 561,3336 1244,3391 1242,3308 181,3293"/><Baseline points="188,3320 232,3320 277,3320 322,3323 367,3323 412,3323 456,3326 501,3326 546,3329 591,3329 636,3332 680,3332 725,3335 770,3335 815,3338 860,3338 904,3341 949,3341 994,3344 1039,3344 1083,3344 1128,3347 1173,3347 1218,3353 1245,3353"/><TextEquiv><Unicode>sans artillerie, sans canalerie, et n'employant d'autre</Unicode></TextEquiv></TextLine><TextEquiv><Unicode></Unicode></TextEquiv></TextRegion><TextRegion id="r_4" custom="readingOrder {index:7;} structure {type:paragraph;}"><Coords points="1282,2691 2397,2691 2397,3378 1282,3378"/><TextLine id="r_4_tl_1" custom="readingOrder {index:0;}"><Coords points="1302,2787 2359,2792 2324,2728 1302,2739"/><Baseline points="1310,2774 1331,2768 1376,2771 1421,2768 1466,2771 1511,2771 1555,2771 1600,2771 1645,2771 1690,2771 1734,2771 1779,2771 1824,2771 1869,2771 1914,2771 1958,2771 2003,2771 2048,2771 2093,2771 2138,2771 2182,2768 2227,2768 2272,2768 2317,2771 2362,2771"/><TextEquiv><Unicode>art militaire que la force du corps. Ils soutinrent</Unicode></TextEquiv></TextLine><TextLine id="r_4_tl_2" custom="readingOrder {index:1;}"><Coords points="1300,2841 2349,2837 2332,2780 1300,2788"/><Baseline points="1307,2821 1352,2821 1397,2821 1442,2821 1487,2821 1531,2821 1576,2821 1621,2821 1666,2821 1711,2821 1755,2821 1800,2821 1845,2821 1890,2821 1935,2821 1979,2821 2024,2821 2069,2821 2114,2821 2159,2821 2203,2821 2248,2824 2293,2821 2338,2821 2353,2821"/><TextEquiv><Unicode>trente charges de ces grands chevaux de bataille, cou¬</Unicode></TextEquiv></TextLine><TextLine id="r_4_tl_3" custom="readingOrder {index:2;}"><Coords points="1300,2888 2349,2896 2349,2842 2204,2833 1300,2841"/><Baseline points="1307,2875 1322,2875 1367,2875 1412,2875 1457,2875 1502,2875 1546,2875 1591,2875 1636,2875 1681,2875 1726,2875 1770,2875 1815,2875 1860,2875 1905,2875 1949,2875 1994,2875 2039,2875 2084,2875 2129,2875 2173,2875 2218,2875 2263,2875 2308,2875 2353,2872"/><TextEquiv><Unicode>verts d’acier comme les hommes d‘armes qui les mon¬</Unicode></TextEquiv></TextLine><TextLine id="r_4_tl_4" custom="readingOrder {index:3;}"><Coords points="1300,2935 2359,2948 2359,2896 2274,2889 1300,2898"/><Baseline points="1307,2929 1352,2926 1397,2929 1442,2929 1487,2929 1531,2929 1576,2926 1621,2926 1666,2929 1711,2929 1755,2929 1800,2926 1845,2929 1890,2929 1935,2929 1979,2929 2024,2929 2069,2929 2114,2929 2159,2929 2203,2929 2248,2929 2293,2929 2338,2929 2362,2929"/><TextEquiv><Unicode>taient, et, le soir, ils étaient venus à bout de séparer</Unicode></TextEquiv></TextLine><TextLine id="r_4_tl_5" custom="readingOrder {index:4;}"><Coords points="1297,3006 2359,2995 2359,2947 2302,2940 1297,2943"/><Baseline points="1304,2983 1331,2980 1376,2980 1421,2980 1466,2980 1511,2980 1555,2980 1600,2980 1645,2980 1690,2980 1734,2980 1779,2980 1824,2980 1869,2980 1914,2980 1958,2983 2003,2980 2048,2983 2093,2983 2138,2983 2182,2980 2227,2980 2272,2980 2317,2980 2362,2980"/><TextEquiv><Unicode>les différents corps de l’armée française. Mais elle se</Unicode></TextEquiv></TextLine><TextLine id="r_4_tl_6" custom="readingOrder {index:5;}"><Coords points="1294,3041 2344,3047 2333,3000 1294,3005"/><Baseline points="1301,3033 1316,3033 1361,3030 1406,3033 1451,3033 1496,3030 1540,3030 1585,3033 1630,3033 1675,3033 1720,3033 1764,3036 1809,3036 1854,3036 1899,3036 1943,3036 1988,3036 2033,3036 2078,3033 2123,3036 2167,3033 2212,3033 2257,3030 2302,3030 2347,3027"/><TextEquiv><Unicode>rallia pendant la nuit, et, au lever du jour, le com¬</Unicode></TextEquiv></TextLine><TextLine id="r_4_tl_7" custom="readingOrder {index:6;}"><Coords points="1300,3098 2349,3093 2349,3050 2261,3039 1300,3047"/><Baseline points="1307,3087 1322,3084 1367,3084 1412,3087 1457,3084 1502,3087 1546,3087 1591,3087 1636,3087 1681,3087 1726,3087 1770,3087 1815,3087 1860,3090 1905,3087 1949,3087 1994,3087 2039,3087 2084,3087 2129,3084 2173,3084 2218,3084 2263,3081 2308,3081 2353,3081"/><TextEquiv><Unicode>bat recommença plus furieux que la veille. A dix</Unicode></TextEquiv></TextLine><TextLine id="r_4_tl_8" custom="readingOrder {index:7;}"><Coords points="1297,3150 2349,3150 2349,3103 2305,3090 1297,3097"/><Baseline points="1304,3141 1322,3138 1367,3138 1412,3138 1457,3141 1502,3138 1546,3138 1591,3141 1636,3141 1681,3141 1726,3141 1770,3141 1815,3141 1860,3141 1905,3141 1949,3141 1994,3141 2039,3138 2084,3138 2129,3135 2173,3135 2218,3132 2263,3129 2308,3129 2353,3129"/><TextEquiv><Unicode>heures, les Suisses se retirèrent, laissant dix mille des</Unicode></TextEquiv></TextLine><TextLine id="r_4_tl_9" custom="readingOrder {index:8;}"><Coords points="1293,3210 2337,3199 2337,3156 2276,3141 1294,3160"/><Baseline points="1301,3192 1310,3192 1355,3192 1400,3192 1445,3192 1490,3192 1534,3195 1579,3195 1624,3195 1669,3192 1714,3195 1758,3195 1803,3192 1848,3192 1893,3192 1938,3192 1982,3189 2027,3189 2072,3186 2117,3186 2161,3183 2206,3183 2251,3180 2296,3180 2341,3180"/><TextEquiv><Unicode>leurs sur le champ de bataille. Ce fut, dit un histo¬</Unicode></TextEquiv></TextLine><TextLine id="r_4_tl_10" custom="readingOrder {index:9;}"><Coords points="1294,3268 2344,3241 2312,3194 1294,3214"/><Baseline points="1301,3248 1316,3245 1361,3245 1406,3248 1451,3245 1496,3248 1540,3248 1585,3248 1630,3245 1675,3245 1720,3245 1764,3245 1809,3245 1854,3245 1899,3242 1943,3242 1988,3239 2033,3239 2078,3239 2123,3237 2167,3234 2212,3234 2257,3234 2302,3231 2347,3231"/><TextEquiv><Unicode>rien, un combat de géants, et la première grande vic¬</Unicode></TextEquiv></TextLine><TextLine id="r_4_tl_11" custom="readingOrder {index:10;}"><Coords points="1290,3319 2352,3301 2323,3245 1291,3268"/><Baseline points="1298,3299 1325,3299 1370,3299 1415,3299 1460,3299 1505,3299 1549,3302 1594,3299 1639,3299 1684,3299 1728,3296 1773,3296 1818,3293 1863,3293 1908,3293 1952,3290 1997,3290 2042,3287 2087,3287 2132,3287 2176,3284 2221,3284 2266,3284 2311,3284 2356,3284"/><TextEquiv><Unicode>toire gagnée par les Français depuis les défaites de</Unicode></TextEquiv></TextLine><TextLine id="r_4_tl_12" custom="readingOrder {index:11;}"><Coords points="1300,3359 1655,3379 1716,3352 1822,3382 1960,3354 1960,3313 1916,3304 1426,3331 1300,3313"/><Baseline points="1307,3353 1337,3350 1382,3353 1427,3353 1472,3353 1516,3353 1561,3350 1606,3350 1651,3350 1696,3347 1740,3347 1785,3344 1830,3344 1875,3341 1920,3341 1964,3341"/><TextEquiv><Unicode>Crécy, de Poitiers et d'Azincourt.</Unicode></TextEquiv></TextLine><TextEquiv><Unicode></Unicode></TextEquiv></TextRegion></Page></PcGts>