2822 3966
1551 71 1663 169 116
540 131 1562 240 Une porte latérale s’est ouverte. Une jeune fille pa¬
496 207 1557 286 raît, les yeux baissés. Elle ignorait qui pouvait de¬
491 275 1565 344 mander à la voir. Elle lève son regard et jette un cri,
502 335 1565 379 un de ces cris de joie et de tendresse qui doivent faire
491 373 911 450 tressaillir les anges :
543 417 1562 491 «Mon père !.. mon bon père!.. c’est vous! Oh!
496 469 1565 556 J’avais raison d’écouter mes pressentiments. Mon
502 551 1565 603 cœur me disait que vous reviendriez, que vons me
499 581 1554 646 seriez rendu. Que je suis heureuse !.. c’est vous,
504 632 1559 706 enfin! Vous resterez, n’est-ce pas? Vous ne repartirez
496 692 1183 761 pas? Nous ne serons plus séparés?
594 733 1559 807 Non, mon enfant. Mais laisse-moi donc te con¬
499 793 1559 859 templer. Quelle différence ! Quand j’ai dû quitter la
499 848 1562 924 France pour aller habiter Malte, tu n’avais que dix
488 900 613 960 ans...
581 946 1557 1036 — Et maintenant, mon père, j’en ai vingt-cinq. Je
480 1001 1118 1063 commence à me faire vieille. »
521 1044 1554 1118 De Favray ne put s’empêcher de sourire devant
485 1101 1156 1167 cette vieillesse rose et charmante.
589 1156 1557 1230 Que dirais-je donc de moi qui marche vers la
483 1197 728 1281 soixantaine“
586 1270 1551 1344 Je l’ignore; mais si vous avez besoin de soins,
485 1309 1216 1401 les miens ne vous manqueront pas.
592 1374 1549 1437 Eh quoi! Félicité, voudrais-tu te consacrer à
480 1393 1549 1491 moi, et n’étoufferais-tu pas, dans mon intérêt, une
488 1472 894 1543 pensée plus élevée?
575 1527 796 1595 Laquelle?
529 1559 1336 1641 — Celle de te vouer au service de Dieu?
518 1630 1543 1701 — Dieu m’a dicté la reconnaissance envers mon
480 1663 1543 1758 bienfaiteur, et c’est la reconnaissance qui me fait un
480 1737 1546 1813 devoir de remplir mon rôle de fille dévouée, mainte¬
472 1769 1543 1887 nant que mon père est revenu. Ah! je vous atten¬
480 1832 616 1897 dais. »
518 1859 1532 1960 Les yeux de Favray se mouillèrent de douces larmes
518 1947 1549 2017 « Que de choses vous aurez à me raconter! reprit
474 1996 1543 2064 Félicité. Et vos ouvrages, que j’aurai de plaisir à les
477 2056 1529 2129 voir! Quand vous peindrez, je vous tiendrai compa-
477 2099 1546 2189 gnie avec mon travail; et quand vous serez las, je
480 2140 984 2219 vous jouerai du clavecin.
575 2189 1529 2301 Allons, dit gaiement le chevalier, nous recom-
466 2241 796 2315 mençons la vie.
507 2301 1535 2388 Ils s’installèrent dans l’ancien logis, qui, par hasard,
458 2345 1540 2432 se trouvait inoccupé. Le chevalier croyait reprendre
458 2405 1535 2489 son passé avec ses habitudes. Il n’y avait que la fidèle
472 2454 1535 2535 Geneviève qui manquât : Genevièye n’existait plus. Le
469 2519 1535 2590 meilleur accueil fut fait à M. de Favray par le duc de
469 2560 1524 2653 Choiseul, alors premier ministre. Le duc insista beau¬
469 2625 1535 2696 coup pour obtenir le tableau de la Visite des dames
461 2669 1538 2748 maltaises, dont il avait entendu parler avec de grands
461 2715 1538 2841 éloges par Drouais, Oudry, Joseph Vernet, Vien et
466 2767 932 2838 Doyen. L’artiste refusa.
493 2827 1535 2950 « Ce n’est pas un tableau, dit-il, monseigneur,
455 2860 1009 2942 c’est un souvenir religieux.
562 2928 1535 3013 Vous repoussez mes offres, dit le ministre avec
455 2974 1519 3100 une grâce exquise; mais j’espère que vous me per-
1641 155 2699 305 mettrez de vous faire nommer membre de l’Académie.
1647 229 2075 305 royale de peinture. »
1688 281 2704 376 Dans sa modestie, le chevalier hésitait; mais il
1647 333 2702 428 songea au plaisir que cette nomination causerait à
1644 382 2094 455 Félicité, et il accepta.
1690 436 2702 526 Bien des années se passèrent encore dans le cercle
1636 483 2702 583 d’une existence simple, calme et occupée. Le souffle
1638 537 2702 632 de 1789 commença à agiter les esprits : on était à la
1644 600 2702 684 veille d’une révolution qui ébraṅla le monde, et le
1638 665 2702 742 chevalier avait atteint quatre-vingt-trois ans. Félicité
1630 712 2694 785 n’était plus la fraîche pensionnaire des bénédictines :
1633 766 2702 840 c’était maintenant la femme grave et âgée aussi, mais
1630 802 2688 891 toujours dévouée, toujours simple et consacrée au de¬
1636 859 2694 943 voir. Les épreuves étaient arrivées. Félicité sentit
1636 908 2704 995 qu’elle s’en allait de la vie, et qu’une toux opiniâtre
1630 962 2696 1050 usait ses forces suprêmes. Le chevalier sentit que la
1633 1014 2696 1096 lumière quittait peu à peu ses yeux; accablé double¬
1633 1069 2688 1150 ment, car sa compagne lui serait retirée, et sans
1636 1120 2688 1205 doute aussi il perdrait son unique plaisir, la possibi¬
1628 1172 2704 1249 lité de peindre. Ces tristes prévisions se réalisèrent
1633 1235 2696 1309 presque à une date fixe. Quand le dernier moment
1628 1287 2696 1363 fut venu pour Félicité, cette digne fille fit venir
1630 1333 2685 1418 M. Greuze, qui s’était montré le meilleur ami du che¬
1630 1377 1772 1448 valier.
1668 1439 2696 1519 « Bientôt, lui dit-elle, M. de Favray sera bien seul ;
1622 1491 2696 1568 J’ose le recommander à vos bons soins; vous avez des
1622 1557 2696 1625 enfants : puisse votre excellente famille me continuer
1622 1606 2699 1666 auprès de mon protecteur... — Cher père, je vous
1622 1652 2699 1723 remercie encore une fois des sacrifices que vous avez
1611 1696 2702 1778 faits pour moi, de la tendresse si touchante que vous
1622 1761 2688 1824 avez accordée à l’orpheline... Cette séparation ne sera
1630 1816 2691 1884 pas aussi longue que la première. Prenez courage,
1617 1865 2694 1933 ménagez votre vue, pensez à moi... Et ne nous disons
1625 1914 2584 1987 pas adieu, puisque nous devons être réunis!.. »
1663 1968 2696 2031 Par une grâce céleste, le chevalier conserva l’usage
1614 2023 2688 2094 de ses yeux tant qu’il put les fixer sur le doux visage
1614 2064 2694 2135 de Félicité. Quand tout fut consommé, le peintre
1617 2113 2691 2197 éprouva un instant de vertige, s’assit dans son grand
1608 2176 2465 2238 fauteuil avec le secours de Greuze, et dit :
1658 2219 2050 2298 « Je suis aveugle. »
1649 2282 2685 2361 Greuze jeta un cri d’effroi. Mais de Favray était
1614 2323 1761 2394 calme.
1652 2366 2696 2454 « J’y étais résigné d’avance. Je n’ai plus besoin de
1608 2426 2674 2508 rien voir, à présent qu’il m’est interdit de voir Féli-
1611 2500 2674 2560 cité. Ecoutez, ami. Jusqu’à ce jour j’avais voulu con-
1608 2552 2683 2609 server le tableau qui m’a été demandé tant de fois, et
1614 2595 2683 2661 qui peut après moi être placé au Louvre. Le moment
1608 2653 2685 2710 est arrivé où je dois me détacher de toutes choses...
1600 2696 2683 2770 Prenez ce tableau, emportez-le ; je vous le confie. Je
1603 2745 2680 2822 n’ai plus besoin des images visibles : désormais je ne
1608 2797 2320 2860 vivrai plus qu’avec des souvenirs. »
1647 2854 2680 2925 Trois mois après, le vœu de Félicité se réalisait.
1606 2909 2683 2977 Antoine avait guidé sur la terre sa fille adoptive : la
1595 2963 2685 3064 fille adoptive montrait à son père le chemin du ciel.
2137 3013 2574 3092 ALFRED DES ESSARTS.
1014 3152 2118 3331 LES AMES PRISONNIÈRES
1279 3304 1859 3443 CONTE SEMI-FANTASTIQUE.
1581 3451 2666 3552 bord de la mer, et sa population se compose exclusi¬
1603 3541 2672 3596 vement de pêcheurs. Presque tous sont pauvres, ne
485 3539 2674 3686 Le village de Tenburg, en Hollande, est situé sur le vivant que de leur périlleuse industrie, à laquelle ils,
