2822 3966
1572 110 1669 199 74
555 200 1569 274 Pendant trois mois entiers, il visita ces archipels,
511 263 1573 323 nommés depuis les îles Lucayes, il parcourut l'île
514 313 1573 369 d'Hispaniola, ou Saint-Domingue; il se fit aimer de
515 366 1573 421 ces populations timides, il lia amitié avec les caciques,
511 410 1563 471 il leur apprit à désirer son retour, et dans le mois de
511 465 1564 538 janvier 1493, il mit à la voile pour l’Espagne, en em¬
520 514 1561 581 portant les produits de ces terres nouvelles, et en em¬
516 565 1556 632 menant sept insulaires qui s’étaient attachés à lui. Il
518 630 1564 680 essuya une terrible tempête, pendant laquelle il traça
511 676 1557 734 à la hâte sur un parchemin l’histoire de sa décou¬
518 728 1557 786 verte, enveloppa cet écrit dans une autre feuille
511 775 1557 842 adressée à la reine de Castille et l’enferma dans un
520 832 1552 892 gâteau de cire qu’il jeta à la mer. Mais Dieu lui ré¬
507 888 1557 938 servait la souveraine consolation d’annoncer lui¬
507 931 1555 991 même à Isabelle et à l’Espagne qu’il venait de les
502 982 1058 1048 doter d’un nouveau monde.
543 1035 1556 1097 Quand, après une traversée terrible, les caravelles
496 1081 1552 1140 arrivèrent en vue de Palos, la surprise et l’allégresse
506 1139 1553 1199 publique éclatèrent de la manière la plus touchante.
503 1191 1549 1251 On reçut Colomb avec les mêmes honneurs qu’on au¬
503 1243 1557 1300 rait rendus à un roi; on ne pouvait pas se lasser de
496 1296 1549 1356 regarder ces hommes qui revenaient d’au delà la mer
494 1345 1549 1400 ténébreuse, qui avaient vu ce que les autres hommes
500 1400 1545 1453 n’avaient ni vu, ni pressenti; qui avaient affronté tant
499 1447 1549 1504 de dangers et assisté à de si grands spectacles. Toute
496 1495 1545 1556 l’Espagne était émue, et les rois attendaient à leur
500 1548 1545 1608 tour celui dont le génie leur avait donné un empire
496 1604 1545 1662 sans qu’il en coûtat une goutte de sang. Il fut invité
494 1644 1545 1710 à se rendre à Barcelona, où était la cour. Les peuples
488 1703 1542 1766 accouraient sur son passage et s’émerveillaient à la
488 1757 1540 1815 vue du héros et du cortége dont il était environné. En
491 1807 1536 1871 tête de ce cortège, on voyait l’étendard de l‘expédi¬
491 1847 1537 1919 tion, suivi d’un grand nombre de matelots, qui por¬
490 1903 1545 1968 taient des branches d’arbres inconnus, des fruits, des
490 1962 1540 2023 roseaux gigantesques, des fougères arborescentes, du
487 2012 1542 2084 coton brut, des cocos, du gingembre; d’autres étaient
488 2067 1537 2121 chargés de couronnes, de bracelet» d’or, de conques
483 2106 1536 2181 superbes, de lances, d’épées en bois de fer, d'arcs et
488 2165 1537 2226 de fleches sans acier. On portait, et on menait des
482 2226 1534 2284 animaux inconnus, les uns empaillés, les autres vi¬
488 2272 1522 2334 vants ; le peuple s’extasiait à la vue des flamants cou-
484 2307 1540 2386 leur de rose, de perroquets au brillant plumage, qui
476 2358 1532 2442 jasaient en langue barbare, et il s’effrayait à l’aspect
476 2433 1521 2489 des alligators, des serpents, des iguanes qui sem¬
471 2472 1532 2550 blaient vivants encore. Sept Indiens, parés de leurs
479 2528 1532 2603 ornements nationaux, peints en blanc et en rouge,
475 2582 1534 2653 précédaient l’état-major et attiraient tous les yeux.
475 2637 1529 2704 Arrivait enfin l’amiral, dans le costume de ses digni-
479 2674 1532 2754 tés, montant un cheval qu’il maniait avec aisance.
475 2721 1524 2818 Derrière lui, ses trois écuyers s’efforçaient de contenir
471 2776 1529 2860 la fouie ardente à se précipiter sur ses pas. A tout
463 2846 1534 2913 instant, étourdis et presque effrayés de la bruyante
471 2880 1537 2975 curiosité qu’ils excitaient, les Indiens regardaient
468 2940 1528 3035 leur protecteur l’amiral, dont le sourire rassurait leur
471 2987 651 3055 faiblesse.
514 3045 1522 3117 « L’histoire l’a constaté : ce n’était pas surtout pour
477 3096 1524 3184 voir les Indiens et les choses étonnantes, portées à
475 3149 1522 3234 découvert dans leur cortége, que se formait cette af¬
468 3195 1516 3271 fluence : une curiosité plus noble justifiait cet empres-
468 3251 1524 3340 sement. Chacun voulait contempler l’amiral, graver
468 3301 1525 3393 dans sa mémoire les traits de l’homme favorisé du
463 3350 1526 3440 ciel, qui avait franchi la mer ténébreuse et reculé les
461 3392 1518 3503 bornes connues de la terre. Tous les bras s’agitaient,
461 3452 1517 3558 tous les frontes se découvraient à son approche; les
455 3495 1518 3609 mères le montraient à leurs jeunes enfants et priaient
463 3565 1510 3670 pour lui. Il s’avançait ainsi à petites journées, com¬
1640 161 2699 288 blé de marques d’admiration et d‘enthousiasme, rece¬
1655 256 2701 335 vant les applaudissements et les bénédiction des foules.
1647 307 2681 380 Les rois lui préparèrent aussi une réception inouïe.
1691 372 2696 433 » Le 15 avril, jour où Colomb devait entrer à Bar-
1651 406 2705 491 celone, une grande partie des habitants allèrent à sa
1646 465 2689 538 rencontre : l’élite de la jeunesse les précédait à che-
1647 527 2708 593 val; une députation de la cour l’attendait en dehors
1647 577 2705 644 des portes de la ville. Dans le palais des rois, par une
1640 633 2705 697 nouvelle disposition, la vaste salle des cérémonies
1640 676 2708 748 avait été agrandie, rendue accessible à la vue du
1642 742 2705 797 peuple et splendidement décorée. Sous un magnifique
1636 779 2696 853 dais de brocart d’or étaient élevés deux trônes, et
1638 840 2697 903 tout auprès, posé un peu en avant, un riche fauteuil.
1635 880 2696 959 Les rois, ceints de leur couronne, revêtus de tous les
1635 943 2691 1007 attributs de la souveraineté, étaient sur les trônes;
1635 982 2695 1058 les grands officiers des deux maisons royales, les di¬
1639 1050 2692 1116 gnitaires d'Aragon et de Castille, les prélats, les
1638 1093 2699 1168 dames, les ricos-hombres remplissaient l’enceinte ; au
1636 1140 2695 1215 dehors on entendait le frémissement indescriptible de
1635 1192 2688 1257 la multitude; les étroites rues de Barcelona regor¬
1628 1250 2695 1310 gaient d’une foule impatiente de yoir. Peu à peu, cet
1627 1300 2689 1369 immense bourdonnement grandit, va croissant et se
1630 1345 2684 1428 change en retentissantes acclamations, dont les ac¬
1631 1406 2284 1459 cents arrivent à l’oreille des rois.
1670 1453 2687 1522 » Les cris animés de la foule et le retour des sei-
1631 1516 2697 1571 gneurs envoyés aux portes de la ville annoncèrent
1626 1557 2693 1624 l’arrivée du cortége. On vit bientôt entrer, entouré
1631 1608 2691 1678 des officiers de l’expédition, l‘étendard royal, si heu-
1622 1669 2677 1730 reusement ramené de l’autre bord de l'Océan. On ad¬
1622 1722 2695 1783 mirait les hommes au teint hâlé qui l’avaient suivi
1622 1760 2688 1840 à travers tant de péril. La curiosité couvait du regard
1627 1812 2687 1884 les objets inconnus rapportés de ce monde nouveau;
1630 1867 2682 1937 les plantes, les animaux vivants et conservés, et sur-
1623 1925 2691 1994 tout les Indiens timides, coloriés de leur plus belle
1615 1954 1756 2033 façon.
1662 2017 2687 2084 » Colomb parut enfin, aussi simple, ausi modeste
1615 2066 2695 2151 dans la magnificence de son costume, que lorsqu’il
1623 2135 2682 2190 s’éloignait des murs de Santa-Fé. En apercevant le ré¬
1624 2178 2687 2247 vélateur du Nouveau-Monde, par un élan subit, les
1616 2225 2684 2299 deux rois firent un mouvement en avant comme
1622 2292 2681 2345 pour aller vers lui, et lui tendirent gracieusement les
1616 2339 2688 2408 mains. Colomb allait, en signe d’hommage, fléchir le
1616 2391 2681 2456 genou pour baiser leurs mains royales, mais Isabelle
1615 2442 2681 2512 et Ferdinand ne le souffrirent pas : — Don Christophe
1615 2499 2673 2562 Colomb, dit Isabelle, couvrez-vous devant vos rois;
1620 2547 2685 2606 asseyez-vous près d’eux. Asseyez¬vous, amiral de
1620 2597 2665 2660 l’Océan et vice-roi du Nouveau-Monde ! Les yeux bril-
1611 2645 2676 2707 lants de joie, d’attendrissement et d‘admiration, la
1611 2705 2676 2760 reine ne s’assit qu’après que, sur son ordre, Colomb
1611 2762 2677 2814 se fût couvert comme un grand d’Espagne et se fû
1614 2807 2665 2864 assis le premier dans le fauteuil qu’on avait placé de¬
1616 2858 2672 2923 vant le trône. Quand ils l’eurent obligeamment com¬
1616 2913 2674 2978 plimenté, les rois l’invitèrent à leur faire le récit de
1614 2963 1950 3034 sa découverte.»
1652 3016 2677 3075 ... Colomb parla, avec l’éloquence de sa grande
1604 3073 2672 3130 âme, et quand il eut décrit ces contrées magnifiques,
1616 3122 2665 3181 cette nature opulente qu’il avait découverte, quand il
1607 3185 2668 3240 eut parlé de ces peuples simples et bons que le zèle
1604 3239 2661 3287 des rois catholiques allait faire participer aux bien-
1604 3283 2665 3333 faits de la rédemption, quand il eut fait passer dans
1603 3333 2660 3381 tous les cœurs l’émotion et l‘espoir du sien, par un
1604 3385 2660 3446 irrésistible entraînement, le roi, la reine, la cour, le
1611 3439 2658 3499 peuple, se jetant à genoux, levant les mains au ciel,
1599 3486 2657 3548 louèrent Dieu et versèrent des larmes de joie. Au
1596 3546 2658 3607 même instant retentit le chant de la victoire, le triom-
1599 3600 2650 3662 phal Te Deum, entonné par les choristes de la cha¬
