2822 3966
1480 143 1660 247 — 186
1213 472 2008 713 Correspondance.
461 904 2719 1006 PLANCHE VI. — 4, Col — 2, Sachet à mouchoir — 3, Mouchoir— 4, Dessin pour bas de robe d'enfant — 5, Palme pour
545 977 2719 1053 cravate — 5 bis, Petite garniture — 6, Ecusson avec les lettres T. R. — 6 bis, Dessin pour mettre au-dessus d'un
551 1039 2713 1107 ourlet — 7, Écusson avec J. L. — 3, Boutonnière — 9, A. D. D enlacés — 10, Paméla — 11, O. B. enlaces — 12, Ju-
548 1090 2708 1166 liette — 13, N. P.— 14, M. A. enlacés — 15, A. L. — 16, Croix pour missel— 17, S. A . — 18, P. L, D. — 19, H. R.
548 1138 2716 1222 20, J. L. — 21, R. L, — 22, Col de petite fille — 23, Mouchoir — 24, Mouchoir simple — 25, Écran de mains
542 1191 2716 1275 25 bis, L. C. — 26, Ecusson avec N. B. — 27, Idem avec C. M. — 28, Idemn avec Nelly — 29, Clémence — 30, Blanche
559 1258 2710 1343 — 31, Élodie — 32, Elise — 33, F. S.— 34, A. T.— 35, J. G. — 36, Entre-deux — 37, G. R. — 38, G M. — 39, C. S.
545 1306 2710 1390 40, A. L. — 41, Dessin, galon et soutache — 41 bis, Entre-deux—42, Dessen pour mouchoir — 43, Idem — 44 et 45, Gar¬
548 1376 2713 1444 nitures — 46, Semé — 47, 48 et 49, Festons — 50, 51 et 52, Patron d’une blouse VIOLETRA pour petit garçon de trois
545 1416 2710 1505 à quatre ans — 53, 54 et 55, Patron d’une manche de robe double pagode — 56, Corbeille — 57, Robèche — 58, Sac à
545 1472 2710 1573 tabac — 59 et 60, Col et manche à bouillons — 61 à 66, Diverses figures des jours point d’Alençon expliqués plus bas.
579 1528 1545 1609 La petite édition finit au numéro 21 inclusivement.
503 1741 1545 1828 Et ceci s’appelle une lune rousse !... car, tu le sais,
461 1778 1548 1879 toute lune qui commence en avril, fût-ce le 30, est
452 1857 1539 1932 réputée rousse, quels que soient, d’ailleurs, les hori¬
461 1910 1545 1986 zons bleus qu’elle nous tienne en réserve; ceci peut
458 1952 1542 2031 s’ajouter au chapitre des injustices humaines. Toi,
461 2019 1545 2081 chère Florence, dont le ciel est toujours pur, tu ne te
461 2070 1545 2135 trouves plus à la hauteur de nos transports, vis-à-vis
458 2109 1542 2191 du beau temps; tel est l’inconvénient de l‘éternel
461 2168 1550 2241 bien-être. En France, nous sommes favorisés, sous ce
458 2222 1542 2295 rapport ; l’extrême variabilité de notre cher clinat
461 2278 1539 2351 nous tient sans cesse en haleine ; aussi, que d’actions
458 2334 1536 2396 de grâce pour un rayon ! Toi, tu es le riche, qui ne
455 2376 1536 2455 saurait apprécier les bhurses pleines, n’en ayant ja¬
449 2444 1539 2517 mais connu d’autres; nous sommes les pauvres, nous,
458 2486 1539 2562 pour lesquels la moindre menue monnaie a son prix !
500 2539 1536 2609 Du reste, il semble que la pureté de notre atmos¬
458 2592 1539 2663 phère soit une politesse de plus à ajouter à celles
452 2657 1542 2724 dont S. A. I. le grand-duc Constantin se voit l’objet,
447 2694 1542 2778 non pas que la Russie jouisse des brumes de l’humide
444 2753 1542 2837 Angleterre ; à Saint-Pétersbourg, en ce moment, les
444 2803 1528 2879 doux zéphirs et le blond Phoabus règnent sans par¬
444 2865 1534 2932 tage, et si ce n'était la fonte des glaces, qui trans¬
444 2915 1545 2986 forme les rues et les places en autant de lacs, très¬
441 2969 1536 3039 peu limpides, hélas! on se croirait à Paris ; mais en¬
441 3031 1542 3092 fin, quelque peu privé du printemps que soit le grand
444 3078 1545 3146 duc, il n’en est pas moins agréable pour lui de le
441 3126 1536 3199 rencontrer partout à son poste ; cela double la valeur
444 3182 1528 3261 des différents spectacles qui lui sont offerts; suppo¬
444 3247 1539 3312 sons, en effet, les outres célestes crevant, sans dire
449 3289 1536 3365 gare, sur les quatre-vingt-dix mille hommes de toute
444 3354 1525 3427 arme qui, dans l'éclat, les uns de leurs corselets d'a¬
452 3390 1534 3480 cier et de leurs casques d'or, les autres de leur vê¬
452 3441 1534 3547 tements pittoresques, tous de leur irréprochable te¬
444 3494 1534 3601 nue, ont manœuvré l'autre jour au champ de Mars,
449 3550 1326 3643 cela eût bien quelque peu dérangé la fête.
483 3604 1542 3694 A propos de la revue, lorsqu'au retour le cortége a
435 3651 1525 3769 traversé le jardin des Tuileries pour rentrer au pa¬
1626 1747 2716 1840 lais, dans la foule qui formait une haie compacte des
1635 1826 2716 1882 deux côtés de la grande allée, j'ai entendu commettre
1626 1862 2713 1949 une singulière méprise : en différents groupes on se
1626 1927 2710 1994 montrait un militaire russe, tout de blanc habillé,
1626 1986 2708 2048 casque d’argent à aigle d‘or en tête, comme le grand¬
1626 2034 2699 2104 duc Constantin lui-même, tandis que ce dernier, d’ap
1629 2090 2716 2146 parence beaucoup moins éclatante, chevauchait dans
1621 2143 2713 2202 son continue d’amiral, telle est sa qualité, costume
1621 2188 2713 2250 qu’égayait seulement le grand cordon de la Légion
1623 2247 2719 2306 d'honneur, don impérial de S. M. au grand duc. Mais
1626 2300 2719 2359 voilà, on aime à reconnaître la puissance dans la
1621 2342 2713 2410 beauté physique et la force, les rayonnements divins
1621 2407 2713 2466 de l'âme et de l'intelligence ne brillant qu'aux yeux
1623 2455 2702 2519 d’un petit nombre des élus! Ce militaire, fort remar¬
1623 2508 2705 2570 quable, il est vrai, que la foule acclamait : Prince!
1621 2564 2713 2629 était simplement un officier des gardes de l'empereur
1621 2618 2702 2685 Alexandre II, formant, avec quelques autres échan¬
1621 2663 2713 2727 tillons des cadres russes, une suite splendide au grand
1626 2719 2713 2781 duc, suite dans laquelle on regretteit que l’élégant
1621 2781 2705 2837 uniforme rouge et le petit casque à fines mailles d’a¬
1621 2826 2716 2890 cier des Circassiens ne brillât pas. C'est que, sous le
1615 2890 2710 2946 rapport des uniformes variés et de bon goût, les
1623 2938 2719 2997 troupes russes, assure-t-on, n’ont rien à envier aux
1621 2977 2713 3081 nôtres, soit dit sans porter atteinte aux mérites res¬
1621 3033 2143 3112 pectifs des deux armées.
1666 3087 2705 3157 Courses, revues, concerts, spectacles de toutes sor¬
1612 3151 2694 3219 tes, depuis Moïse jusqu'à Psyché, depui Molière jus
1621 3205 2708 3264 qu’à madame Rosati, chasse en costume Louis XIII
1615 3255 2708 3317 dans la magnifique forêt de Fontainebleau, tout a été
1621 3312 2708 3373 gracieusement accueilli par le prince, qui n'a pas été
1615 3368 2699 3421 sans se dire, à part lui, que si, sur le champ de ba¬
1618 3415 2710 3477 taille, nous étions de rudes jouteurs, en temps de
1623 3469 2649 3539 paix nous nous montrions de bien aimables hôtes.
1663 3519 2705 3592 Cependant, ne fais pas au grand-duc l'injustice de
1615 3578 2694 3663 croire qu'assister à des défilés, courre le cerf, applau¬
1615 3635 2694 3699 dir à une Psyché dont la beauté n'eût jamais été rê¬
1615 3682 2708 3789 vée par aucun Praxitèle des temps anciens, soient
