2840 4318
1229 199 1334 300 83
164 265 1224 360 La maçonnerie est faite selon le petit appareil,
123 350 1226 407 comme disent les antiquaires, c’est-à-dire avec trois
120 400 1229 467 rangs alternatifs de moellons régulièrement taillés et
121 450 354 518 de briques.
169 488 1224 573 On voit encore dans les murs les trous qui conte¬
110 574 1225 643 naient les conduits des eaux et les riches qui renfer¬
110 620 578 687 maient les baignoires.
164 654 1225 746 D’autres salles attenantes existent encore, mais ne
117 730 1224 789 sont pas ouvertes au public ; c’est le tepidarium ou
123 782 1222 842 salle des bains chauds, et deux petites pièces. L’une
117 838 1224 896 de ces pièces s’élève au-dessus d’un caveau et n’en est
112 900 1221 951 séparée que par une voûte plate sans voussures ni
114 946 1224 1015 arêtes, et dont toute la force réside dans la cohésion
118 994 351 1065 du ciment.
162 1038 1221 1125 Jusques en 1820, un jardin planté de grands arbres
112 1111 1221 1179 a subsisté sur les voûtes des Thermes. Dans la salle
110 1157 1221 1236 dite tepidarium, on trouve encore les traces de l’hy¬
116 1229 1221 1289 pocaustum, sorte de calorifère construit en briques,
117 1275 1221 1341 qui servait pour le chauffage des bains, et souvent
118 1332 860 1397 aussi pour celui des appartements.
166 1374 1226 1444 M. du Sommerard, auquel nous devons en partie la
120 1437 1224 1501 conservation de ces débris, et qui est le fondateur du
112 1495 1225 1553 musée de Cluny, a trouvé la trace des conduits des
120 1546 1220 1601 eaux, et décrit, par inductions, leur système de distri¬
106 1601 620 1668 bution et d’écoulement.
159 1652 1218 1717 Depuis le quinzième siècle, ces salles sombres et
116 1720 1221 1781 majestueuses et quelques ramifications souterraines,
117 1770 1221 1830 sont les seuls restes du palais des Thermes de Julien.
118 1819 1224 1887 Jusqu’à la fin du siècle dernier, elles demeurèrent la
130 1880 1225 1941 propriété de l’ordre de Cluny; mais, vendues alors à vil
131 1935 1225 1996 prix comme bien du clergé et propriété nationale,
127 1990 1226 2057 elles passèrent successivement en plusieurs mains;
125 2047 1224 2107 c’était un tonnelier qui avait établi son atelier dans la
124 2095 1210 2151 grande salle, quand un décret impérial, daté de sep¬
130 2151 1210 2216 tembre 1807, fit don de ces ruines à l’hospice de Cha¬
123 2204 290 2262 renton.
164 2258 1220 2321 Aujourd’hui ces salles, vendues par l’hospital
123 2309 1215 2382 ville de Paris, et données par la Ville à l’État pour y
120 2368 1213 2429 établir un musée annexé à celui de Cluny, renfer¬
112 2415 997 2474 ment des antiquités gauloises et romaines.
167 2470 1233 2546 Comme nous l’avons dit plus haut, on n’ouvre plus
110 2534 1226 2604 au public que la grande salle, qui semble un spacieux
120 2585 1221 2643 souterrain; çà et là, sur le sol, sont dispersés des cer¬
117 2637 1221 2701 cueils celliques, des fûts de colonnes, des tronçons de
120 2694 1224 2754 statues ; c’est comme une vaste tombe où les siècles
130 2751 1224 2807 passés ont laissé de rares épaves. La principale entrée
117 2801 1224 2863 est rue de la Harpe; mais on y arrive généralement
127 2860 1221 2917 par l’abbaye de Cluny, dont nous nous occuperons
118 2906 704 2976 dans notre prochain article.
159 2967 1221 3027 En 1848, cette salle sombre, aux voûtes immenses,
112 3022 1226 3080 aux murailles nues, sur lesquelles les savants seuls
117 3073 1221 3137 lisent le testament d’une civilisation disparue, subit
120 3128 1220 3201 une dernière et rapide transformation. On y rétablit,
106 3185 1224 3242 de nom au moins, l’ancien club des Jacobins. Je me
120 3227 1224 3305 souviens d’avoir assisté, un soir, à l’une des rares
120 3300 1218 3356 séances qui y furent tenues, et j’ai gardé de ce sou¬
125 3335 1228 3411 venir une impression en même temps pittoresque et
132 3385 333 3459 profonde.
1360 276 2414 399 On entrait par la rue de la Harpe. Une lanterne
1318 357 2410 454 fumeuse, suspendue à la grille, éclairait juste assez
1330 408 2407 506 pour montrer les ténèbres. On distinguait à peine l’en¬
1318 474 2403 566 trée des caveaux. Des étudiants et des gamins de Paris,
1313 521 2407 615 erraient autour des pierres renversées, ou s’assevaient
1313 580 2406 669 sur des cercueils. Au fond de la grande salle, la
1317 648 2400 725 porte qui communique avec le préau de l’hôtel Cluny
1314 690 2411 755 était condamnée. A son lieu et place, s’élevait le bu¬
1317 754 2420 822 reau du club. Ce bureau, sorte de tréteau bâti à la
1310 793 2414 877 hâte avec des planches de sapin, s’élevait à une grande
1310 842 2414 923 hauteur. On y montait par des échelles qui partaient
1314 898 2403 970 du sol pour venir se rejoindre à douze pieds au¬
1314 953 2406 1043 dessus. Une première planche, couverte d’une nappe
1313 1020 2418 1090 de calicot rouge, s’étendait entre les échelles aux
1310 1056 2414 1147 deux tiers environ de l’échafaudage. C’était le pupitre
1305 1115 2406 1206 des secrétaires, du président, et la tribune aux ha-
1305 1181 2407 1254 rangues. Le président occupait seul le sommet du
1305 1233 2406 1314 tréteau. Sur sa planche drapée de rouge, il avait, je
1314 1285 2401 1364 crois, un pistolet ou un poignard comme signe de
1317 1338 1791 1404 puissance et d’autorité.
1360 1380 2408 1465 Une seule lampe, suspendue à la voûte, jetait une
1299 1440 2414 1512 lueur vacillante autour de la crypte, et à travers la
1312 1500 2407 1576 pénombre, on voyait une foule de gens assis sur des
1302 1560 2410 1632 bancs, sur des pierres, partout. Les uns gesticulaient
1309 1613 2411 1674 et se coupaient la parole; les autres, et c’était le plus
1312 1660 2411 1741 grand nombre, regardaient la scène avec étonnement
1305 1727 2403 1790 ou curiosité. Trois ou quatre discoureurs, toujours les
1306 1777 2406 1837 mêmes, montaient tour à tour à la tribune pour se
1306 1841 2400 1901 contredire. Les autres écoutaient, bâillaient ou haus¬
1306 1890 2400 1948 saient les épaules. En masse, l’assemblée était com¬
1314 1943 2393 2011 posée d’étudiants qui jouaient à la terreur, de ba-
1306 1996 2393 2060 vards qui plaçaient leurs discours quand même,
1302 2053 2403 2107 et de curieux qui passaient là leur soirée, comme ils
1302 2098 2102 2160 l’auraient passée au café ou au théâtre.
1353 2156 2393 2229 Un Allemand qui ne comprenait guère le français,
1306 2210 2387 2263 m’accompagnait; il me dit en sortant: — Che ne gom-
1299 2268 2199 2319 brends bas la gométie, mais le técor est pien.
1348 2308 2396 2383 Cette triste parodie dura peu. Maintenant le frigi¬
1309 2376 2401 2433 darium de Julien est rendu à sa destination logique.
1306 2435 2400 2495 Allez le voir, quand vous voudrez rapporter d’une
1312 2481 2400 2545 promenade une impression grandiose et profonde.
1309 2534 2401 2597 Sous ces voûtes, sous cec arcades dépouillées, vous
1312 2591 2390 2648 verrez repasser en imagination quinze siècles de sou¬
1309 2648 2387 2700 venirs. D’abord les césars romains, oppresseurs des
1306 2689 2396 2754 Gaulois, avec leurs légions, leurs esclaves, et tout le
1306 2744 2392 2810 cortége de leur puissance ; puis les rois francs, pau¬
1306 2803 2393 2864 vres sires, traînés dans des chaos à bœufs, mais éle¬
1306 2856 2392 2920 vés sur le pavois par d’innombrables hordes de Bar¬
1309 2912 2401 2974 bares; puis les empereurs d’Occident, Charlemagne
1309 2966 2401 3029 et ses successeurs, quand ils habitèrent Paris; puis
1306 3015 2396 3077 les barons féodaux; puis des moines en prière, des
1314 3069 2393 3135 princes faisant pénitence, au temps des abbés de
1309 3123 2394 3186 Cluny; puis un tonnelier rabotant ses planches; puís
1302 3186 2396 3254 un club républicain; puis rien !... ou peut-être,
1302 3239 2385 3317 une procession de fantômes en quête de leurs cer¬
1307 3292 1454 3376 cueils.
1950 3314 2279 3401 CLAUDE VIGNON.
1016 3606 1511 3713 Enigme Historique.
180 3770 1232 3833 Quel est le vieillard, revêtu de la première dignité
130 3824 1229 3896 de son pays, qui, exaspéré par une plaisanterie, poussé
1307 3745 2396 3826 au désespoir, voulut changer le gouvernement de sa
1312 3822 2176 3905 patrie, et expia sa révolte sur l’échafaud?
