2959 4075
1651 88 1786 171 204
589 165 1665 243 chel, folle de désespoir... Yssachar ! Benjamin! mes
593 222 1668 282 fils bien-aimés!... Oh ! ne craignez rien... je vous dé¬
593 273 1672 350 fendrai contre le chiaoux, contre les Français, conte
598 335 1550 392 des Arabes... je vous défendrai contre tous!... »
643 393 1672 442 Et la pauvre mère, les cheveux épars, les vêtements
593 439 1674 506 en lambeaux, hurlant de douleur et de rage, courut
595 490 1661 551 comme une insensée de la place de la Brèche jusqu'à
595 544 1660 610 celle du Gouvernement. Ceux qui passaient auprès
594 598 1663 666 d'elle la regardaient avec surprise; les Juifs s'arrê¬
613 663 1665 719 jaient pour se questionner entre eux, les Arabes con¬
593 704 1664 765 tinuaient gravement leur route, ne trouvant pas de
595 755 1664 823 leur dignité d’homme de s’émouvoir pour les cris et
593 816 1663 875 les sanglots d'une femme. Ni les uns ni les autres ne
595 871 1659 929 témoignaient aucune compasion pour cette pauvre
593 915 1653 976 créature. Une sœur de charité remontait alors l'esca¬
583 970 1661 1025 lier qui conduit de la porte de l’Église à la place du
590 1025 1660 1076 Gouvernement ; elle arriva juste au moment où la
586 1076 1663 1132 Juive, épuisée de fatigue et de douleur, tombait
576 1124 1659 1187 affaissée sur elle-même à la porte du magasin de
578 1175 1656 1237 M. R..., où elle avait aperçu quelquefois ses deux fils.
618 1240 1655 1290 «Qu’as-tu, pauvre femme? dit la sœur, en mauvais
575 1287 1653 1344 arabe, mais avec un accent plein de douceur et de
580 1339 1651 1402 bienveillance, à la Juive qui se tordait à terre comme
578 1390 963 1462 un serpent mutilé.
673 1417 1649 1519 Ils m’ont dit qu’on allait tuer mes enfants! bal¬
580 1497 1644 1566 butia-t-elle au milieu des sanglots... Mes enfants!
580 1549 1651 1621 mon seul trésor... Yssachar! Benjamin ! où êtes-vous?
666 1602 1649 1670 - Ah ! pauvre infortunée ! s'écria la sœur qui avait
571 1656 1641 1724 appris de madame R... elle-même le malheureux ré¬
566 1703 1644 1767 sultat de la plainte portée contre les deux frères.
571 1766 1641 1826 Pauvre infortunée... ne peux-tu donc rien pour eux?
655 1824 1638 1892 Rends-moi mes fils! rends-mois mes filS! criait
563 1853 1017 1922 Rachel avec désespoir.
660 1891 1644 1981 Que ne puis-je te les rendre en effet ! s'écria la
563 1980 1637 2043 religieuse en serrant dans ses bras, en pressant sur
566 2019 1637 2110 son cœur la malheureuse mère qu’elle venait de re¬
560 2079 674 2144 lever.
604 2099 1638 2203 Pendant quelques minutes la chrétienne et la Juive,
556 2178 1634 2246 la jeune vierge consacrée au Seigneur et la femme
563 2239 1641 2293 méprisée et abandonnée de tous confondirent leurs
555 2285 1432 2344 larmes; puis la sœur dit d’une voix émue :
606 2340 1626 2409 « Tente un dernier effort, pauvre créature; viens,
553 2399 1637 2458 allons trouver le général, lui seul peut accorder la
556 2455 1629 2505 grâce de ton fils, et peut-être se laissera-t-il fléchir
556 2498 1179 2567 par le désespoir d'une mère. »
590 2535 1628 2612 Rachel cessa tout à coup ses gémissements et ses
553 2609 1623 2679 cris, elle réfléchit un instant, étourdie, presque hé¬
548 2657 1621 2740 bétée, comme une personne qui se réveille au milieu
544 2706 1062 2771 d’un cauchemar terrible.
593 2763 1621 2833 « Qui que tu sois, dit-elle enfin, ange ou mortelle,
540 2812 1618 2896 sois bénie pour la compasion que tu me témoignes !
538 2870 1621 2953 Je suivrai ton conseil, j’embrasserai les genoux du
534 2919 719 2995 général.
636 2955 1619 3052 Hâte-toi donc, dit la sœur, en la conduisant à la
528 3031 1619 3111 porte du palais, car la nuit approche et le temps
534 3087 719 3151 presse. »
570 3138 1611 3208 La sentinelle laissa passer les deux femmes, elles
538 3194 1617 3270 pénétrèrent sans difficulté dans la grande galerie la¬
529 3248 1611 3319 térale aux jardins. Un homme de bonne mine, le
533 3294 1614 3364 front ceint d'un turban de mousseline blanche, le
534 3358 1619 3418 corps enveloppé d’un manteau rouge, s’y promenait
532 3408 1600 3487 paisiblement, la main appuyée sur son large cime¬
524 3461 1611 3530 terre. La Juive tressaillit à son aspect, car cet homme
522 3498 1610 3618 à l'air grave et presque majestueux, n'était autre que
517 3553 778 3625 le bourreau.
563 3627 1610 3739 « Pouvons-nous parler au général? demanda la
1754 165 2821 267 sœur à un domestique en livrée qui descendait en ce
1754 225 2345 302 moment de l'étage supérieur.
1846 278 2624 340 Le général n'est pas encore de retour.
1801 343 2824 408 — 0 mon Dieu !... il serait si nécessaire que nous
1759 392 2824 449 pissions le voir aujourd'hui même ! s'écria la reli¬
1759 438 2822 503 gieuse presque aussi tremblante que la Juive. On m'a¬
1752 503 2650 563 vait assuré qu'il devait revenir aujourd'hui.
1801 542 2818 614 — Si ma sœur veut attendre ici, elle en est la maî¬
1751 587 2822 678 tresse, dit le domestique en lui offrant un escabeau
1756 654 2813 730 de bois qu’il alla chercher dans une des salles basses.
1748 701 2820 774 Il est possible que le général rentre de bonne heure
1751 765 2818 845 ce soir, car il doit repartir demain matin pour El¬
1748 811 1944 879 Arrough.
1789 867 2812 929 — Il ne faut pas manquer cette occasion unique, »
1744 917 2809 985 dit la religieuse en s’asseyant et en prenant son chapelet
1748 974 2814 1033 à la main, pour calmer par la prière l'agitation de son
1741 1020 2812 1089 âme. Mais en vain roula-t-elle entre ses doigts les
1751 1078 2812 1151 grains du saint rosaire, en vain prononça-t-elle à voix
1741 1135 2812 1214 basse la salutation angélique, son esprit ne pouvait se
1741 1188 2802 1259 détourner un seul instant du but de sa démarche,
1737 1237 2809 1301 ses yeux et ses oreilles demeuraient constamment aux
1736 1293 2813 1363 aguets; le frôlement des branches d’arbre agitées par
1736 1348 2809 1400 le vent, le moindre bruit de pas dans ces grandes ga¬
1736 1400 2813 1467 leries ouvertes à tant de gens, la faisaient tressaillir
1729 1451 2806 1526 d’espérance et de crainte. Quant à la malheureuse
1728 1512 2799 1571 Juive, accroupie sur les dalles de marbre, la tête ca¬
1729 1557 2809 1614 chée entre ses mains, ensevelie dans cet affaissement
1729 1611 2806 1661 des facultés intellectuelles qui suit presque toujours
1729 1667 2809 1717 les inses violentes, une espèce de somnolence s’était
1736 1717 2809 1788 emparée de ses sens, l’excès de la fatigue faisait trêve
1729 1766 2170 1836 à celui de la douleur.
1778 1813 2801 1877 Cependant les minutes, les heures s’écoulèrent, et
1722 1870 2802 1948 le général n’arrivait point. Sœur Alphonsine vit avec
1727 1931 2797 1996 effroi la nuit confondre dans une teinte grisâtre les
1735 1986 2793 2059 peintures aux vives couleurs qui décorent les murs,
1724 2036 2794 2090 les fleurs et la verdure du jardin; puis, la lune s'éle¬
1736 2090 2799 2146 vant peu à peu, éclaira de nouveau tous ces objets de
1722 2148 2795 2211 sa douce et triste lumière, prêtant aux galeries de
1717 2196 2784 2247 marbre, aux larges arcades, l’aspect magique d’une
1717 2241 2794 2316 décoration de théâtre. Alors la cloche de la prière
1717 2299 2794 2354 tinta pour la dernière fois, annonçant l’heure du
1717 2356 2794 2407 repos. La religieuse comprenait que ses compagnes
1712 2399 2797 2471 étaient en peine sur son compte, car le règlement la
1712 2459 2791 2519 rappelait depuis longtemps à l'hospice; mais pouvait¬
1712 2510 2784 2581 elle abandonner cette pauvre femme dont le salut dé¬
1716 2562 2685 2632 pendait peut-être de quelques minutes d’attente?
1754 2615 2784 2680 Dans ce moment un bruit de voix et de pas se fit
1712 2672 2772 2729 entendre au loin, sœur Alphonsine se leva spontané¬
1706 2717 2784 2791 ment, pensant que l’arrivée du général pouvait seule
1706 2772 2783 2840 occasionner ce mouvement... Hélas ! c’étaient des
1709 2832 2779 2882 soldats du poste voisin venant relever les senti¬
1709 2885 2779 2946 nelles. Le caporal qui commandait cette petite
1709 2935 2787 3005 troupe s'approcha des deux femmes, les regarda avec
1699 2988 2784 3060 surprise et les engagea à se retirer, parce qu’on allait
1702 3047 2786 3114 fermer la porte. Ces paroles furent répétées en arabe
1705 3100 2778 3160 par un interprète; cependant la Juive demeura im¬
1699 3160 2776 3212 nobile et comme privée d’intelligence. Alors sœur
1702 3210 2772 3269 Alphonsine la prit doucement par le bras, et, le cœur
1702 3266 2772 3323 gros de soupirs et de desquets, l’entraîna au couvent,
1697 3321 2776 3384 où la pauvre mère passa une de ces nuits affreuses
1694 3369 2779 3441 dont chaque minute compte dans la vie comme un
1697 3426 2208 3498 temps incommensorable.
2211 3532 2293 3599 VI
1735 3620 2767 3728 Le lendemain, au point du jour, la religieuse et la
