2897 4318
1266 253 1391 345 243.
205 340 1280 421 redoublaient leurs cris de rage, auxquels se mêlaient
204 393 784 466 les imprécations des soldats.
253 457 1280 512 „ Alors un coup de pistolet retentit au milieu de la
205 510 1281 575 foule et devint le signal du massiencre, je vis les sabres
207 559 1280 628 se lever et le sang couler à grands flots, j'entendis les
207 612 1278 692 plaintes des victimes, les râlements de l’agonie, et,
200 667 1266 736 saisi d’horreur et d‘effroi, je demeurai quelques in¬
207 712 1267 789 stants immobile comme dans un de ces affreux cau¬
205 758 1278 837 chemars où on fait de vains efforts pour crier ou pour
200 821 1271 885 s'enfuir. Un léger mouvement de la pauvre petite
205 869 1274 938 créature que je portais dans mes bras me rendit le
202 933 1274 989 sentiment du devoir que je venais de m’imposer; alors
200 966 1262 1051 je m’éloignai à grands pas de cette épouvantable bou¬
196 1032 1267 1096 cherie, je traversai la ville aussi vite que si j’eusse été
191 1078 1264 1158 poursuivi par des assassin, j’arrivai haletant à notre
191 1138 1264 1221 demeure, je déposai la petite fille sur les genoux de
186 1184 866 1257 ma mère et je tombai évanoui. »
237 1235 1258 1306 M. Gervais s’arrêta à ces mots, passa la main sur
189 1285 1262 1359 son front comme pour en chasser ces funestes images
186 1342 970 1414 et demeura plongé dans ses souvenirs.
234 1397 1251 1458 « Et qu'est devenue l’enfant que vous avez sauvée?
184 1439 1255 1524 lui dis-je après avoir respecté quelque temps son si¬
186 1490 308 1561 lence.
1404 349 2434 460 — Hélas ! me répondit-il avec un profond soupir,
1347 386 2443 513 la pauvre petite fit pendant sept ans toute notre joie,
1358 458 2434 573 tant elle était mignonne; je l'aimais comme une
1349 517 2428 614 soeur, ma mère la chérissait comme sa propre fille.
1349 568 2436 673 D'abord elle fut longtemps malade, se ressentant sans
1352 625 2427 727 doute du mauvais lait que lui avait donné sa mère au
1349 680 2430 766 milieu de tant de fatigues et d’inquiétudes; mais à
1354 742 2416 823 force de soins et d’amour nous la rendîmes à la santé;
1351 786 2430 867 elle était grande et forte pour son âge, gazouillant du
1349 843 2428 927 matin au soir comme une petite faurette, lorsqu’une
1352 885 2425 974 fièvre maligne nous l’enleva en trois jours, au mo¬
1345 956 2427 1030 ment où nous n’avions plus qu’une crainte à son
1343 1004 2425 1076 sujet, celle d’être obligés par conscience de la rendre
1349 1053 2427 1140 tôt ou tard à ses parents, si nous venions à les décou¬
1356 1104 2425 1204 vrir. Pauvre Henriette! son souvenir n'est jamais
1340 1149 1844 1223 sorti de ma mémoire! »
1388 1207 2416 1304 Je crus voir une larme rouler dans les yeux du
1343 1266 2416 1343 vieillard, je lui tendis la main qu'il serra fortement,
1338 1315 2423 1407 et l'ayant remercié avec effusion, je pris congé de
1338 1354 2420 1462 lui, toute occupée de ces drames terribles dont nos
1336 1423 2168 1492 pères ont été les acteurs ou les témoins.
1765 1489 2271 1572 Comtesse DE LA ROCHÈRE.
573 1835 1997 2011 LETTRE SUR LE SALON DE 1857
209 2030 1237 2154 Nous n’avons point ici, mesdemoiselles, à discuter
177 2117 1234 2198 les questions d’école, à mettre en parallèle la ligne
172 2181 1243 2257 et la couleur et à draper en héros M. Delacroix ou
170 2223 1237 2312 M. Ingres pour les exciter ensuite à la bataille par
173 2276 1237 2363 des injures. — Rien ne nous oblige à parler de
161 2328 1228 2420 M. Courbet, le long de trois ou quatre colonnes, pour
161 2386 1232 2462 lui bâtir un piédestal croulant, avec quelques éloges
170 2436 1232 2524 exagérés et quantité de moqueries. — Non. — Vous
158 2497 1225 2566 n’exigez point non plus, je pense, que je profite de
159 2535 1230 2630 l'occasion pour attaquer Horace Vernet ou Paul De¬
161 2591 1228 2678 laroche, comme c’est la mode aujourd’hui, — ni
156 2660 1228 2736 pour faire de la philosophie et de l’esthétique à la
154 2705 1046 2782 manière de Winkelmann, etc. Tant mieux!
205 2752 1230 2828 Oh! la belle liberté et la bonne affaire! J’ai fait
156 2816 1234 2885 depuis quelques années six ou sept SALONS qui
156 2853 1225 2942 n’avaient pas moins d’une trentaine d‘articles chacun;
211 2920 1225 2991 eh! bien! je gage que cette courte lettre, où je
170 2963 1218 3044 vais vous conter mes impressions en peu de mots,
161 3007 904 3092 vaudra presque mon volume annuel.
209 3064 1211 3147 Vous savez, au moins par les journaux, que l’expo¬
158 3128 1216 3205 sition de peinture s'étale cette fois dans les galeries
161 3168 1080 3257 du palais de l'Industrie aux Champs-Elysées.
200 3223 1216 3308 La sculpture est placée au rez de-chaussée du pa¬
156 3269 1207 3359 lais, dans la nef, au milieu des massifs de verdure
158 3319 409 3384 et de fleurs.
198 3379 1211 3462 L’exposition d’horticulture, qui a eu lieu à la même
161 3437 1202 3508 place, y a laissé quelques riches épaves. Une petite mi¬
149 3483 1211 3572 niature de rivière serpente au milieu des tapis de
156 3533 1204 3628 gazon, et deux cygnes noirs au bec rouge se promè¬
147 3582 1209 3685 nent en conquérants, étonnés de l'exiguité de leur
154 3632 350 3706 conquête.
188 3703 1216 3781 Jamais, peut-être, jusqu'à présent l'exposition
145 3744 1211 3841 n'avait eu lieu dans un local plus favorable. Les
1315 2090 2400 2186 salles de peintures sont grandes, carrées, éclairées du
1319 2145 2395 2237 haut par un jour doux et bien distribué. On peut dire
1313 2205 2397 2294 qu'il y a autant de bonnes places que possible, et je
1313 2260 2388 2345 ne vois de vraiment malheureux parmi les peintres
1320 2306 2393 2395 que ceux dont les tableaux sont accrochés dans les
1319 2359 1538 2425 vestibules.
1365 2416 2393 2503 Vous saurez que les artistes ont un défaut général,
1370 2471 2034 2542 c'est de toujours se plaindre.
2067 2480 2386 2549 Je serais bien
1308 2512 2390 2602 étonné si, parmi les plus favorisés, on m'en montrait
1310 2584 2384 2650 dix, chaque année, contents de leur sort; cela n’est
1310 2628 2377 2705 pas de ce monde. Cependant, je ne vois pas trop ce
1308 2685 2384 2759 que pourraient dire les scolpteurs contre ce jardin
1310 2726 2381 2816 improvisé où leurs œuvres se rangent à l'aise. Ils
1310 2786 2381 2869 ont le jour, l’espace, la verdure qui fait au marbre
1301 2825 1738 2897 un fond si favorable.
1347 2883 2372 2968 Le vrai cadre d’une belle statue dans nos wimats,
1303 2944 2374 3023 c'est une serre. L'Italie et la Grèce peuvent impuné¬
1306 2990 2372 3064 ment exposer leurs marbres au grand air qui les dore
1301 3044 2372 3121 d’un chaud reflet; mais en France une figure posée
1306 3090 2365 3170 dans un jardin est presque sacrifiée. En moins d’une
1297 3142 2358 3220 année elle se couvre de mousse. La pluie la noircit,
1297 3202 2354 3276 la gelée la feud; il faut, pour garantir les statues de
1294 3257 2094 3312 nos jardins publics des soins continuels.
1345 3305 2358 3365 D'autre part, chaque statue veut être considérée
1292 3358 2352 3421 isalément pour intéresser le spectateur. La confusion
1292 3416 2352 3469 lui nuit plus encore qu'à la peinture. Quand la sculp¬
1290 3471 2351 3528 ture est entassée pêle-mêle dans des salles, sans dé¬
1294 3515 2354 3575 cors, sans arbres et sans fleurs, elle repousse plus le
1297 3570 2363 3644 public qu'elle ne l'attire. Il semble que l'on a froid
1292 3632 2354 3701 en traversant ce monde de figures blanches et immo¬
1290 3669 2358 3736 biles qui s'alignent dans toutes les attitudes; on croit
1290 3713 1883 3782 marcher dans une nécropole.
1328 3770 2354 3853 Entrons donc à l'exposition des Beaux-Arts, chères
