2822 3966
1603 24 1718 107 112
596 94 1607 184 C’était avec les instructions les plus minutieuses,
547 166 1596 235 les avis les plus prudents, et après avoir mêlé ses lar-
557 224 1608 278 mes à celles de sa mère, qu’un jeune homme de
559 263 1400 330 vingt-quatre ans arriva un soir à Paris,
1427 274 1612 338 ce Paris
547 319 1615 390 qui alors était si loin de la Bretagne, où le jeune homme
547 378 1612 440 avait passé ses premières et peut-être ses meilleures
547 417 1612 488 années. — Il laissait au petit manoir paternel un
547 476 1608 534 frère aîné qui devait un jour avoir en partage le bien
547 527 1608 597 assez modique des parents, et deux sœurs que le voile
551 587 1612 646 attendait. Le sort de chacun des enfants avait été
542 645 1603 699 réglé en un conseil de famille où assistaient trois
545 699 1603 759 baillis, deux conseillers de parlement, un juge, un
542 755 1593 802 sénéchal et autres personnages importants de la loca¬
543 801 1600 856 lité. On avait décidé qu’Antoine de Favray suivrait le
534 852 1600 923 sort des armes et entrerait en religion, c’est-à-dire
539 905 1592 970 deviendrait chevalier de Malte. Antoine était grand,
539 955 1584 1013 bien fait, portait noblement sa tête régulière et ex-
542 1013 1593 1072 pressive ; il avait du courage, de l’ardeur : tout pro-
532 1064 1591 1119 mettait qu’il ferait honneur à l’ordre, où il était pré-
535 1113 1600 1172 cédé d’ailleurs par le souvenir d‘un grand-oncle. Et
535 1163 1600 1239 cependant il ne parut pas heureux de la décision
542 1221 1584 1277 prise à son égard. Il soupira ; et, rentré dans sa cham¬
530 1270 1588 1325 bre, il ouvrit un carton où étaient renfermés soigneu-
532 1325 1584 1377 sement des dessins, et jeta les yeux sur ces témoi¬
539 1380 1579 1445 gnages de son goût et de son travail. On frappa dou¬
539 1436 1591 1497 cement à sa porte. Il frémit et voulut cacher ses
530 1486 1588 1538 esquisses ; mais une voix douce le rassura, une voir
539 1533 1094 1603 qui disait presque tout bas :
571 1593 1572 1651 « C’est moi, mon bon Antoine, moi ta petite Doro-
528 1634 673 1698 thée. »
571 1694 1584 1748 Antoine ouvrit vivement. Sa sœur, très-émue, lui
523 1740 872 1807 dit en pleurant :
566 1788 1217 1862 «Tu t’en vas donc, cher frère ?
570 1839 934 1897 — Oui, Dorothée.
614 1895 975 1966 Et pour toujours A.
582 1942 1113 2016 — On revient de plus loin.
618 2008 1584 2059 Ah! l’on ne revient guère de Paris. Il paraît que
523 2052 1581 2118 c’est si beau!... Mais il me semble que tu n’es pas
527 2100 931 2170 trop fâché d’y aller.
625 2154 872 2210 Oui et non.
571 2201 893 2272 — Explique-toi.
571 2252 1583 2323 — Je voudrais pouvoir vous emporter tous et vous
518 2310 1583 2379 garder sur mon cœur; c’est impossible. Mais j’ai
520 2367 1581 2424 trouvé le moyen de combler jusqu’à un certain point
516 2425 1576 2505 ce vide cruel. Vois-tu, ma chère sœur, ces dessins,
526 2468 785 2538 ces croquis?
601 2542 1576 2586 — Ah! ton amusement favori... sur lequel notre
526 2573 1573 2649 père t’a si souvent querellé. Et, en effet, à quoi cela
526 2637 1581 2697 sert-il de dessiner et de peindre? surtout pour un
518 2682 1305 2751 gentilhomme qui doit porter les armes!
613 2731 1567 2807 Dorothée, tu raisonnes comme toutes les per-
516 2782 1576 2853 sonnes qui nous entourent. Mais prends-y garde, tu ne
518 2842 1573 2896 sais pas de quoi tu parles. N’as-tu jamais été frappée
523 2885 1573 2953 par l’aspect d’un beau visage, d‘une physionomie
518 2941 1048 3016 candide, image des anges ?
602 2988 680 3046 – Si.
566 3041 1573 3104 — N’as-tu pas admiré quelquefois les jeux des en¬
506 3096 1568 3157 fants blonds, les effets du soleil sur les feuilles des
508 3152 1569 3207 arbres, l’ondulation des blés, le frémissement de l‘eau
518 3211 1569 3291 qui serpente à travers les prés, les couleurs vives des
511 3258 1318 3345 fleurettes dans l’herbe ou sur les haies ?
571 3302 993 3383 — Si, mon bon frère.
608 3337 1561 3427 Sache-le donc, Dorothée : s’il y a quelque
503 3389 1564 3481 chose de sublime, c’est l’art qui saisit ces visages, ces
492 3466 1565 3530 jeux, ces rayons, cec moissons, ceis ruisseaux, cest
492 3521 1553 3624 fleurs, et qui transporte à son gré tout cela sur la
1687 122 2735 224 toile avec une vérité surprenante,—c’est la peinture!
1792 178 2733 291 Oh! oui, tu as raison, Antoine. Mais veux-tu
1694 225 2039 296 devenir peintre?
1793 290 2742 374 Je ne sais si je m’abuse, mais il me semble
1690 330 2740 432 l’être déjà. Du moins la peinture est-elle le rêve qui
1687 392 2737 477 me poursuit sans cesse, et qui m’a fait trouver si
1689 447 2739 532 courtes mes vingt-quatre premières années. Paris seul
1687 490 2735 583 peut donner le talent, et voilà pourquoi je ne m’af-
1689 543 2426 614 flige pas entièrement d’aller à Paris.
1789 608 2736 687 Je te comprends, frère; ce que je te demande
1683 651 2314 715 seulement, c’est un souvenir. »
1725 710 2732 787 De la part de son père, Antoine avait reçu des re-
1687 766 2728 846 commandations dans un sens bien opposé. La pein-
1682 807 2740 899 ture y était sévèrement proscrite. Un chevalier de
1682 861 2744 939 Malte ne saurait sans déroger s’occuper de cet art
1690 921 2739 1007 plébéien. Enfin, un petit pécule étant placé dans sa
1683 975 2736 1052 poche et sa malle étant posée sur le coche, le futur
1686 1033 2728 1105 chevalier, muni en outre de quelques lettres de re-
1683 1078 2739 1159 commandation, était parti pour Paris, où il arriva sain
1675 1131 2736 1196 et sauf, comme nous l’avons dit plus haut. Suivi d’un
1678 1183 2735 1259 garçon qui s’était chargé de son bagage, il entrait
1671 1230 2716 1308 dans le Marais par la rue du Mesnil-Montant, traver-
1677 1280 2723 1353 sait le boulevard en contemplant d’un œil émerveillé
1670 1335 2724 1412 les bateleurs qui s’y trouvaient en nombre, et allait
1673 1384 2728 1469 enfin s’établir à l’auberge du Soleil-d’Or, non loin de
1671 1432 2719 1514 l’enclos du Temple, où existait alors une église des-
1664 1504 2724 1569 servie par un prieur et cinq chanoines qui portaient
1670 1537 2032 1611 la croix de Malte.
1709 1593 2715 1673 Le lendemain, la première visite d’Antoine de Fa¬
1667 1650 2727 1715 vray fut pour ces bons pères. Il était pieux, la prière
1670 1697 2720 1769 lui fit du bien, car son sommeil avait été agité : être
1664 1754 2717 1820 seul, être à Paris, avoir à diriger sa vie, à se créer
1663 1813 2723 1872 un avenir, que de préoccupations!... Son second soin
1666 1854 2723 1929 fut d’aller voir, l’un après l‘autre, tous les monuments
1664 1922 2720 1976 de la grande ville; et ces courses lui prirent bien en¬
1666 1964 2723 2033 core quelques jours, au bout desquels il se rappela,
1658 2019 2713 2094 en recevant une lettre de son père, qu’il avait notam-
1659 2076 2715 2131 ment à se présenter chez le premier ministre, le car-
1663 2123 2728 2192 dinal Fleury. Quelle affaire et quelle émotion ! Un
1659 2170 2721 2232 premier ministre, un prince de l’Église, un homme
1667 2229 2724 2291 qui pouvait tout !... Antoine loua un fiacre et se fit
1664 2281 2724 2340 transporter chez le cardinal, qui précisément donnait
1652 2331 2708 2395 audience ce jour-là. Il fut introduit dans une anti-
1660 2389 2727 2453 chambre où il eût attendu longtemps sans que les
1667 2440 2723 2489 valets dédaigneux fissent attention à lui, si un homme-
1662 2477 2716 2555 de bonne mine, remarquant son air timide et dépaysé,
1660 2543 2716 2602 ne l’eût abordé et ne lui eût adressé la parole avec
1659 2591 2713 2654 une extrême bienveillance. Au bout de peu d’instants,
1658 2652 2707 2719 cet homme savait à qui il avait affaire, et ce que dé-
1662 2684 2107 2756 sirait le nouvel arrivé.
1701 2737 2713 2807 « J’ignore pourquoi, dit-il, vous m’intéressez tout
1659 2803 2717 2858 particulièrement. Seul, vous auriez difficilement accès
1651 2858 2711 2912 auprès de Son Eminence. Ce n’est pas que le cardinal
1655 2906 2701 2968 ait la fierté superbe des grands seigneurs; au con¬
1651 2949 2713 3026 traire, il se souvient de la vie modeste qu’il menait
1647 3008 2713 3071 dans son évêché de Fréjus; il n’a que des revenus
1643 3059 2721 3114 bornés, et il en consacre la moitié aux aumônes. Je
1658 3112 2708 3173 vous garantis la bonté de son cœur. Mais il y a tou-
1643 3171 2700 3224 jours autour d’un ministre tant de gens qui ont in-
1647 3220 2708 3295 térêt à empêcher les inconnus de l’approcher... On
1640 3262 2108 3341 m’appelle, suivez-moi.
1687 3317 2701 3403 De Favray obéit en balbutiant un remerciement.
1639 3340 2247 3444 L’émotion lui coupait la voix.
1691 3407 2703 3482 Dans un cabinet spacieux et orné de tableaux de
1640 3460 2705 3532 maîtres, se trouvait le cardinal. La bonté, l’affabilité
1635 3532 2701 3620 respiraient sur ses traits. Il accorda un sourire tout
