2959 4075
1668 119 1807 229 212
641 205 1673 316 « Dites-nous, père André, ferez-vous bientôt le sei¬
597 280 1155 365 gneur dans votre château?
636 341 1163 425 Il se bornait à répondre :
670 393 1379 476 — Patience, patience; j’ai le temps.
687 440 1671 528 Ah ! oui, pensait-on; il n’oserait, car il s’y trou¬
596 494 1673 582 verait, selon le proverbe, comme un porc dans un
601 562 832 626 carrosse. »
640 592 1669 671 Les choses en étaient là, lorsqu’un jour on entendit
597 659 1671 736 claquer le fouet des postillons qui faisaient courir une
596 708 1672 779 chaise de poste et l'arrêtèrent juste devant le chaume
596 766 1668 821 de Jacques. Un jeune homme aux fraits basanes
596 820 1658 878 descendit vivement de la voiture : il portait un uni¬
588 867 1661 942 forme d’officier de marine. En un moment le village
586 919 906 991 entier accourut.
630 952 1667 1042 Le jeune homme entra chez la vieille paysanne; et
584 1023 1661 1096 il se trouva que Jacqueline était là, presque sur le
577 1088 1661 1151 seuil de sa porte, occupée à battre du beurre; il se
584 1139 1668 1206 trouva que Jacques leva la tête, poussa un cri,
584 1185 1661 1252 laissa sa besogne et se jeta au cou du jeune homme
586 1244 1301 1301 en murmurant d'une voix étouffée :
627 1296 1214 1368 « Mon Henri !... mon fieu! »
634 1336 1653 1402 Il se trouva que Tiennette fit un bond et se pré¬
577 1401 1660 1454 senta toute honteuse, mais que le jeune homme l'em¬
584 1458 1660 1519 brassa cordialement, et que Pascal, averti par les cris
585 1512 1653 1566 d’allégresse, quitta sa charrue et son attelage, et ar¬
584 1570 1649 1632 riva tout essoufflé, son bonnet à la main, pour s'en¬
581 1611 832 1675 tendre dire :
625 1654 1087 1729 « Mon brave Pascal! »
625 1712 1656 1782 Ah ! il est des jours réparateurs qui comblent la
570 1773 1650 1837 lacune des années malheureuses. Ces jours-là ouvrent
573 1823 1653 1890 tout à coup un horizon infini. On ne se souvient plus
573 1885 1652 1947 de l'ennui, de la longue attente, de Ia souffrance.
569 1932 1646 1997 A-t-on souffert seulement? On n’en sait plus rien...
570 1983 895 2039 on est heurenx.
619 2016 1582 2106 Et au dehors retentissait à tout moment ce cri :
619 2089 1083 2159 « Five monseigneur! »
622 2144 1650 2211 Pour ces bonnes gens, Henri de Veville n'avait pas
576 2182 1653 2262 cessé d’être le seigneur du pays. Ils lui avaient fait
570 2249 1647 2318 dans leurs cœurs un château qui ne pouvait s’aliéner
571 2302 1331 2354 et dont pas une pierre n'avait bougé.
615 2355 1650 2417 « Chère Jacqueline, dit-il enfin quand l’émotion lui
569 2399 1646 2464 eut rendu la parole; j’ai eu bien des torts, mais j‘es¬
576 2460 1646 2532 père les avoir réparés, j’espère pouvoir racheter le
559 2523 1638 2584 château de mes ancêtres... Oh! mais d’abord, Dione,
574 2567 1510 2632 Diane... qui ne m’a pas écrit une seule fois!...
666 2616 1647 2692 Mon cher fieu, dit Jacqueline, nous ne pouvons
567 2661 1646 2744 pas causer ici à l'aise... Faut aller dans la chambre
565 2718 865 2785 de Tiennette. »
610 2774 1635 2850 Il la suivit docilement et entra dans la chambre
573 2804 732 2883 voisine.
606 2880 1643 2944 Là, auprès d’une fenêtre ouverte et tout encadrée
558 2920 1641 2999 de jasmin et de clématite qui jetaient dans la pièce
559 2992 1636 3052 autant d’ombre que de parfum, une femme vêtue du
552 3038 1641 3108 simple costume rustique, mais trahissant une rare
554 3103 1638 3175 élégance de formes, une distinction réelle, filait aussi
554 3154 1638 3228 senztivement que la reine Berthe. Elle tournait le dos,
559 3205 1636 3266 mais Henri n'eut pas besoin d’apercevoir son visage
562 3254 972 3328 pour la reconnaître.
600 3313 1414 3379 II jeta un cri de joie et de stupéfaction.
606 3367 1638 3445 La fileuse se retourna en souriant. Le comte s'était
565 3412 1564 3488 prosterné devant elle ainsi que devant une sainte.
606 3454 1636 3532 « Est-il possible !... Diane !... Dionc ici sous ce cos¬
561 3506 1643 3604 tume !... murmura-t-il, tandis que Jacques riait de
561 3566 862 3634 tout son cœur.
646 3615 1511 3713 Je crois rêver... Diane, est-ce bien vous?
652 3668 1229 3776 Oui, mon cousin, c'est moi.
1866 215 2841 323 Mais enfin, qu'est-il arrivé ?... quelle transfor¬
1754 289 1984 363 mation ?...
1871 349 2839 428 Ne vous étonnez pas, ne vous affligez pas non
1767 406 2842 476 plus. Vous parti, je me suis faite la fille de cette digne
1758 462 2835 526 femme; j'ai voulu m’abriter sous son toit ; son affec¬
1758 505 2835 584 tion pour vous me la rendait doublement chère ; et si
1772 552 2833 630 j'ai adopté le coutume du village, c’a été pour mieux
1752 604 2271 676 me séparer du monde. »
1803 666 2325 730 Henri était devenu triste.
1814 715 2509 791 « Mais qu'avez-vous, mon cousin?
1878 760 2833 841 Une conscience chargée, c'est-à-dire le plus
1751 821 2835 881 lourd de tous les fardeaux. Sans mes folies de jeu¬
1757 877 2837 945 nesse, le bien qui vous appartenait ne vous eût pas été
1757 941 2837 998 ravi. Ah! du moins je puis tout réparer. Je suis capi¬
1751 985 2835 1062 taine de vaisseau. J'ai vigoureusement donné la chasse
1751 1042 2830 1113 aux corsaires barbaresques, et de nombreuses prises
1742 1084 2798 1163 m’ontVerrichi : je verrai M. de la Morandière, et...
1848 1154 2830 1221 M. de la Morandière n'est plus ici, mon cousin.
1750 1184 2467 1267 Il s'est lassé de la vie de châtelain.
1845 1253 2723 1317 Je n'ose vous demander qui lui a succédé.
1848 1315 2826 1383 C’est tout simplement le financier de l’endroit,
1746 1346 1961 1421 M. André.
1837 1420 2827 1482 Lui!... s'écria Henri, rouge de confusion et de
1740 1462 1934 1534 remords.
1847 1521 2822 1572 Mais il n’a pas pris encore possession de son do¬
1736 1576 2820 1643 maine; et si cela vous plaît, mon cousin, quand vous
1739 1632 2823 1691 serez reposé nous pourrons, après dîner, aller revoir
1736 1683 2155 1747 notre ancien séjour.
1847 1724 2823 1792 Que me proposez-vous là, chère Diane!... c’est
1744 1793 2803 1845 vouloir que je m'enfonce un poignard dans le cœur.
1847 1837 2818 1915 Eh bien, monsieur, vous ferez cette petite pro¬
1729 1893 2305 1952 menade... par pénitence. »
1788 1941 2815 2016 Après un repas que l’amitié égaya de son mieux,
1739 1984 2808 2065 Diane, qui avait repris le costume d’autrefois, se di¬
1739 2047 2820 2110 rigea vers le château avec son cousin, escortée de
1729 2097 2822 2172 Jacqueline qui donnait le bras à ses deux enfants. La
1731 2156 2818 2224 nuit était tombée; et involontairement, en suivant
1729 2201 2809 2271 la longue allée de peupliers, Henri songeait à M. de
1731 2260 2812 2333 la Morandière; puis l’image importune d’André passa
1732 2307 2813 2381 devant ses yeux, jusqu’au moment où le château lui
1732 2363 2808 2441 apparut, solitaire et triste, dans toute sa sombre ma¬
1737 2415 1845 2477 jesté.
1780 2470 2812 2545 On sonna : l’ancien suisse était à sa place comme
1732 2523 2808 2584 autrefois; cet homme poussa une exclamation de joie
1732 2572 2010 2650 respectueuse.
1772 2628 2801 2704 « Eh quoi! Philippe, on vous a laissé ici? dit M. de
1737 2680 1909 2741 Verville.
1819 2732 2809 2812 Monsieur le comte, j’y suis rentré... mais j‘ai
1727 2782 2493 2850 eu bien de la peine en votre absence.
1827 2843 2805 2921 Pauvre Philippe!... Et pouvons-nous visiter le
1732 2891 1917 2961 château?
1825 2950 2808 3007 Comment donc!... ce n'est pas une ruine fer¬
1727 2999 1877 3062 mée. »
1766 3056 2807 3128 Le suisse fit entendre un signal. Aussitôt le vesti¬
1720 3103 2016 3164 bule s'éclaira.
1772 3160 2812 3225 Madame de Montclair et M. de Veville traversèrent
1720 3214 2812 3300 la cour et entrèrent sous le vestibule; il y avait deux
1724 3263 2299 3345 des domestiques d’autrefois.
1765 3325 2801 3388 Et à mesure que la compagnie pénétrait dans les
1724 3379 2808 3442 longs et splendides appartements, il semblait que des
1722 3437 2803 3517 mains invisible allumassent les bougies des candé¬
1717 3495 2807 3554 labres... Tout étincelait, tout resplendissait; les meu¬
1716 3550 2807 3619 bles du temps passé reflétaient ces feux sur leurs do¬
1727 3600 2807 3662 rures ; les mêmes tableaux étaient suspendus à leur
1732 3647 2112 3726 place accoutumée.
1774 3707 2805 3780 Henri croyait lire un conte des Mille et une Nuits.
