2907 4318
1306 194 1380 297 9
198 297 1313 368 à copier des manuscrits pour nourrir sa famille. A
198 360 1305 422 ses yeux, cette récompense n’était que mesquine ; elle
195 418 1302 488 lui semblait déprécier la grandeur de son entreprise.
201 471 1298 537 Il posa donc ses conditions à lui. Elles furent telle¬
198 524 1300 599 ment royales, que le souverain en prit un peu d’hu¬
195 584 1313 643 meur, et qu’avant d’y souscrire, il voulut livrer à la
201 638 1314 700 discussion les probabilités de réussite. Le roi chargea
201 690 1300 758 de cet examen une commission composée de trois
195 746 1313 814 membres. Cette commission conclut au rejet de la
201 804 1314 863 proposition du Génois. Elle regarda le projet comme
201 856 1314 921 la réverie d’un songe creux. Cependant l’élévation
201 914 1310 973 d’esprit qui distinguait le roi Joam II plaidait à son
201 960 1307 1036 insu la cause de Christophe Colomb. Instinctivement,
201 1027 1310 1077 il avait foi en cet étranger, si pauvre et si ferme dans
199 1079 1310 1146 ses exigences. Nonobstant l’avis de la commission, il
203 1137 1318 1203 continua de prendre au sérieux le plan de Colomb, et
209 1189 1313 1250 en saisit un haut conseil qu’il composa des premières
208 1243 740 1314 notabilités du Portugal. »
248 1296 1316 1359 Les débats de cette assemblée furent orageux; un
212 1364 1313 1429 chevalier du Christ, don Pedro de Menesès, soutint
212 1410 1305 1465 vigoureusement la cause de Colomb, et dans un élo-
208 1475 1312 1532 quent discours il démontra la gloire immortelle que
208 1526 1310 1581 s’acquerrait le Portugal par les nouvelles conquêtes
209 1574 1312 1638 que faisait présager le Génois. Mais son opinion sur
206 1628 1318 1695 la possibilité de l’entreprise ne fut point partagée; on
206 1693 1318 1752 tint Colomb en suspens, et après une longue et vaine
209 1748 1303 1802 attente il quitta Lisbonne. Ces conditions, qui arrê-
209 1797 1310 1856 tèrent l’élan de Joam II, nous les verrons plus loin, et
208 1847 1314 1915 nous les exposerons à vos yeux. S’il fallait à Christo¬
212 1904 1318 1968 phe Colomb de grands honneurs, il ne lui fallait pas
208 1965 1314 2028 moins de grandes richesses ; car il avait une grande
216 2020 1318 2082 pensée à satisfaire, et cette satisfaction était la seule
212 2073 1316 2128 récompense qu’il jugeât digne de son entreprise. La
216 2130 1303 2180 révéler, sera justifier son incomparable ambition au-
216 2177 829 2240 près de toute âme chrétienne.
258 2227 1312 2294 Les deux républiques et le Portugal ayant refusé
212 2283 1313 2347 de s’associer à ses plans, Christophe Colomb jeta les
219 2335 1312 2414 yeux sur les monarchies chrétiennes de l’Europe,
210 2403 1306 2468 pour choisir la couronne qu’il associerait à l’honneur
216 2443 631 2516 d’exécuter son plan.
252 2503 1312 2566 « Par son zèle à défendre la foi, son intrépidité à
216 2564 1303 2615 repousser les Maures, par son caractère chevaleres-
212 2620 1306 2679 que, ses ressources maritimes, l’Espagne lui parut
208 2666 1309 2737 mériter la préférence. Il s’embarqua pour ce royaume,
212 2729 1305 2789 sans s’y être préparé aucune relation, aucun appui ;
212 2793 1313 2843 sans s’être muni d’aucune lettre de crédit ou de re-
212 2835 1312 2892 commandation, se confiant à la seule protection de la
210 2881 459 2953 Providence.
252 2935 1305 3001 » En ce temps-là, le nom d’une femme était fré¬
219 2994 1312 3062 quemment prononcé dans les relations des cours chré¬
219 3040 1312 3111 tiennes, et ne retentissait pas moins du littoral de
210 3093 1306 3171 l’Afrique jusqu’aux rivages de l’Orient, honoré des
217 3151 1312 3231 féroces malédictions de l’islamisme. Même de nos
217 3204 1306 3284 jours, si peu propices à l’enthousiasme, quand on
222 3271 1312 3337 essaie d’étudier cette époque, on s’étonne que la
222 3321 1307 3380 reine, sans contredit la plus remarquable de l’his¬
223 3362 1314 3437 toire, l’héroïne docte et guerrière qui traversa pauvre
224 3434 1305 3496 et simple les splendeurs de l’Alhambra, les magnifi¬
217 3486 1314 3544 cences des cours et des camps, reçut l’admiration des
222 3532 1313 3600 deux chevaleries chrétienne et maure, sans péril pour
222 3590 1310 3656 sa modestie, parce qu’elle demeurait voilée de sa piété
219 3643 1310 3700 au milieu des honneurs, ne soit pas familière à la
220 3689 1314 3777 France, cette nation naturellement éprise de la gran-
222 3739 645 3804 deur et de la gloire.
261 3791 1314 3872 » On ne saurait compulser les annales de la navi¬
220 3857 1307 3933 gation et l’origine des colonies dans le Nouveau-
1392 301 2506 378 Monde, sans que le nom si doux d’Isabelle ne se pré¬
1390 371 2503 432 sente à la pensée; car elle fut le moyen de la Décou¬
1399 438 2503 505 verte, ainsi que l’homme qui lui soumit son plan en
1395 479 2205 544 était l’organe choisi par la Providence.
1444 544 2513 601 » Cette femme méritait de régner. Elle semblait
1401 594 2505 661 créée pour le commandement. Sachant que tout pou¬
1405 649 2514 711 voir vient de Dieu, que la responsabilité du souverain
1394 711 2512 774 se proportionne à sa puissance même, elle se tenait
1401 758 2516 821 prête à présenter ses actes devant Dieu et devant la
1405 814 2505 879 postérité. On ne peut disconvenir que la reine ne fût
1399 864 2507 944 infiniment supérieure au roi (Ferdinand d’Aragon),
1409 927 2512 998 par l’instruction, l‘élévation des vues, le choix des
1399 978 2505 1041 hommes, celui des moyens et l’inflexible droiture.
1404 1022 2503 1101 Ferdinand n’était que la main, l’épée de ce règne: c’est
1395 1086 2273 1148 Isabelle qui en était l’âme et le conseil... »
1448 1136 2507 1217 Isabelle s’occupa de réorganiser la justice dans son
1413 1200 2502 1264 royaume; elle protégea les lettres, elle soutint toutes
1401 1252 2499 1313 les grandes entreprises; le siége de Grenade, l’expul-
1410 1312 2510 1371 sion des Maures n’auraient pas eu lieu sans elle, et
1412 1370 2520 1434 cette reine, occupée d’administration, de politique, de
1410 1405 2520 1473 Jurisprudence, de littérature, avait réglé son temps
1408 1475 2517 1528 avec une si habile économie, qu’après avoir présidé
1401 1509 2517 1589 le conseil des ministres, donné des audiences, révisé
1410 1581 2519 1640 les procès, conféré avec les ambassadeurs, travaillé
1401 1632 2507 1689 avec les intendants et secrétaires, satisfait aux exer-
1408 1696 2512 1762 cices de piété, surveillé l’éducation de ses enfants,
1409 1745 2520 1810 elle trouvait encore le loisir de coudre le linge du roi
1408 1798 2514 1862 Ferdinand. Loin de dédaigner les travaux d’aiguille
1413 1855 2506 1919 en s’enfonçant dans l’antiquité profane et l‘étude des
1401 1901 2506 1978 livres Saints, elle avouait avec une certaine complai-
1410 1965 2510 2031 sance que l’époux de son choix n’avait jamais mis de
1406 2021 2502 2107 chemise qu’elle ne l’eût confectionnée de ses propres
1401 2070 1553 2138 mains.
1450 2113 2507 2190 « Avec une pareille supériorité de caractère, une in-
1399 2170 2505 2243 faillibilité de conduite si admirée, Isabelle avait fait
1405 2236 2499 2302 de sa cour une véritable école d’honneur, où la nais-
1401 2293 2514 2371 sance, la poésie, la gloire se trouvaient rehaussées de
1399 2347 2502 2418 l’involontaire respect qu’impose la vertu, de l’enthou-
1405 2404 2507 2467 siasme qu’inspire la modestie quand elle voile de
1401 2453 2505 2520 grandes actions.... Isabelle fut la personnification
1412 2516 2513 2577 vivante du génie chevalèresque de son époque et de sa
1401 2570 2505 2630 nation. Nulle femme ne joignit sur le trône une foi
1410 2619 2499 2687 plus sincère à une prudence plus consommée, et n’y
1401 2676 2507 2729 fit briller une loyauté plus pure. Une sorte de bé¬
1401 2728 2505 2790 nédiction parut attachée à ses projets comme à sess
1401 2783 2500 2849 actes : le succès justifia chacune de ses entreprises.
1401 2838 2506 2909 Elle agrandit son petit royaume qu’elle avait recueilli
1408 2893 2502 2965 dans le dernier abaissement, et l’éleva, seule, au rang
1401 2955 2499 3015 de grande puissance. En suscitant autour d’elle, pour
1401 2999 2488 3061 la servir, de hautes capacités, de sincères dévoue-
1404 3058 2498 3118 ments, Dieu permit que la sagesse de ses conseils
1395 3112 2262 3168 surpassât encore celle de ses conseillers.
1450 3155 2493 3227 » Par Isabelle s’accomplit le principal fait de la po-
1395 3218 2492 3277 litique européenne, l’expulsion du croissant. Et avec
1395 3268 2496 3346 Isabelle s’opéra un des événements les plus prodi¬
1404 3332 2484 3394 gieux de l’humanité, celui qui, en doublant son do¬
1405 3378 2492 3456 maine terrestre, doubla aussi l’horizon de ses inves-
1401 3429 1894 3502 tigations scientifiques.»
1448 3473 2493 3555 Telle était la protectrice de Colomb. Mais il eut en¬
1395 3546 2289 3607 core un autre ami qui mérite d’être connu.
1445 3583 2491 3674 A une demi-lieue de Palos, en vue de l’Océan, s’é¬
1401 3647 2495 3727 levait un couvent de franciscains dont le supérieur,
1404 3705 2502 3771 Juan Perez de Marchena, unissait à la plus fervente
1410 3765 2502 3820 piété un grand amour de l’étude et spécialement des
1399 3805 1753 3886 sciences exactes.
1448 3877 2506 3944 « Souvent, pendant le sommeil de ses religieux,
