2939 4158
1528 16 1654 92 372
937 89 1948 167 Que de jeux, de plaisirs, de fraîche insouciance
934 155 1981 219 Couronnaient en ce temps le matin de vos jours !
944 213 1816 279 rêve d'un instant, bel âge d’innocence,
950 265 1934 336 Que l'on serait heureux si vous viviez toujours !
945 317 1907 392 Vous en souvenez-vous. .. votre mère adorée,
1064 365 1566 449 Quand vous étiez parée,
937 427 2026 504 Nous emmenait tous deux, et, me prenant la main,
942 485 1981 555 Vous me parliez tout bas des jeux du lendemain.
934 536 1965 606 Mais, si je ne voulais perdre vos bonnes grâces,
934 603 2029 661 Lorsque vous aviez dit : « Allons, amusons-nous! »
931 654 1765 734 Il fallait obéir et voler sur vos traces...
1050 706 1580 779 Vous en souvenez-vous?
1680 763 2056 863 ALFRED CLAUDEL.
949 1210 2224 1337 LEITRES A UNE JEUNE DILLE
1402 1399 1739 1489 (Sixième lettre.)
546 1574 912 1659 MA CHÈRE ENFANT,
454 1645 1526 1746 J’ai tardé, et bien malgré moi, à répondre à votre
404 1727 1521 1794 bonne lettre ; j’étais absorbée par les préparatifs
408 1794 1521 1850 d’une loterie de charité qui doit se tirer demain.
404 1837 1521 1907 Billets à placer, lots à solliciter et à étaler, numéros
400 1892 1516 1962 à écrire, local à disposer, ce sont là de grosses affai¬
403 1961 1513 2011 res et qui m'ont pris du temps... Respirons mainte¬
406 2011 558 2097 nant...
441 2080 1478 2159 J’ai tant fait, que nos gens sont enfin dans la plaine...
447 2192 1524 2262 Et comme il faut que vous subissiez à votre tour
404 2243 1518 2311 le contre-coup de mes préoccupations, j’ai bien
408 2298 1518 2371 envie de vous parler un peu des pauvres, et de ce
411 2362 1520 2429 que nous pouvons, de ce que nous devons faire pour
408 2411 1516 2470 eux. Ce que nous devons aux pauvres, vous le savez :
400 2465 1518 2522 la religion nous l’enseigne, et nulle parole ne sera
414 2522 1509 2595 plus éloquente, nulle promesse plus remplie d’at¬
400 2576 1512 2636 traits, que ces paroles du divin Maître : Ce que vous
400 2632 1518 2695 ferez à un de ces petits, je le regarderai comme fait à
400 2682 1512 2755 moi-même... Venez, les bénis de mon Père, car j'ai eu
404 2743 1513 2804 faim, vous m'avez donné à manger; j'ai eu soif, vons
400 2806 1509 2862 m'avez donné à boire... venez posséder le royaume qui
404 2849 1505 2919 vous a été préparé de toute éternité!... Paroles puis¬
390 2909 1509 2968 santes, qui ont changé la face du monde, qui on
397 2962 1513 3022 détrôné la richesse et le pouvoir, et mis aux pieds des
404 3014 1505 3084 pauvres les rois et les reines, heureux de servir Jésus¬
404 3077 1515 3138 Christ en leurs personnes ! Je ne vous rappellerai pas
403 3119 1509 3192 le nom de ces illustres femmes des premiers temps
397 3172 1505 3238 du christianisme, de ces nobles vierges, de ses pieu¬
389 3234 1509 3304 ses matrons qui dévouèrent leurs biens et leur vie
390 3298 1510 3355 aux pauvres; je vous ferai seulement remarquer la
397 3357 1505 3407 gloire que les femmes françaises se sont acquise par
397 3399 1505 3452 leur vive, ingénieuse et persévérante charité. La plu¬
403 3455 1505 3518 part de nos reines, depuis Clotilde jusqu’à Marie
390 3512 1504 3580 Leczinska, jusqu'à Marie-Antoinette, ont eu à cœur
400 3563 1505 3640 d'être les premières dames de charité du royaume ;
389 3617 1507 3693 nul pays n'a enfanté plus d'institutions charitables,
379 3680 1501 3747 n’a donné naissance à un plus grand nombre de con¬
1615 1588 2712 1642 grégations, engagées par leurs Steints vœux au sou¬
1608 1642 2720 1702 lagement des misérables. Voyez le dix-septième
1612 1694 2724 1765 siècle ! Quel éclat immortel il emprunte à la charité
1612 1748 2728 1811 des femmes françaises, alors que madame Le Gras
1605 1807 2724 1870 fondait les sœurs de la charité; que madame de Mi¬
1605 1867 2725 1926 ramion, après avoir participé à toutes les bonnes œu¬
1615 1918 2717 1973 vres de son temps, sauvait la ville de Melun des hor¬
1602 1967 2724 2034 reurs de la peste et de la famine; que mademoiselle
1612 2026 2720 2092 de Lamoignon mourait pauvre après avoir distribué
1602 2081 2717 2140 des millions aux indigents; que madame de Polla¬
1602 2124 2716 2205 lion ouvrait sur toute la France des refuges aux jeu¬
1602 2194 2722 2259 nes filles abandonnées, et que de nobles femmes,
1601 2257 2720 2316 traversant les mers, allaient porter jusque dans le
1605 2300 2725 2365 sauvage Canada, les bienfaits du christianisme et de
1604 2349 2722 2425 la civilisation? A notre époque, que de bienfaits en¬
1596 2413 2722 2473 core! Madame de Pastoret fonde les asiles pour l’en¬
1596 2465 2716 2528 fance; madame de Saisseval, l’amie de madame Eli¬
1596 2525 2720 2582 sabeth, au sortir de la Révolution, recueille les débris
1596 2581 2720 2649 de sa fortune, ranime les restes de ses forces épuisées
1605 2635 2716 2697 par les souffrances de l’exil, et fonde des maisons
1602 2687 2724 2749 maternelles pour les pauvres orphelines. Paris, la ville
1602 2738 2711 2811 par Excellence du bien et du mal, voit se multiplier
1599 2798 2716 2855 les bonnes œuvres, et, depuis la crêche du petit en¬
1596 2847 2716 2920 fant jusqu’aux derniers soins prodigués au pauvre
1605 2908 2722 2974 vieillard, je crois qu’il n’est pas une misère qui n‘ait
1601 2955 2719 3034 trouvé un cœur pour se dévouer à le soulager. Grâce
1596 3012 2714 3080 à Dieu, les villes de province rivalisent avec Paris, et
1596 3079 2716 3141 qui de nous n’a connu quelques-unes de ces femmes,
1596 3130 2716 3195 anges terrestres, qui révèlent au pauvre abandonné
1599 3192 2717 3245 qu’il a un père dans les cieux? Pour ma part, je me
1593 3249 2712 3299 souviens d'une jeune fille, belle, riche, aimable, qui
1596 3298 2712 3363 porta la charité jusqu’à l’héroïsme. La ville qu’elle
1596 3350 2709 3415 habitait fut inondée en partie par le débordement
1591 3401 2701 3480 d’une rivière ; elle se souvint qu’ une femme malade,
1599 3461 2709 3528 qu’elle visitait assidûment, habitait une des rues
1596 3517 2714 3582 inondées, et sans hésitation, sans délai, Marie de H...
1591 3572 2709 3645 se munit de quelques provisions et s’achemina vers
1591 3625 2700 3683 la demeure de la pauvre femme. L'eau n’était pas
1585 3685 2703 3766 assez profonde pour porter une barque, Marie ne re¬
