2897 4318
1194 209 1357 307 257
827 483 1729 598 HISTOIRE ET CHONIQUE
623 797 1908 988 LA POSIE FRANÇAISE
254 1061 2272 1186 Depuis ses plus anciens monument jusqu'à l'époque de Malherbe.
194 1440 1357 1584 SECONDE PÉRIODE. — Règne de l'allégorie,
1383 1491 2343 1604 du genre didactique et de la satire.
1073 1636 1440 1757 (Douzième article.)
463 1853 877 1966 ALain charritier.
168 1961 1207 2039 Alain Chartier a fait l’admiration de son siècle
128 2031 1209 2112 mais par malheur, au brevet de grand homme que
131 2081 1207 2149 lui décernèrent ses fontemporains, il manque et man¬
138 2147 1214 2205 quera toujours la signature de la postérité. On disait
128 2192 1212 2262 de son temps qu’il n’y avait rien de comparable à son
133 2247 1214 2315 esprit... que sa laideur. Actuellement, on ne peut
133 2290 1212 2381 dire de lui qu’une chose, c’est que sa those est à peine
128 2338 1209 2413 un peu plus supportable que sa poésie. Il a cepen¬
131 2403 1212 2479 dant, comme poète, un certain nombre de détails
136 2461 1209 2526 qui se font lire encore avec assez de plaisir; mais, en
126 2516 1207 2574 général, son vers est faible, longuissant et sans cou¬
128 2556 1199 2637 leur. André Duchesne et quelques autres le font naître
123 2619 1209 2682 en 1386, et mourir en 1458. Cette opinion, qui est
123 2667 1202 2732 aussi celle de Pasquier, n’est pas appuyée sur des
136 2722 1207 2813 preuves bien certaines. Il paraît, du reste, qu’il était
123 2765 631 2836 d'une famille distinguée.
163 2815 1199 2901 Parmi ses trop nombreuses production, il en est
126 2863 1199 2944 une, l’idylle suivante, qui n’est pas dépourvue de
131 2921 1192 3004 charme. C’est à peu près ce qu’il a fait de mieux.
121 2979 1192 3052 Encore avons-nous dû glaner dans l’original, où ce
126 3029 1197 3127 qu’il y a de vraiment poétique se noie dans les redites
133 3069 473 3150 et les longueurs :
239 3155 686 3243 Pour oublier mélancolie
239 3220 744 3296 Et pour faire plus chère lie,
239 3268 1038 3346 Un doux matin aux champs issy (je sortis)...
239 3318 835 3389 Tout autour, oiseaux voletaient,
246 3363 837 3424 Et si très-doucement chantaient
241 3409 933 3474 Qu’il n’est cœur qui n‘en fût joyeux...
241 3451 945 3554 Le temps n'était mie nueux (nuageux),
236 3504 812 3567 De bleu étaient vêtus les cieux,
234 3552 794 3615 Et le beau soleil clair luisait...
234 3600 784 3665 De l’autre part, fut la clôture
229 3647 777 3708 D’un pré gracieux, où Nature
234 3698 799 3773 Sema les fleurs sur la verdure,
309 3756 945 3849 VINGT-CINQUIÈMEANNÉE. — N° IX.
1420 1843 2061 1976 Blanches, jaunes, rouges et perses.
1423 1938 1983 1996 D’arbres fleuris fut la ceinture,
1413 1991 1966 2056 Aussi blancs que si neige pure
1420 2034 2054 2096 Les couvrait. Ce semblait peinture,
1420 2081 2094 2164 Tant y eut des couleurs diverses!...
1413 2124 1953 2192 Le ruissel, d'une source vive,
1413 2177 1946 2242 Descendait de roche naîve...
1413 2220 1991 2290 Je disais à Amours : « Amours,
1413 2267 2074 2348 Pourquoi me fais-tu vivre en plours
1415 2315 1993 2386 Et passer tristement mes jours,
1413 2340 2167 2421 Quand tu donnes partout plaisance?... »
1415 2413 2182 2496 Ainsi mon cœur se guermentait (plaignait)
1408 2456 2036 2536 De la grand’ douleur qu’il portait
1408 2501 1948 2577 En ce plaisant lieu solitaire...
1408 2556 1888 2614 Là fut le gracieux repaire
1400 2597 1928 2677 De ce que Nature a pu faire
1403 2642 1863 2707 De bel et joyeux en été;
1405 2692 1905 2755 Là n'avait-il rien à refaire
1405 2737 2034 2813 De tout ce qui me pouvait plaire...
1403 2788 1958 2861 Fors que ma dame y eût été !
1322 2893 2353 2964 Ce dernier trait est charmant. Mais ce n'est pas la
1274 2944 2348 3014 seule chose à remarquer dans cette bergerie véritable.
1277 3001 2338 3067 ment fraîche et gentille, malgré l’éternel lieu com¬
1277 3057 2343 3110 mun du printemps, des oiseaux et des fleurs. Quand
1269 3102 2343 3180 le poète nous dépeint les arbres fleuris aussi blancs
1277 3157 2345 3228 que si neige pure les couvrait, ne retrouve-t-on pas en
1282 3210 2338 3280 germe sous cette image gracieuse les vers suivants de
1285 3270 1561 3356 Victor Hugo:
1320 3336 2215 3459 Le beau pommier, tout fier de ses fleurs étoilées,
1400 3419 1953 3522 Neige odorante du printemps !
2020 3785 2073 3817 17
