2897 4318
1231 263 1341 345 271
201 363 1262 431 le piano: elles exprimaient toutes avec plus ou moins
209 413 1269 469 de bonheur les sentiments les plus doux de la famille.
209 465 1267 524 Elle continuait cet examen, lorsque la francée de
213 523 1269 589 M. Floquet et la jeune dame de Corseul rentrèrent
212 574 1266 641 dans le Salon. La robe d'Agathe avait un défaut, ce
208 632 1259 684 qui fut raconté avec une animation désolée par made¬
201 684 1269 748 moiselle Brémont et une certaine satisfaction mal dé¬
213 731 1259 797 guisée par Nathalie, dont la boilette un peu moins bril¬
208 782 1266 846 lante était en tous points irréprochable. Il n'était plus
213 841 1262 904 possible de causer religieuses et pensionnaires au
201 893 821 955 mileu de telles préoccupations.
241 952 1254 1002 « Parle toujours, je t'écoute! disait Agathe à Lau¬
208 994 1261 1043 rence. » — Et tandis que celle-ci obéissait en hési¬
201 1043 1257 1097 tant, l’autre se penchait à l‘oreille de Mathalie et dé¬
209 1097 1257 1167 plorait pour la vingtième fois l’erreur de la mal¬
205 1145 534 1204 adroite ouvrière.
245 1200 1261 1250 Le moment approchait où mademoiselle de Eersa¬
204 1249 1263 1312 lion devait quitter l’hôtel de Corseul. Aucune des
205 1302 1265 1377 deux amies ne cherchait à la retenir, mais, avant son
204 1356 1259 1408 départ, Mathalie voulut bien bien lui chanter une ro¬
196 1412 1261 1461 mance qu’un poète ami de la famille avait composée
205 1457 1261 1520 tout nouvellement. Le poète comparait Nathatie à
194 1506 1257 1575 toutes les héroines de la piété filiale et de l’amour
205 1561 1255 1624 maternel. Il la nommait l’ange gardien de l‛enfance
196 1619 1262 1674 et de la vieillesse, et la montrait dans le couplet final
196 1678 1250 1729 soutenant d’une main son aïeule, et de l’autre proté¬
197 1733 1263 1778 geant les deux jumeaux. La jeune femme chantait
196 1778 1257 1835 avec beaucoup de sentiment, et en donnant à ces
196 1829 1250 1891 simples mots : Mes enfants, ma mère, — une expres¬
192 1879 1259 1942 sion si touchante, qu’il était difficile de l’entendre
199 1931 1261 2009 sans émotion. L'air achevé, elle vint embrasser son
199 1988 1257 2043 aïeule et parla de ses chers petits anges avec un
194 2043 1261 2102 aplomb merveilleux. Tous les dévouements ne se res¬
194 2090 1250 2159 semblent pas. Celui de Mathalie consistait à confier
199 2143 1258 2198 ses enfants aux soins de son aïeule, et son aîeule aux
200 2198 1259 2263 caresses de ses marmots. Elle s’effaçait, les laissant
200 2236 1148 2316 à eux trois s’aider et s‘égayer les uns les autres.
235 2292 1257 2377 Agathe se mit à son tour au piano, et chanta, non
194 2342 1247 2413 sans quelques listrations occasionnées par la mau¬
194 2390 1255 2476 dite robe, je ne sais quelle chanson savoyarde sur le
193 2442 621 2511 mépris des richesses.
243 2484 1249 2562 « De mieux en mieut! » pensa Laurence; et comme
194 2538 1251 2618 l’heure du départ était arrivée, et que, d’ailleurs, il
199 2609 1251 2670 était temps que ses amies s’occupassent de leur toi¬
189 2649 1249 2723 lette, elle replaça sur ses épaules avec plus d'assu¬
188 2716 1250 2788 rance qu'elle n'en avait eu quatre heures aupara¬
199 2764 1247 2838 vant son châle un peu pâli, mais qui, du moins, re¬
201 2815 1243 2888 couvrait un cœur aimant et sincère. Ce pauvre c�elur
196 2854 1251 2939 était bien oppressé en ce moment, et elle eut peine à
199 2902 1247 2991 retenir ses larmes lorsque ses deux anciennes compa¬
207 2957 1249 3045 gnes, très-pressées de la voir partir, l’embrassèrent
201 3015 1235 3120 une dernière fois. La vieille dame l’accompagna jus¬
205 3053 463 3121 qu’à la grille.
241 3110 1250 3192 « Adieu, lui dit-elle avec effusion, retournez aux
194 3163 1242 3249 lieux où vous êtes aimée, oÙ l'on ne place pas au-dessus
200 3222 1243 3299 de tout les jouissances du luxe et un fol amour des
205 3254 1241 3348 plaisirs. J'ai longtemps rêvé le bonheur qui vous est
200 3325 1243 3407 donné, un toit paisible, d’agréables lectures dans la
200 3375 1243 3455 campagne, la rencontre et la société de gens simples,
197 3420 1245 3506 de bonnes gens véritablement heureux de me voir.
200 3462 1242 3561 Vous avez cela, et de plus la tendresse de votre mère,
194 3517 1242 3617 les bénédictions des pauvres que vous secourez, la
196 3568 1241 3671 conscience d'une vie saintement occupée, méritoire
200 3623 1249 3719 pour vous et utile aux autres. Un jour, de nouvelles
1347 373 2404 459 affections viendront encore l’embellir. Et le mérite
1349 416 2406 508 ayant décidé votre choix, vous trouverez dans un ma¬
1347 461 2409 562 rage heureux des plaisirs pars, des joies salutaires,
1347 527 2409 614 que les satisfactions morbides de la vanité n'ont ja¬
1345 581 1907 651 mais données à personne. »
1388 618 2402 716 L'horoscope était favorable, mais Laurence n’y
1356 679 2409 755 porta que peu d’attention. Elle embrassa madame de
1348 739 2414 818 Corseul, et se jeta dans la voiture qui devait la ra¬
1340 781 2420 862 mener à Saint-Jouan de l’Isle. Elle répondit à peine
1348 849 2413 896 aux questions de sa compagne de voyage. Elle souf¬
1340 895 2413 964 frait. Les illumins qu’il lui fallait laisser en arrière
1347 946 2420 1022 étaient de ces morts regretés qu'on pleure longtemps
1341 1003 2409 1064 après les avoir conduits à la fosse qui nous les dé¬
1345 1057 2414 1123 robe. La vie est pleine de ces funèbres retours, car,
1344 1105 2413 1174 chimères ou réalités, nous menons toujours le deuil
1348 1149 2045 1222 de quelqu’un ou de quelque chose.
1390 1200 2402 1269 Lorsque madame de Kersaliou revit notre voya¬
1341 1265 2412 1331 geuse, un grand changement s’était fait dans l’esprit
1340 1317 2409 1376 de cette dernière. Il n'était plus à craindre que le
1340 1365 2401 1432 désir de renouer d’anciennes relations vînt la trou¬
1340 1408 2402 1487 bler. Elle avait compris combien certaines amies d'en¬
1344 1469 2412 1553 fance gagnent à s'écarter de notre route avant les
1340 1521 2409 1599 transformations successives de l'âge. De trop confiante
1345 1576 2412 1632 qu'elle avait été jusque-là, peut-être semblait-elle en
1340 1627 2409 1695 ce moment trop sévère et trop désabusée à l'égard de
1345 1677 2402 1749 mademoiselle Brémont et de la jeune dame de Cor¬
1341 1737 2408 1803 seul. Les idées sombres de l’aïeule étaient devenues
1340 1766 2404 1854 contagieuses pour le cœur blessé de Laurence, et ce
1341 1836 2406 1891 monde qu'on venait de lui peindre, ce monde dont
1340 1880 2409 1954 l'influence délétère affaiblit les plus nobles instructions
1341 1943 2399 2002 de l'âme, elle en parlait avec une âpreté tout à fait
1341 1988 2402 2051 digne d'un vieux misanthree. Cette réaction inévi¬
1347 2045 2402 2114 table pour un caractère ardent n'étonna point la dame
1337 2094 2406 2162 du manoir. Celle-ci aimait et pratiquait la modéra¬
1345 2143 2401 2210 tion. Elle s’appliqua désormais à ramener sa fille à
1336 2198 2390 2265 moitié route entre les illumions d’autrefois et les dé¬
1345 2251 1965 2308 senchantements d'aujourd'hui.
1384 2265 2404 2366 « Je me réjouis, lui dit-elle, d’une leçon qui peut
1336 2354 2408 2414 te rendre notre solitude plus agréable; mais il ne faut
1345 2412 2394 2472 pas, après avoir rêvé à tes amies une perfection mo¬
1336 2464 2401 2528 rale qui te rendait leur éloignement doublement pé¬
1336 2512 2394 2563 nible, exagérer maintenant leurs défauts. Une des
1339 2562 2387 2633 qualités essentielles de la vertu, c'est la bienveillance.
1339 2614 2394 2674 d’autant plus durable qu’elle n’emprunte rien à l'en¬
1336 2670 2394 2735 thousiasme, d’autant plus précieuse qu'elle est aussi
1337 2729 2390 2786 une des premières conditions du bonheur. Notre ma¬
1336 2771 2387 2822 noir isolé te sourit mieux aujourd’hui que le tour¬
1329 2819 2394 2889 billon du monde. Cependant nous avons encore des
1332 2882 2385 2937 relations, ces relations peuvent s'étendre davantage,
1336 2931 2390 2988 et madame de Corseul a négligé de l'apprendre qu'il
1326 2979 2387 3039 n'est pas de lieu si retiré où l'on ne retrouve parfois
1326 3035 2382 3084 les misères qu’elle te signalait si douloureusement.
1329 3077 2387 3137 Sois donc aussi prudente, et en même temps, aussit
1328 3122 2374 3189 indulgente ici que tu devrais l’être à la ville. L’admi¬
1324 3175 2386 3242 ration aveugle demande une tendresse héroïque, de
1324 3242 2383 3302 sublimes dévouements qui lui font défaut, et le désen¬
1324 3278 2385 3353 chantement arrivé, elle s'éteint subitement, laissant
1324 3336 2383 3409 à sa place le dégoût, le mépris, quelquefois la haine.
1325 3393 2383 3454 Il n’en est pas ainsi de la bienveillance. En tonte ee-
1324 3440 2385 3502 casion, elle ne prend conseil que de la raison et de
1326 3485 2382 3552 la bonté, et si, d'un côté, elle attend peu des hommes
1326 3556 2385 3611 de l'autre, elle est toujours prète à leur pardonner
1322 3599 1631 3678 beaucoup.... »
1901 3629 2310 3717 HIPPOSTE VICLEAU.
