<?xml version="1.0" encoding="UTF-8" standalone="yes"?><PcGts xmlns="http://schema.primaresearch.org/PAGE/gts/pagecontent/2013-07-15"><Metadata><Creator>prov=READ-COOP:name=TrHtr:version=2.44.0:model_id=51170:date=14_06_2026_10:11</Creator><Created>2026-05-12T17:15:45.279069</Created><LastChange>2026-06-20T13:24:40.254+02:00</LastChange><TranskribusMetadata docId="14756063" pageId="115166751" pageNr="222" userId="187713" imgUrl="https://files.transkribus.eu/Get?fileType=view&amp;id=DXOBVAXFIONLOAJAFLGTLIXH" imageId="97254230"/></Metadata><Page imageFilename="20144531_222.jpg" imageWidth="2959" imageHeight="4075"><TextRegion id="tr_1778599023" custom="readingOrder {index:0;} structure {type:page-number;score:0.99;}"><Coords points="1642,108 1771,108 1771,175 1642,175"/><TextLine id="tr_1778599023_tl_1" custom="readingOrder {index:0;}"><Coords points="1661,174 1692,181 1710,172 1734,181 1760,166 1775,176 1789,176 1789,119 1755,120 1739,109 1729,116 1714,114 1702,120 1688,109 1673,120 1661,119"/><Baseline points="1668,158 1701,155 1746,158"/><TextEquiv><Unicode>202</Unicode></TextEquiv></TextLine><TextEquiv><Unicode></Unicode></TextEquiv></TextRegion><TextRegion id="r" custom="readingOrder {index:1;} structure {type:paragraph;}"><Coords points="521,2049 553,171 1687,182 1688,2049"/><TextLine id="r_tl_1" custom="readingOrder {index:0;}"><Coords points="673,253 1662,249 1661,195 1608,181 1435,213 843,164 672,195"/><Baseline points="680,226 725,229 770,229 815,229 859,229 904,232 949,232 994,235 1038,235 1083,238 1128,238 1173,238 1218,238 1262,241 1307,244 1352,241 1397,241 1441,241 1486,241 1531,241 1576,241 1621,241 1665,241 1668,238"/><TextEquiv><Unicode>Parce que mes fils, loin de faire la consolation</Unicode></TextEquiv></TextLine><TextLine id="r_tl_2" custom="readingOrder {index:1;}"><Coords points="583,302 1662,304 1619,252 583,234"/><Baseline points="591,286 635,286 680,286 725,283 770,289 815,289 859,289 904,289 949,289 994,289 1038,292 1083,292 1128,292 1173,292 1218,295 1262,295 1307,295 1352,298 1397,295 1441,295 1486,295 1531,295 1576,295 1621,295 1665,292 1668,289"/><TextEquiv><Unicode>de ma vie, comme j'avais le droit de l'espérer, me</Unicode></TextEquiv></TextLine><TextLine id="r_tl_3" custom="readingOrder {index:2;}"><Coords points="597,361 1660,357 1658,307 595,316"/><Baseline points="603,343 632,346 677,343 722,343 767,343 812,343 856,343 901,346 946,343 991,346 1035,346 1080,349 1125,349 1170,349 1215,352 1259,349 1304,352 1349,352 1394,352 1438,349 1483,349 1528,349 1573,346 1618,346 1662,340"/><TextEquiv><Unicode>causent, au contraire, de grands chagrins, et qu'au¬</Unicode></TextEquiv></TextLine><TextLine id="r_tl_4" custom="readingOrder {index:3;}"><Coords points="590,425 1662,401 1662,357 1589,354 590,357"/><Baseline points="597,391 641,400 686,400 731,400 776,397 820,397 865,400 910,397 955,400 1000,403 1044,403 1089,403 1134,406 1179,406 1223,403 1268,403 1313,403 1358,400 1403,400 1447,400 1492,400 1537,397 1582,397 1627,394 1665,391"/><TextEquiv><Unicode>jourd'hui même leur conduite légère et dissipée m'a</Unicode></TextEquiv></TextLine><TextLine id="r_tl_5" custom="readingOrder {index:4;}"><Coords points="595,462 1664,466 1664,417 595,422"/><Baseline points="603,450 635,453 680,453 725,453 770,450 815,450 859,450 904,453 949,453 994,456 1038,456 1083,456 1128,459 1173,459 1218,456 1262,456 1307,456 1352,453 1397,453 1441,447 1486,447 1531,447 1576,447 1621,447 1665,447"/><TextEquiv><Unicode>valu de graves reproches de la part du sage Abraham.</Unicode></TextEquiv></TextLine><TextLine id="r_tl_6" custom="readingOrder {index:5;}"><Coords points="636,514 691,530 1164,523 1164,484 1100,470 636,469"/><Baseline points="644,507 689,510 734,510 779,510 823,510 868,510 913,510 958,510 1003,510 1047,513 1092,510 1137,510 1167,510"/><TextEquiv><Unicode>Yssachar leva les épaules.</Unicode></TextEquiv></TextLine><TextLine id="r_tl_7" custom="readingOrder {index:6;}"><Coords points="683,578 1559,571 1664,557 1665,511 684,531"/><Baseline points="692,564 725,561 770,564 815,564 859,567 904,564 949,567 994,564 1038,561 1083,561 1128,561 1173,561 1218,558 1262,555 1307,552 1352,552 1397,552 1441,549 1486,549 1531,546 1576,546 1621,546 1665,549"/><TextEquiv><Unicode>Je me suis douté du but de la visite de ce vieil</Unicode></TextEquiv></TextLine><TextLine id="r_tl_8" custom="readingOrder {index:7;}"><Coords points="585,625 1665,617 1665,568 1617,557 586,576"/><Baseline points="594,617 638,614 683,617 728,620 773,620 817,617 862,617 907,614 952,617 997,614 1041,614 1086,611 1131,609 1176,609 1221,606 1265,606 1310,606 1355,603 1400,600 1444,600 1489,600 1534,600 1579,600 1624,600 1668,603"/><TextEquiv><Unicode>hypocrite, dit-il; mais, ce que je n'aurais jamais cru,</Unicode></TextEquiv></TextLine><TextLine id="r_tl_9" custom="readingOrder {index:8;}"><Coords points="591,687 1646,672 1664,621 593,635"/><Baseline points="600,668 635,668 680,671 725,668 770,671 815,668 859,668 904,668 949,665 994,662 1038,662 1083,659 1128,659 1173,656 1218,656 1262,653 1307,653 1352,653 1397,653 1441,650 1486,653 1531,653 1576,653 1621,653 1665,653"/><TextEquiv><Unicode>c'est qu'une femme tendre et sensée pût ajouter foi à</Unicode></TextEquiv></TextLine><TextLine id="r_tl_10" custom="readingOrder {index:9;}"><Coords points="583,740 1612,729 1662,718 1664,668 585,681"/><Baseline points="591,722 635,722 680,725 725,725 770,722 815,722 859,719 904,713 949,716 994,713 1038,710 1083,710 1128,710 1173,707 1218,707 1262,707 1307,707 1352,707 1397,707 1441,707 1486,704 1531,707 1576,707 1621,707 1665,710"/><TextEquiv><Unicode>ses discours. Ne sais-fu pas, mère, que ce prétendu</Unicode></TextEquiv></TextLine><TextLine id="r_tl_11" custom="readingOrder {index:10;}"><Coords points="583,786 1662,773 1634,715 583,740"/><Baseline points="591,776 635,776 680,773 725,776 770,773 815,770 859,770 904,767 949,764 994,764 1038,761 1083,761 1128,761 1173,761 1218,761 1262,758 1307,758 1352,761 1397,761 1441,761 1486,761 1531,761 1576,761 1621,761 1665,764"/><TextEquiv><Unicode>sage n'a pas de plus grand plaisir que de mettre le</Unicode></TextEquiv></TextLine><TextLine id="r_tl_12" custom="readingOrder {index:11;}"><Coords points="590,839 1649,831 1625,771 591,792"/><Baseline points="597,829 623,826 668,826 713,823 758,823 803,820 847,817 892,817 937,815 982,812 1026,815 1071,812 1116,812 1161,812 1206,812 1250,812 1295,815 1340,812 1385,815 1429,815 1474,815 1519,815 1564,815 1609,817 1653,815"/><TextEquiv><Unicode>trouble dans les familles et de blâmer à tort et à tra¬</Unicode></TextEquiv></TextLine><TextLine id="r_tl_13" custom="readingOrder {index:12;}"><Coords points="590,898 1653,890 1653,830 590,841"/><Baseline points="597,874 626,877 671,877 716,874 761,871 806,871 850,871 895,868 940,868 985,865 1029,865 1074,865 1119,868 1164,865 1209,868 1253,868 1298,868 1343,871 1388,868 1432,868 1477,868 1522,871 1567,871 1612,871 1656,871"/><TextEquiv><Unicode>vers la conduite des jeunes gens, qu’il envie au fond</Unicode></TextEquiv></TextLine><TextLine id="r_tl_14" custom="readingOrder {index:13;}"><Coords points="583,943 1651,946 1619,880 583,897"/><Baseline points="591,928 623,928 668,928 713,925 758,922 803,922 847,922 892,919 937,919 982,919 1026,919 1071,916 1116,919 1161,922 1206,922 1250,922 1295,922 1340,925 1385,925 1429,925 1474,922 1519,925 1564,922 1609,925 1653,922"/><TextEquiv><Unicode>de son cœur. Aussi ai-je grand soin de me sauver du</Unicode></TextEquiv></TextLine><TextLine id="r_tl_15" custom="readingOrder {index:14;}"><Coords points="583,1001 710,982 783,1001 827,985 868,1000 899,982 1106,986 1106,950 1071,931 963,947 877,929 805,950 711,933 649,956 583,941"/><Baseline points="591,976 617,979 662,979 707,976 752,976 797,973 841,973 886,973 931,973 976,973 1020,973 1065,973 1110,973"/><TextEquiv><Unicode>plus loin que je l'aperçois.</Unicode></TextEquiv></TextLine><TextLine id="r_tl_16" custom="readingOrder {index:15;}"><Coords points="680,1044 1653,1046 1651,999 1563,982 679,986"/><Baseline points="686,1023 731,1023 776,1026 820,1026 865,1026 910,1026 955,1026 1000,1026 1044,1026 1089,1029 1134,1029 1179,1029 1223,1029 1268,1029 1313,1029 1358,1029 1403,1029 1447,1029 1492,1029 1537,1032 1582,1029 1627,1032 1656,1035"/><TextEquiv><Unicode>Et moi de même, dit Benjamin; ne l’écoute pas,</Unicode></TextEquiv></TextLine><TextLine id="r_tl_17" custom="readingOrder {index:16;}"><Coords points="575,1097 1196,1104 1196,1052 1164,1038 1031,1059 970,1040 575,1045"/><Baseline points="582,1083 626,1083 671,1080 716,1080 761,1080 806,1083 850,1080 895,1077 940,1080 985,1080 1029,1080 1074,1083 1119,1083 1164,1083 1200,1083"/><TextEquiv><Unicode>mère, et embrasse tes enfants.</Unicode></TextEquiv></TextLine><TextLine id="r_tl_18" custom="readingOrder {index:17;}"><Coords points="673,1139 1591,1142 1557,1086 673,1100"/><Baseline points="680,1131 725,1134 770,1134 815,1134 859,1134 904,1137 949,1137 994,1137 1038,1137 1083,1134 1128,1137 1173,1134 1218,1137 1262,1137 1307,1137 1352,1134 1397,1137 1441,1137 1486,1134 1531,1134 1576,1134 1594,1134"/><TextEquiv><Unicode>Non, répondit Rachel d'un ton déjà radouci.</Unicode></TextEquiv></TextLine><TextLine id="r_tl_19" custom="readingOrder {index:18;}"><Coords points="681,1203 1647,1203 1632,1146 681,1146"/><Baseline points="689,1185 734,1188 779,1188 823,1191 868,1188 913,1188 958,1188 1003,1188 1047,1191 1092,1188 1137,1188 1182,1188 1226,1188 1271,1188 1316,1191 1361,1188 1406,1188 1450,1191 1495,1191 1540,1188 1585,1191 1630,1191 1650,1188"/><TextEquiv><Unicode>Vraiment oui, et tout de suite, » reprit Yssachar.</Unicode></TextEquiv></TextLine><TextLine id="r_tl_20" custom="readingOrder {index:19;}"><Coords points="616,1254 1647,1251 1624,1202 616,1200"/><Baseline points="623,1238 668,1241 713,1241 758,1241 803,1241 847,1241 892,1241 937,1241 982,1241 1026,1238 1071,1241 1116,1241 1161,1238 1206,1241 1250,1244 1295,1241 1340,1241 1385,1241 1429,1241 1474,1241 1519,1241 1564,1238 1609,1241 1650,1238"/><TextEquiv><Unicode>Et, enlaçant la Juive de ses bras nervvoux, il appro¬</Unicode></TextEquiv></TextLine><TextLine id="r_tl_21" custom="readingOrder {index:20;}"><Coords points="565,1316 1647,1305 1647,1251 704,1270 565,1240"/><Baseline points="573,1292 617,1295 662,1295 707,1295 752,1295 797,1295 841,1295 886,1295 931,1295 976,1292 1020,1295 1065,1295 1110,1295 1155,1295 1200,1298 1244,1295 1289,1295 1334,1295 1379,1295 1424,1295 1468,1295 1513,1295 1558,1295 1603,1295 1647,1295 1650,1295"/><TextEquiv><Unicode>cha son front large et pur des lèvres vermeilles de</Unicode></TextEquiv></TextLine><TextLine id="r_tl_22" custom="readingOrder {index:21;}"><Coords points="571,1360 1647,1356 1646,1315 1587,1304 570,1309"/><Baseline points="579,1346 623,1349 668,1349 713,1349 758,1349 803,1349 847,1346 892,1349 937,1349 982,1346 1026,1349 1071,1349 1116,1349 1161,1349 1206,1349 1250,1349 1295,1349 1340,1349 1385,1349 1429,1349 1474,1349 1519,1349 1564,1352 1609,1349 1650,1349"/><TextEquiv><Unicode>Rachel entièrement désarmée, et déroba pour ainsi</Unicode></TextEquiv></TextLine><TextLine id="r_tl_23" custom="readingOrder {index:22;}"><Coords points="579,1414 816,1420 857,1406 901,1425 956,1412 1014,1425 1059,1410 1057,1360 936,1373 873,1358 847,1375 764,1358 710,1379 578,1357"/><Baseline points="585,1400 629,1400 674,1403 719,1403 764,1403 809,1403 853,1403 898,1403 943,1403 988,1403 1032,1403 1062,1400"/><TextEquiv><Unicode>dire le baiser maternel.</Unicode></TextEquiv></TextLine><TextLine id="r_tl_24" custom="readingOrder {index:23;}"><Coords points="619,1476 1640,1472 1640,1416 1598,1412 619,1413"/><Baseline points="626,1450 671,1453 716,1456 761,1453 806,1453 850,1456 895,1456 940,1456 985,1456 1029,1456 1074,1456 1119,1456 1164,1453 1209,1456 1253,1456 1298,1456 1343,1456 1388,1456 1432,1456 1477,1456 1522,1456 1567,1456 1612,1456 1644,1456"/><TextEquiv><Unicode>« Oh ! de grâce, conduisez-vous mieux à l’avenir,</Unicode></TextEquiv></TextLine><TextLine id="r_tl_25" custom="readingOrder {index:24;}"><Coords points="571,1522 1650,1525 1623,1470 571,1470"/><Baseline points="579,1504 623,1507 668,1510 713,1507 758,1507 803,1507 847,1510 892,1510 937,1510 982,1507 1026,1510 1071,1510 1116,1510 1161,1510 1206,1510 1250,1510 1295,1510 1340,1510 1385,1510 1429,1510 1474,1510 1519,1510 1564,1510 1609,1510 1653,1510"/><TextEquiv><Unicode>dit la Juive attendrie, en pressant ses deux fils sur son</Unicode></TextEquiv></TextLine><TextLine id="r_tl_26" custom="readingOrder {index:25;}"><Coords points="571,1580 582,1580 602,1568 620,1572 657,1568 674,1579 692,1574 694,1530 677,1531 658,1522 644,1527 636,1519 619,1530 594,1522 572,1527"/><Baseline points="579,1561 606,1558 650,1561 695,1558"/><TextEquiv><Unicode>cœur.</Unicode></TextEquiv></TextLine><TextLine id="r_tl_27" custom="readingOrder {index:26;}"><Coords points="613,1615 1635,1627 1635,1571 1597,1567 613,1578"/><Baseline points="620,1609 665,1606 710,1612 755,1612 800,1612 844,1615 889,1612 934,1615 979,1615 1023,1615 1068,1615 1113,1615 1158,1615 1203,1615 1247,1615 1292,1615 1337,1615 1382,1615 1426,1612 1471,1612 1516,1615 1561,1615 1606,1615 1638,1612"/><TextEquiv><Unicode>— Sois tranquille, mère, répondit l’aîné d’un ton</Unicode></TextEquiv></TextLine><TextLine id="r_tl_28" custom="readingOrder {index:27;}"><Coords points="568,1676 1643,1684 1642,1631 567,1628"/><Baseline points="576,1659 620,1665 665,1662 710,1665 755,1665 800,1665 844,1665 889,1662 934,1665 979,1665 1023,1665 1068,1665 1113,1665 1158,1668 1203,1665 1247,1668 1292,1668 1337,1668 1382,1668 1426,1668 1471,1665 1516,1668 1561,1668 1606,1668 1647,1668"/><TextEquiv><Unicode>railleur; quand nous aurons, comme Abraham, la</Unicode></TextEquiv></TextLine><TextLine id="r_tl_29" custom="readingOrder {index:28;}"><Coords points="565,1732 1640,1730 1613,1688 1407,1675 565,1676"/><Baseline points="573,1713 617,1719 662,1719 707,1719 752,1719 797,1719 841,1716 886,1719 931,1719 976,1719 1020,1719 1065,1719 1110,1719 1155,1719 1200,1719 1244,1722 1289,1722 1334,1722 1379,1722 1424,1719 1468,1719 1513,1719 1558,1719 1603,1719 1644,1719"/><TextEquiv><Unicode>barbe blanche et la face ridée, quand nos dents tom¬</Unicode></TextEquiv></TextLine><TextLine id="r_tl_30" custom="readingOrder {index:29;}"><Coords points="560,1782 1642,1779 1602,1732 560,1730"/><Baseline points="567,1767 611,1770 656,1773 701,1770 746,1770 791,1770 835,1773 880,1773 925,1770 970,1770 1015,1770 1059,1770 1104,1773 1149,1773 1194,1773 1238,1773 1283,1773 1328,1773 1373,1773 1418,1773 1462,1773 1507,1773 1552,1773 1597,1770 1641,1770 1644,1770"/><TextEquiv><Unicode>beront une à une, et que nos jambes affaibles porte¬</Unicode></TextEquiv></TextLine><TextLine id="r_tl_31" custom="readingOrder {index:30;}"><Coords points="553,1837 1486,1852 1635,1834 1635,1794 552,1794"/><Baseline points="561,1821 606,1824 650,1824 695,1821 740,1821 785,1824 829,1821 874,1824 919,1824 964,1821 1009,1824 1053,1824 1098,1821 1143,1827 1188,1827 1232,1827 1277,1827 1322,1827 1367,1827 1412,1827 1456,1827 1501,1827 1546,1827 1591,1827 1635,1827 1638,1827"/><TextEquiv><Unicode>ront à peine notre corps chancelant, nous serons</Unicode></TextEquiv></TextLine><TextLine id="r_tl_32" custom="readingOrder {index:31;}"><Coords points="563,1890 1226,1898 1226,1839 563,1839"/><Baseline points="570,1871 614,1871 659,1874 704,1874 749,1868 794,1871 838,1874 883,1874 928,1874 973,1871 1018,1877 1062,1877 1107,1874 1152,1874 1197,1877 1229,1874"/><TextEquiv><Unicode>aussi sages que lui, je t'assure. »</Unicode></TextEquiv></TextLine><TextLine id="r_tl_33" custom="readingOrder {index:32;}"><Coords points="605,1935 1624,1951 1631,1890 604,1883"/><Baseline points="611,1922 656,1925 701,1928 746,1928 791,1928 835,1928 880,1928 925,1928 970,1928 1015,1928 1059,1931 1104,1931 1149,1931 1194,1931 1238,1931 1283,1931 1328,1931 1373,1931 1418,1931 1462,1931 1507,1934 1552,1934 1597,1934 1635,1934"/><TextEquiv><Unicode>II dit, et l’embrassa de nouveau; et la pauvre mère,</Unicode></TextEquiv></TextLine><TextLine id="r_tl_34" custom="readingOrder {index:33;}"><Coords points="560,2002 1604,2011 1635,1952 559,1929"/><Baseline points="567,1979 611,1982 656,1982 701,1982 746,1982 791,1979 835,1982 880,1982 925,1982 970,1982 1015,1982 1059,1979 1104,1982 1149,1982 1194,1985 1238,1985 1283,1988 1328,1988 1373,1985 1418,1985 1462,1982 1507,1985 1552,1985 1597,1985 1638,1982"/><TextEquiv><Unicode>plus aveugle que jamais, s’endormit ce jour-là heu¬</Unicode></TextEquiv></TextLine><TextLine id="r_tl_35" custom="readingOrder {index:34;}"><Coords points="548,2037 657,2055 679,2044 699,2059 725,2041 768,2056 861,2042 925,2068 925,2003 869,1996 841,2011 711,1995 673,2012 548,1999"/><Baseline points="555,2033 600,2033 644,2033 689,2033 734,2036 779,2036 823,2036 868,2033 913,2036 928,2036"/><TextEquiv><Unicode>reuse et rassurée.</Unicode></TextEquiv></TextLine><TextEquiv><Unicode></Unicode></TextEquiv></TextRegion><TextRegion id="tr_1778599025" custom="readingOrder {index:2;} structure {type:heading;score:0.99;}"><Coords points="1019,2057 1170,2057 1170,2138 1019,2138"/><TextLine id="tr_1778599025_tl_1" custom="readingOrder {index:0;}"><Coords points="1049,2126 1060,2123 1065,2126 1070,2121 1083,2119 1131,2128 1131,2046 1116,2042 1091,2046 1074,2034 1065,2042 1060,2038 1049,2041"/><Baseline points="1056,2110 1101,2110 1134,2110"/><TextEquiv><Unicode>III</Unicode></TextEquiv></TextLine><TextEquiv><Unicode></Unicode></TextEquiv></TextRegion><TextRegion id="r_3" custom="readingOrder {index:3;} structure {type:paragraph;}"><Coords points="1688,2148 1659,3757 510,3723 519,2148"/><TextLine id="r_3_tl_1" custom="readingOrder {index:0;}"><Coords points="595,2210 1638,2210 1638,2161 1576,2143 595,2145"/><Baseline points="603,2194 647,2197 692,2197 737,2197 782,2197 826,2197 871,2197 916,2197 961,2197 1006,2194 1050,2197 1095,2197 1140,2197 1185,2197 1229,2197 1274,2197 1319,2197 1364,2197 1409,2197 1453,2197 1498,2197 1543,2197 1588,2197 1632,2197 1641,2197"/><TextEquiv><Unicode>Deux ans s’étaient écoulés et tout avait changé de</Unicode></TextEquiv></TextLine><TextLine id="r_3_tl_2" custom="readingOrder {index:1;}"><Coords points="550,2262 1643,2260 1643,2217 1593,2207 550,2206"/><Baseline points="558,2247 603,2250 647,2250 692,2250 737,2250 782,2247 826,2247 871,2247 916,2247 961,2247 1006,2247 1050,2247 1095,2250 1140,2247 1185,2250 1229,2250 1274,2250 1319,2250 1364,2250 1409,2250 1453,2250 1498,2250 1543,2250 1588,2250 1632,2253 1647,2250"/><TextEquiv><Unicode>face à Constantin. Les Français étaient maîtres de la</Unicode></TextEquiv></TextLine><TextLine id="r_3_tl_3" custom="readingOrder {index:2;}"><Coords points="560,2316 1635,2318 1635,2266 1595,2262 560,2263"/><Baseline points="567,2298 611,2301 656,2301 701,2304 746,2304 791,2304 835,2301 880,2298 925,2298 970,2301 1015,2301 1059,2301 1104,2301 1149,2304 1194,2304 1238,2304 1283,2304 1328,2301 1373,2304 1418,2304 1462,2304 1507,2301 1552,2304 1597,2304 1638,2301"/><TextEquiv><Unicode>ville; Achmet-bey, errant et fugitif, expiait par la</Unicode></TextEquiv></TextLine><TextLine id="r_3_tl_4" custom="readingOrder {index:3;}"><Coords points="563,2373 1632,2372 1632,2319 563,2320"/><Baseline points="570,2355 614,2358 659,2355 704,2355 749,2355 794,2355 838,2355 883,2355 928,2355 973,2355 1018,2355 1062,2352 1107,2355 1152,2355 1197,2355 1241,2355 1286,2355 1331,2355 1376,2355 1421,2358 1465,2358 1510,2358 1555,2358 1600,2358 1635,2355"/><TextEquiv><Unicode>pauvreté et par des humiliations de tout genre son</Unicode></TextEquiv></TextLine><TextLine id="r_3_tl_5" custom="readingOrder {index:4;}"><Coords points="548,2428 1627,2433 1625,2369 546,2375"/><Baseline points="555,2406 600,2409 644,2409 689,2409 734,2409 779,2409 823,2406 868,2406 913,2406 958,2409 1003,2409 1047,2409 1092,2409 1137,2409 1182,2409 1226,2409 1271,2409 1316,2409 1361,2409 1406,2409 1450,2409 1495,2412 1540,2412 1585,2412 1630,2415 1632,2412"/><TextEquiv><Unicode>luxe mal acquis et ses cruautés révoltantes; les Juifs,</Unicode></TextEquiv></TextLine><TextLine id="r_3_tl_6" custom="readingOrder {index:5;}"><Coords points="548,2472 1627,2492 1627,2436 1574,2421 548,2427"/><Baseline points="555,2456 600,2459 644,2462 689,2462 734,2462 779,2462 823,2462 868,2462 913,2459 958,2459 1003,2459 1047,2459 1092,2462 1137,2462 1182,2462 1226,2462 1271,2462 1316,2465 1361,2462 1406,2462 1450,2462 1495,2462 1540,2462 1585,2465 1630,2468 1632,2465"/><TextEquiv><Unicode>si longtemps honnis et tyranny, relevaient la tête,</Unicode></TextEquiv></TextLine><TextLine id="r_3_tl_7" custom="readingOrder {index:6;}"><Coords points="548,2522 1627,2530 1601,2481 1473,2469 548,2497"/><Baseline points="555,2513 600,2513 644,2513 689,2513 734,2516 779,2513 823,2516 868,2516 913,2513 958,2516 1003,2516 1047,2516 1092,2516 1137,2516 1182,2516 1226,2516 1271,2516 1316,2516 1361,2516 1406,2516 1450,2516 1495,2519 1540,2519 1585,2516 1630,2513"/><TextEquiv><Unicode>car les nouveaux vainqueurs traitaient les Israélites</Unicode></TextEquiv></TextLine><TextLine id="r_3_tl_8" custom="readingOrder {index:7;}"><Coords points="548,2575 1620,2581 1620,2540 1545,2525 548,2519"/><Baseline points="555,2564 600,2567 644,2564 689,2567 734,2570 779,2567 823,2570 868,2570 913,2570 958,2567 1003,2567 1047,2567 1092,2570 1137,2570 1182,2570 1226,2570 1271,2570 1316,2573 1361,2570 1406,2570 1450,2570 1495,2570 1540,2573 1585,2573 1624,2567"/><TextEquiv><Unicode>à l’égal des Maures et des Arabes; et même, trou¬</Unicode></TextEquiv></TextLine><TextLine id="r_3_tl_9" custom="readingOrder {index:8;}"><Coords points="563,2628 1628,2635 1628,2583 1585,2579 563,2586"/><Baseline points="570,2615 614,2621 659,2621 704,2624 749,2621 794,2621 838,2621 883,2624 928,2624 973,2621 1018,2624 1062,2624 1107,2624 1152,2624 1197,2624 1241,2624 1286,2624 1331,2624 1376,2624 1421,2624 1465,2624 1510,2627 1555,2624 1600,2627 1632,2627"/><TextEquiv><Unicode>vant en eux plus de bonne volonté et d'aptitude, ils</Unicode></TextEquiv></TextLine><TextLine id="r_3_tl_10" custom="readingOrder {index:9;}"><Coords points="560,2685 1624,2685 1624,2634 560,2631"/><Baseline points="567,2671 611,2671 656,2671 701,2674 746,2671 791,2674 835,2677 880,2677 925,2677 970,2674 1015,2677 1059,2677 1104,2677 1149,2680 1194,2677 1238,2677 1283,2680 1328,2680 1373,2680 1418,2680 1462,2680 1507,2680 1552,2680 1597,2677 1627,2674"/><TextEquiv><Unicode>les employaient de préférence, pour certaines fonc¬</Unicode></TextEquiv></TextLine><TextLine id="r_3_tl_11" custom="readingOrder {index:10;}"><Coords points="553,2733 1628,2747 1627,2698 552,2692"/><Baseline points="561,2722 606,2725 650,2725 695,2725 740,2728 785,2728 829,2728 874,2728 919,2728 964,2728 1009,2731 1053,2731 1098,2728 1143,2731 1188,2734 1232,2731 1277,2731 1322,2731 1367,2731 1412,2731 1456,2731 1501,2731 1546,2731 1591,2731 1630,2731"/><TextEquiv><Unicode>tions exigeant de l’intelligence et du savoir-faire;</Unicode></TextEquiv></TextLine><TextLine id="r_3_tl_12" custom="readingOrder {index:11;}"><Coords points="548,2789 1627,2793 1625,2747 1526,2739 546,2743"/><Baseline points="555,2776 600,2779 644,2779 689,2779 734,2782 779,2782 823,2779 868,2779 913,2782 958,2782 1003,2785 1047,2785 1092,2785 1137,2785 1182,2785 1226,2785 1271,2785 1316,2785 1361,2785 1406,2785 1450,2785 1495,2785 1540,2782 1585,2785 1630,2782"/><TextEquiv><Unicode>aussi, il fallait voir avec quelle insolence un grand</Unicode></TextEquiv></TextLine><TextLine id="r_3_tl_13" custom="readingOrder {index:12;}"><Coords points="553,2849 1628,2854 1628,2808 1549,2792 553,2799"/><Baseline points="561,2827 606,2830 650,2830 695,2830 740,2833 785,2830 829,2833 874,2833 919,2836 964,2836 1009,2836 1053,2839 1098,2839 1143,2839 1188,2839 1232,2839 1277,2839 1322,2839 1367,2839 1412,2839 1456,2839 1501,2839 1546,2839 1591,2839 1630,2836"/><TextEquiv><Unicode>nombre de Juifs traitaient maintenant leurs anciens</Unicode></TextEquiv></TextLine><TextLine id="r_3_tl_14" custom="readingOrder {index:13;}"><Coords points="550,2901 1628,2903 1628,2863 1553,2850 550,2845"/><Baseline points="558,2883 603,2886 647,2886 692,2886 737,2883 782,2883 826,2886 871,2886 916,2886 961,2886 1006,2886 1050,2889 1095,2889 1140,2889 1185,2889 1229,2889 1274,2889 1319,2892 1364,2892 1409,2892 1453,2892 1498,2892 1543,2892 1588,2892 1632,2892 1635,2889"/><TextEquiv><Unicode>maîtres. Quelques Israélites même paraissaient admis</Unicode></TextEquiv></TextLine><TextLine id="r_3_tl_15" custom="readingOrder {index:14;}"><Coords points="553,2951 1632,2955 1632,2901 553,2901"/><Baseline points="561,2937 606,2940 650,2937 695,2937 740,2940 785,2937 829,2937 874,2937 919,2937 964,2940 1009,2940 1053,2940 1098,2940 1143,2943 1188,2943 1232,2943 1277,2946 1322,2943 1367,2943 1412,2946 1456,2946 1501,2946 1546,2943 1591,2943 1635,2940"/><TextEquiv><Unicode>dans l'intimité de certains colons nouvellement éta¬</Unicode></TextEquiv></TextLine><TextLine id="r_3_tl_16" custom="readingOrder {index:15;}"><Coords points="550,3014 1610,3017 1639,2970 549,2953"/><Baseline points="558,2997 603,2994 647,2994 692,2994 737,2994 782,2994 826,2994 871,2994 916,2991 961,2991 1006,2994 1050,2994 1095,2994 1140,2997 1185,2997 1229,2997 1274,2997 1319,2997 1364,2997 1409,2997 1453,2997 1498,3000 1543,3000 1588,2997 1632,2997 1641,2997"/><TextEquiv><Unicode>blis à Constantin, et faisaient avec eux des affaires</Unicode></TextEquiv></TextLine><TextLine id="r_3_tl_17" custom="readingOrder {index:16;}"><Coords points="550,3062 1628,3063 1601,3011 550,3014"/><Baseline points="558,3051 603,3051 647,3051 692,3051 737,3051 782,3051 826,3048 871,3048 916,3048 961,3048 1006,3048 1050,3048 1095,3048 1140,3048 1185,3048 1229,3048 1274,3051 1319,3051 1364,3051 1409,3051 1453,3054 1498,3054 1543,3054 1588,3051 1632,3048"/><TextEquiv><Unicode> lommerciales. De ce nombre étaient Yssachar et Ben¬</Unicode></TextEquiv></TextLine><TextLine id="r_3_tl_18" custom="readingOrder {index:17;}"><Coords points="556,3123 1638,3117 1628,3062 556,3059"/><Baseline points="564,3104 609,3104 653,3104 698,3104 743,3101 788,3104 832,3104 877,3104 922,3104 967,3104 1012,3101 1056,3101 1101,3101 1146,3101 1191,3104 1235,3104 1280,3104 1325,3104 1370,3104 1415,3104 1459,3104 1504,3104 1549,3104 1594,3104 1638,3104 1641,3104"/><TextEquiv><Unicode>jamin ben Koutchkali, les deux fils de Rachel. C'était</Unicode></TextEquiv></TextLine><TextLine id="r_3_tl_19" custom="readingOrder {index:18;}"><Coords points="550,3173 1625,3171 1625,3116 550,3127"/><Baseline points="558,3158 603,3158 647,3158 692,3158 737,3158 782,3155 826,3158 871,3158 916,3155 961,3158 1006,3158 1050,3158 1095,3158 1140,3158 1185,3158 1229,3158 1274,3158 1319,3158 1364,3158 1409,3158 1453,3158 1498,3158 1543,3158 1588,3158 1627,3158"/><TextEquiv><Unicode>du moins le motif qu’ils donnaient à leur mère pour</Unicode></TextEquiv></TextLine><TextLine id="r_3_tl_20" custom="readingOrder {index:19;}"><Coords points="553,3240 1628,3229 1628,3169 553,3173"/><Baseline points="561,3212 606,3215 650,3215 695,3212 740,3212 785,3212 829,3212 874,3215 919,3212 964,3212 1009,3212 1053,3212 1098,3212 1143,3212 1188,3212 1232,3212 1277,3212 1322,3212 1367,3212 1412,3212 1456,3212 1501,3212 1546,3212 1591,3212 1632,3212"/><TextEquiv><Unicode>justifier leurs longues absences de la maison pater¬</Unicode></TextEquiv></TextLine><TextLine id="r_3_tl_21" custom="readingOrder {index:20;}"><Coords points="548,3277 1632,3285 1632,3230 1555,3222 548,3235"/><Baseline points="555,3262 600,3265 644,3268 689,3268 734,3268 779,3268 823,3268 868,3268 913,3265 958,3268 1003,3268 1047,3268 1092,3268 1137,3268 1182,3268 1226,3265 1271,3268 1316,3268 1361,3265 1406,3265 1450,3265 1495,3268 1540,3268 1585,3268 1630,3265 1635,3265"/><TextEquiv><Unicode>nelle et leurs fréquentes demandes d’argent. La pau¬</Unicode></TextEquiv></TextLine><TextLine id="r_3_tl_22" custom="readingOrder {index:21;}"><Coords points="548,3334 1632,3331 1609,3277 548,3278"/><Baseline points="555,3313 600,3316 644,3319 689,3322 734,3319 779,3322 823,3322 868,3322 913,3322 958,3322 1003,3322 1047,3322 1092,3322 1137,3319 1182,3322 1226,3322 1271,3322 1316,3322 1361,3319 1406,3319 1450,3319 1495,3319 1540,3319 1585,3322 1630,3319 1635,3322"/><TextEquiv><Unicode>vre Juive soupirait tout bas, car elle avait en vain</Unicode></TextEquiv></TextLine><TextLine id="r_3_tl_23" custom="readingOrder {index:22;}"><Coords points="548,3395 1620,3402 1635,3334 546,3334"/><Baseline points="555,3367 600,3373 644,3373 689,3376 734,3376 779,3376 823,3379 868,3376 913,3376 958,3376 1003,3379 1047,3379 1092,3376 1137,3379 1182,3379 1226,3379 1271,3376 1316,3376 1361,3376 1406,3376 1450,3376 1495,3376 1540,3373 1585,3376 1630,3373 1638,3373"/><TextEquiv><Unicode>essayé les conseils et les reproches; ses douces repré¬</Unicode></TextEquiv></TextLine><TextLine id="r_3_tl_24" custom="readingOrder {index:23;}"><Coords points="555,3436 1636,3443 1635,3404 553,3397"/><Baseline points="561,3418 606,3424 650,3427 695,3430 740,3427 785,3433 829,3433 874,3433 919,3433 964,3433 1009,3436 1053,3436 1098,3436 1143,3436 1188,3436 1232,3436 1277,3436 1322,3433 1367,3433 1412,3433 1456,3433 1501,3433 1546,3433 1591,3433 1635,3430 1638,3433"/><TextEquiv><Unicode>sentations n'avaient servi qu'à éloigner davantage</Unicode></TextEquiv></TextLine><TextLine id="r_3_tl_25" custom="readingOrder {index:24;}"><Coords points="556,3488 1635,3502 1635,3443 1143,3473 556,3442"/><Baseline points="564,3468 609,3474 653,3477 698,3477 743,3483 788,3483 832,3486 877,3486 922,3486 967,3489 1012,3489 1056,3489 1101,3492 1146,3489 1191,3489 1235,3489 1280,3492 1325,3489 1370,3486 1415,3489 1459,3486 1504,3486 1549,3486 1594,3486 1638,3486"/><TextEquiv><Unicode>encore ces enfants ingrats, pour lesquels elle eût</Unicode></TextEquiv></TextLine><TextLine id="r_3_tl_26" custom="readingOrder {index:25;}"><Coords points="553,3528 1624,3568 1638,3500 552,3498"/><Baseline points="561,3522 606,3528 650,3528 695,3531 740,3534 785,3534 829,3537 874,3540 919,3540 964,3543 1009,3546 1053,3543 1098,3546 1143,3546 1188,3546 1232,3546 1277,3543 1322,3546 1367,3546 1412,3546 1456,3546 1501,3543 1546,3543 1591,3543 1635,3540 1641,3540"/><TextEquiv><Unicode>donné avec joie son sang et sa vie; le bandeau, dont</Unicode></TextEquiv></TextLine><TextLine id="r_3_tl_27" custom="readingOrder {index:26;}"><Coords points="541,3589 1628,3607 1627,3564 1568,3549 541,3545"/><Baseline points="549,3579 594,3579 638,3579 683,3582 728,3582 773,3585 817,3591 862,3591 907,3594 952,3594 997,3597 1041,3600 1086,3600 1131,3600 1176,3603 1221,3603 1265,3603 1310,3603 1355,3603 1400,3600 1444,3603 1489,3600 1534,3600 1579,3600 1624,3594 1632,3594"/><TextEquiv><Unicode>l'excès de sa tendresse avait couvert ses yeux, se dé¬</Unicode></TextEquiv></TextLine><TextLine id="r_3_tl_28" custom="readingOrder {index:27;}"><Coords points="548,3649 1636,3665 1635,3602 1159,3630 546,3590"/><Baseline points="555,3636 600,3636 644,3636 689,3636 734,3639 779,3639 823,3642 868,3645 913,3645 958,3648 1003,3651 1047,3654 1092,3657 1137,3657 1182,3657 1226,3657 1271,3657 1316,3657 1361,3657 1406,3660 1450,3660 1495,3657 1540,3657 1585,3654 1630,3651 1638,3654"/><TextEquiv><Unicode>tachait peu à peu et lui laissait apercevoir les vices</Unicode></TextEquiv></TextLine><TextLine id="r_3_tl_29" custom="readingOrder {index:28;}"><Coords points="540,3728 740,3694 1541,3752 1538,3669 537,3664"/><Baseline points="546,3689 591,3689 635,3689 680,3689 725,3689 770,3692 815,3692 859,3695 904,3695 949,3698 994,3701 1038,3704 1083,3704 1128,3710 1173,3713 1218,3713 1262,3713 1307,3713 1352,3713 1397,3716 1441,3713 1486,3713 1531,3713 1543,3713"/><TextEquiv><Unicode>du cœur cachés sous de gracieuses enveloppes.</Unicode></TextEquiv></TextLine><TextEquiv><Unicode></Unicode></TextEquiv></TextRegion><TextRegion id="tr_1778599021" custom="readingOrder {index:4;} structure {type:paragraph;score:0.99;}"><Coords points="1734,189 2852,194 2848,3357 1698,3362"/><TextLine id="tr_1778599021_tl_1" custom="readingOrder {index:0;}"><Coords points="1796,252 2820,268 2804,196 1796,187"/><Baseline points="1803,238 1847,235 1892,235 1937,235 1982,232 2027,232 2071,232 2116,229 2161,229 2206,229 2250,229 2295,229 2340,229 2385,229 2430,232 2474,235 2519,235 2564,238 2609,238 2653,241 2698,241 2743,244 2788,247 2824,250"/><TextEquiv><Unicode>Cependant Ruben n’arrivait point, on ne recevait</Unicode></TextEquiv></TextLine><TextLine id="tr_1778599021_tl_2" custom="readingOrder {index:1;}"><Coords points="1748,307 2344,289 2818,326 2818,267 2759,255 1748,256"/><Baseline points="1755,289 1800,292 1844,292 1889,289 1934,289 1979,286 2024,283 2068,286 2113,283 2158,283 2203,283 2247,283 2292,283 2337,283 2382,283 2427,283 2471,286 2516,286 2561,289 2606,289 2650,292 2695,295 2740,295 2785,298 2821,301"/><TextEquiv><Unicode>de lui aucune nouvelle, et peut-être même Rachel, à</Unicode></TextEquiv></TextLine><TextLine id="tr_1778599021_tl_3" custom="readingOrder {index:2;}"><Coords points="1752,357 2818,375 2816,326 2745,308 1751,304"/><Baseline points="1758,343 1803,343 1847,343 1892,343 1937,340 1982,337 2027,337 2071,337 2116,334 2161,331 2206,334 2250,334 2295,334 2340,334 2385,334 2430,337 2474,337 2519,337 2564,340 2609,340 2653,343 2698,346 2743,349 2788,352 2821,355"/><TextEquiv><Unicode>son insu, redoutait-elle maintenant le retour de son</Unicode></TextEquiv></TextLine><TextLine id="tr_1778599021_tl_4" custom="readingOrder {index:3;}"><Coords points="1752,414 2818,416 2816,373 2694,356 1751,358"/><Baseline points="1758,391 1803,394 1847,394 1892,391 1937,391 1982,391 2027,391 2071,388 2116,388 2161,385 2206,388 2250,388 2295,385 2340,388 2385,388 2430,388 2474,391 2519,391 2564,394 2609,394 2653,394 2698,397 2743,403 2788,406 2821,406"/><TextEquiv><Unicode>mari, à cause des reproches qu’il aurait pu lui faire.</Unicode></TextEquiv></TextLine><TextLine id="tr_1778599021_tl_5" custom="readingOrder {index:4;}"><Coords points="1756,458 2815,466 2814,432 2695,410 1755,414"/><Baseline points="1764,444 1809,444 1853,441 1898,444 1943,444 1988,438 2033,438 2077,438 2122,441 2167,441 2212,441 2256,441 2301,441 2346,441 2391,441 2436,444 2480,444 2525,444 2570,447 2615,447 2659,447 2704,453 2749,453 2794,456 2818,453"/><TextEquiv><Unicode>Ce n’était plus cette femme au teint fleuri, aux mein¬</Unicode></TextEquiv></TextLine><TextLine id="tr_1778599021_tl_6" custom="readingOrder {index:5;}"><Coords points="1748,505 2818,516 2784,467 1748,452"/><Baseline points="1755,492 1800,495 1844,492 1889,495 1934,495 1979,495 2024,492 2068,492 2113,495 2158,492 2203,492 2247,495 2292,495 2337,498 2382,498 2427,498 2471,498 2516,498 2561,498 2606,501 2650,498 2695,501 2740,504 2785,507 2821,507"/><TextEquiv><Unicode>bres potelés; le chagrin avait amaigri son corps et sil¬</Unicode></TextEquiv></TextLine><TextLine id="tr_1778599021_tl_7" custom="readingOrder {index:6;}"><Coords points="1744,556 2809,580 2820,526 1743,501"/><Baseline points="1752,546 1797,546 1841,543 1886,543 1931,543 1976,546 2021,546 2065,540 2110,546 2155,543 2200,549 2244,549 2289,549 2334,552 2379,549 2424,552 2468,552 2513,552 2558,552 2603,549 2648,552 2692,555 2737,555 2782,561 2824,561"/><TextEquiv><Unicode>lonné son visage de rides précoces; ses grands yeux</Unicode></TextEquiv></TextLine><TextLine id="tr_1778599021_tl_8" custom="readingOrder {index:7;}"><Coords points="1745,619 2818,635 2816,580 2758,570 1744,564"/><Baseline points="1752,600 1797,600 1841,597 1886,597 1931,597 1976,597 2021,600 2065,600 2110,600 2155,600 2200,603 2244,603 2289,606 2334,606 2379,606 2424,606 2468,606 2513,606 2558,606 2603,606 2648,609 2692,609 2737,611 2782,614 2821,611"/><TextEquiv><Unicode>noirs étaient ternis par les larmes, et sa main, si ha¬</Unicode></TextEquiv></TextLine><TextLine id="tr_1778599021_tl_9" custom="readingOrder {index:8;}"><Coords points="1741,664 2809,680 2809,643 2668,619 1741,621"/><Baseline points="1749,653 1794,653 1838,653 1883,650 1928,653 1973,656 2018,650 2062,653 2107,653 2152,656 2197,659 2241,659 2286,662 2331,659 2376,662 2421,662 2465,662 2510,662 2555,662 2600,659 2645,659 2689,662 2734,662 2779,665 2812,665"/><TextEquiv><Unicode>bile à manier l’or et la soie, ne s’occupait alors que</Unicode></TextEquiv></TextLine><TextLine id="tr_1778599021_tl_10" custom="readingOrder {index:9;}"><Coords points="1751,723 2816,747 2815,688 2700,673 1751,666"/><Baseline points="1758,707 1803,707 1847,707 1892,710 1937,710 1982,710 2027,710 2071,713 2116,710 2161,710 2206,713 2250,713 2295,716 2340,716 2385,713 2430,716 2474,716 2519,716 2564,716 2609,713 2653,716 2698,716 2743,716 2788,719 2818,722"/><TextEquiv><Unicode>de travaux grossiers; car sa fortune ne lui permettait</Unicode></TextEquiv></TextLine><TextLine id="tr_1778599021_tl_11" custom="readingOrder {index:10;}"><Coords points="1751,783 2819,777 2737,730 1751,722"/><Baseline points="1758,764 1803,764 1847,761 1892,761 1937,761 1982,764 2027,761 2071,764 2116,767 2161,764 2206,764 2250,767 2295,767 2340,767 2385,767 2430,767 2474,767 2519,770 2564,770 2609,770 2653,770 2698,770 2743,770 2788,773 2821,773"/><TextEquiv><Unicode>plus d’avoir des femmes de service. La dijebba de co¬</Unicode></TextEquiv></TextLine><TextLine id="tr_1778599021_tl_12" custom="readingOrder {index:11;}"><Coords points="1744,828 2812,842 2811,785 1743,785"/><Baseline points="1752,815 1797,820 1841,817 1886,817 1931,817 1976,817 2021,817 2065,820 2110,820 2155,820 2200,817 2244,820 2289,820 2334,820 2379,820 2424,820 2468,820 2513,820 2558,820 2603,820 2648,820 2692,823 2737,823 2782,826 2815,826"/><TextEquiv><Unicode>tonnade et le kaïck de laine commune remplaçaient</Unicode></TextEquiv></TextLine><TextLine id="tr_1778599021_tl_13" custom="readingOrder {index:12;}"><Coords points="1748,894 2818,890 2816,842 2741,832 1747,831"/><Baseline points="1755,874 1800,871 1844,868 1889,868 1934,871 1979,871 2024,871 2068,871 2113,874 2158,874 2203,874 2247,874 2292,874 2337,874 2382,874 2427,874 2471,874 2516,874 2561,874 2606,874 2650,874 2695,874 2740,877 2785,880 2821,883"/><TextEquiv><Unicode>pour elle les vêtements de brocart, et jusqu’à la</Unicode></TextEquiv></TextLine><TextLine id="tr_1778599021_tl_14" custom="readingOrder {index:13;}"><Coords points="1736,933 2812,944 2782,890 1736,899"/><Baseline points="1743,922 1788,925 1833,925 1877,925 1922,925 1967,925 2012,925 2056,925 2101,925 2146,925 2191,925 2236,925 2280,925 2325,925 2370,925 2415,925 2459,928 2504,925 2549,928 2594,925 2639,928 2683,928 2728,931 2773,931 2815,934"/><TextEquiv><Unicode>sarma (1) d'or des jours de fête, tout avait été vendu</Unicode></TextEquiv></TextLine><TextLine id="tr_1778599021_tl_15" custom="readingOrder {index:14;}"><Coords points="1749,1000 2811,1008 2809,947 2752,943 1748,937"/><Baseline points="1755,979 1800,976 1844,979 1889,982 1934,982 1979,979 2024,979 2068,979 2113,979 2158,979 2203,979 2247,979 2292,979 2337,979 2382,979 2427,979 2471,979 2516,979 2561,979 2606,982 2650,982 2695,982 2740,985 2785,988 2812,988"/><TextEquiv><Unicode>pour fournir aux folles dépenses de ses enfants. A la</Unicode></TextEquiv></TextLine><TextLine id="tr_1778599021_tl_16" custom="readingOrder {index:15;}"><Coords points="1744,1050 2812,1055 2812,1008 2691,991 1744,999"/><Baseline points="1752,1026 1797,1026 1841,1032 1886,1032 1931,1032 1976,1032 2021,1032 2065,1032 2110,1032 2155,1035 2200,1032 2244,1035 2289,1035 2334,1032 2379,1032 2424,1032 2468,1032 2513,1032 2558,1032 2603,1035 2648,1035 2692,1035 2737,1038 2782,1038 2815,1032"/><TextEquiv><Unicode>vérité, le vieil Abraham lui avait offert son secours</Unicode></TextEquiv></TextLine><TextLine id="tr_1778599021_tl_17" custom="readingOrder {index:16;}"><Coords points="1741,1108 2576,1090 2809,1124 2809,1065 1740,1052"/><Baseline points="1749,1077 1794,1083 1838,1083 1883,1086 1928,1083 1973,1086 2018,1086 2062,1083 2107,1083 2152,1086 2197,1086 2241,1086 2286,1086 2331,1086 2376,1086 2421,1086 2465,1086 2510,1086 2555,1086 2600,1086 2645,1089 2689,1089 2734,1092 2779,1095 2812,1095"/><TextEquiv><Unicode>pour faire rentrer dans le devoir les fils de Ruben;</Unicode></TextEquiv></TextLine><TextLine id="tr_1778599021_tl_18" custom="readingOrder {index:17;}"><Coords points="1733,1151 2818,1149 2750,1100 1733,1108"/><Baseline points="1740,1137 1785,1137 1830,1137 1874,1137 1919,1137 1964,1137 2009,1137 2053,1137 2098,1140 2143,1137 2188,1140 2233,1140 2277,1140 2322,1140 2367,1140 2412,1140 2456,1140 2501,1140 2546,1140 2591,1140 2636,1143 2680,1143 2725,1143 2770,1146 2815,1146 2821,1146"/><TextEquiv><Unicode>mais il était si absolu dans ses principes, si sévère</Unicode></TextEquiv></TextLine><TextLine id="tr_1778599021_tl_19" custom="readingOrder {index:18;}"><Coords points="1736,1203 2805,1209 2789,1154 1736,1159"/><Baseline points="1743,1188 1788,1191 1833,1188 1877,1188 1922,1188 1967,1191 2012,1191 2056,1191 2101,1191 2146,1191 2191,1191 2236,1191 2280,1194 2325,1194 2370,1194 2415,1194 2459,1194 2504,1194 2549,1194 2594,1194 2639,1194 2683,1197 2728,1197 2773,1197 2809,1197"/><TextEquiv><Unicode>dans ses corrections, que la Juive ne pouvait se ré¬</Unicode></TextEquiv></TextLine><TextLine id="tr_1778599021_tl_20" custom="readingOrder {index:19;}"><Coords points="1729,1259 2724,1251 2805,1281 2805,1219 2646,1204 1729,1210"/><Baseline points="1737,1241 1782,1244 1827,1244 1871,1244 1916,1244 1961,1247 2006,1244 2050,1244 2095,1244 2140,1244 2185,1247 2230,1247 2274,1247 2319,1247 2364,1247 2409,1247 2453,1247 2498,1247 2543,1247 2588,1247 2633,1247 2677,1247 2722,1250 2767,1250 2809,1250"/><TextEquiv><Unicode>soudre à lui confier la direction de ses enfants trop</Unicode></TextEquiv></TextLine><TextLine id="tr_1778599021_tl_21" custom="readingOrder {index:20;}"><Coords points="1729,1307 1781,1309 1793,1304 1805,1313 1849,1305 1860,1311 1873,1309 1873,1273 1856,1273 1831,1254 1796,1271 1771,1255 1759,1263 1729,1263"/><Baseline points="1737,1295 1782,1295 1827,1295 1871,1295 1877,1295"/><TextEquiv><Unicode>aimés.</Unicode></TextEquiv></TextLine><TextLine id="tr_1778599021_tl_22" custom="readingOrder {index:21;}"><Coords points="1779,1354 2808,1377 2807,1313 1778,1307"/><Baseline points="1785,1346 1830,1349 1874,1349 1919,1349 1964,1349 2009,1352 2053,1352 2098,1352 2143,1352 2188,1352 2233,1355 2277,1352 2322,1355 2367,1355 2412,1352 2456,1355 2501,1352 2546,1352 2591,1352 2636,1352 2680,1352 2725,1352 2770,1352 2812,1352"/><TextEquiv><Unicode>Un matin la pauvre Rochel pleurait amèrement</Unicode></TextEquiv></TextLine><TextLine id="tr_1778599021_tl_23" custom="readingOrder {index:22;}"><Coords points="1729,1424 2805,1417 2775,1364 1729,1361"/><Baseline points="1737,1403 1782,1403 1827,1400 1871,1403 1916,1406 1961,1403 2006,1403 2050,1406 2095,1406 2140,1406 2185,1406 2230,1406 2274,1406 2319,1409 2364,1406 2409,1406 2453,1409 2498,1406 2543,1406 2588,1406 2633,1406 2677,1406 2722,1406 2767,1406 2809,1406"/><TextEquiv><Unicode>dans sa maison solitaire, que depuis trois jours ses fils</Unicode></TextEquiv></TextLine><TextLine id="tr_1778599021_tl_24" custom="readingOrder {index:23;}"><Coords points="1729,1473 2805,1486 2765,1416 1729,1431"/><Baseline points="1737,1453 1782,1456 1827,1456 1871,1453 1916,1453 1961,1453 2006,1453 2050,1456 2095,1459 2140,1456 2185,1456 2230,1459 2274,1459 2319,1459 2364,1459 2409,1459 2453,1459 2498,1459 2543,1459 2588,1462 2633,1459 2677,1459 2722,1459 2767,1459 2806,1462"/><TextEquiv><Unicode>n’avaient pas visitée, lorsqu’on frappa à la porte.</Unicode></TextEquiv></TextLine><TextLine id="tr_1778599021_tl_25" custom="readingOrder {index:24;}"><Coords points="1733,1519 2805,1527 2782,1473 2680,1467 1733,1474"/><Baseline points="1740,1507 1785,1510 1830,1510 1874,1507 1919,1507 1964,1507 2009,1510 2053,1510 2098,1510 2143,1510 2188,1513 2233,1513 2277,1513 2322,1513 2367,1513 2412,1513 2456,1513 2501,1513 2546,1513 2591,1513 2636,1510 2680,1513 2725,1513 2770,1510 2809,1510"/><TextEquiv><Unicode>Elle courut palpitante tirer le verrou, toute prête en¬</Unicode></TextEquiv></TextLine><TextLine id="tr_1778599021_tl_26" custom="readingOrder {index:25;}"><Coords points="1736,1582 2804,1586 2803,1531 2700,1523 1736,1537"/><Baseline points="1743,1561 1788,1561 1833,1561 1877,1561 1922,1558 1967,1561 2012,1561 2056,1564 2101,1564 2146,1564 2191,1567 2236,1564 2280,1564 2325,1564 2370,1564 2415,1567 2459,1564 2504,1567 2549,1567 2594,1567 2639,1567 2683,1567 2728,1564 2773,1564 2806,1561"/><TextEquiv><Unicode>core à presser sur son cœur les ingrats qui lui cau¬</Unicode></TextEquiv></TextLine><TextLine id="tr_1778599021_tl_27" custom="readingOrder {index:26;}"><Coords points="1724,1631 2657,1646 2800,1624 2799,1579 1722,1583"/><Baseline points="1731,1615 1773,1615 1818,1615 1862,1615 1907,1615 1952,1615 1997,1618 2041,1618 2086,1618 2131,1618 2176,1618 2221,1618 2265,1621 2310,1621 2355,1618 2400,1621 2445,1621 2489,1621 2534,1621 2579,1618 2624,1618 2668,1618 2713,1618 2758,1615 2803,1609"/><TextEquiv><Unicode>saient tant de chagrins; mais, au lieu des frais vi¬</Unicode></TextEquiv></TextLine><TextLine id="tr_1778599021_tl_28" custom="readingOrder {index:27;}"><Coords points="1726,1681 2801,1683 2801,1628 1726,1638"/><Baseline points="1734,1668 1779,1665 1824,1665 1868,1668 1913,1668 1958,1668 2003,1668 2047,1668 2092,1668 2137,1668 2182,1671 2227,1671 2271,1671 2316,1671 2361,1671 2406,1671 2450,1671 2495,1674 2540,1671 2585,1671 2630,1671 2674,1668 2719,1668 2764,1668 2803,1668"/><TextEquiv><Unicode>sages d'Yssachar et de Benjamin, ce fut la figure</Unicode></TextEquiv></TextLine><TextLine id="tr_1778599021_tl_29" custom="readingOrder {index:28;}"><Coords points="1724,1730 2800,1734 2799,1699 2696,1681 1724,1680"/><Baseline points="1731,1719 1776,1716 1821,1719 1865,1719 1910,1719 1955,1719 2000,1722 2044,1722 2089,1722 2134,1722 2179,1722 2224,1722 2268,1722 2313,1725 2358,1725 2403,1725 2447,1725 2492,1725 2537,1725 2582,1722 2627,1722 2671,1722 2716,1722 2761,1722 2800,1722"/><TextEquiv><Unicode>rigide du vieux Juif qui lui apparut par le vasitas.</Unicode></TextEquiv></TextLine><TextLine id="tr_1778599021_tl_30" custom="readingOrder {index:29;}"><Coords points="1730,1781 2807,1790 2805,1737 1729,1732"/><Baseline points="1737,1773 1782,1770 1827,1773 1871,1773 1916,1773 1961,1773 2006,1776 2050,1773 2095,1776 2140,1776 2185,1776 2230,1776 2274,1776 2319,1776 2364,1776 2409,1776 2453,1779 2498,1779 2543,1773 2588,1773 2633,1776 2677,1776 2722,1776 2767,1776 2809,1773"/><TextEquiv><Unicode>La vue d’un spectre n’aurait pas effrayé davantage</Unicode></TextEquiv></TextLine><TextLine id="tr_1778599021_tl_31" custom="readingOrder {index:30;}"><Coords points="1726,1838 2803,1837 2801,1790 1725,1781"/><Baseline points="1734,1827 1776,1827 1821,1827 1865,1827 1910,1824 1955,1827 2000,1830 2044,1830 2089,1827 2134,1827 2179,1827 2224,1830 2268,1830 2313,1830 2358,1830 2403,1830 2447,1830 2492,1830 2537,1830 2582,1830 2627,1827 2671,1827 2716,1827 2761,1827 2806,1824"/><TextEquiv><Unicode>la pauvre créature, que l’aspect inattendu de ce sage</Unicode></TextEquiv></TextLine><TextLine id="tr_1778599021_tl_32" custom="readingOrder {index:31;}"><Coords points="1726,1891 2803,1903 2803,1863 2736,1835 1726,1838"/><Baseline points="1734,1877 1779,1877 1824,1877 1868,1880 1913,1880 1958,1880 2003,1880 2047,1880 2092,1883 2137,1880 2182,1880 2227,1883 2271,1883 2316,1883 2361,1883 2406,1883 2450,1883 2495,1883 2540,1883 2585,1883 2630,1883 2674,1883 2719,1883 2764,1880 2806,1877"/><TextEquiv><Unicode>d’Israël. Elle ouvrit néanmoins d'une main trem¬</Unicode></TextEquiv></TextLine><TextLine id="tr_1778599021_tl_33" custom="readingOrder {index:32;}"><Coords points="1718,1939 2797,1962 2782,1895 1718,1897"/><Baseline points="1725,1931 1770,1934 1815,1934 1859,1931 1904,1931 1949,1934 1994,1934 2038,1934 2083,1934 2128,1934 2173,1934 2218,1931 2262,1934 2307,1934 2352,1934 2397,1934 2442,1934 2486,1934 2531,1934 2576,1931 2621,1934 2665,1934 2710,1934 2755,1934 2800,1937 2803,1934"/><TextEquiv><Unicode>blante, et salua jusqu’à terre l’oncle de son mari.</Unicode></TextEquiv></TextLine><TextLine id="tr_1778599021_tl_34" custom="readingOrder {index:33;}"><Coords points="1724,2000 2698,1999 2683,1947 1724,1951"/><Baseline points="1731,1985 1776,1985 1821,1985 1865,1985 1910,1985 1955,1985 2000,1985 2044,1985 2089,1985 2134,1988 2179,1985 2224,1988 2268,1988 2313,1988 2358,1988 2403,1988 2447,1988 2492,1988 2537,1988 2582,1988 2627,1985 2671,1988 2701,1985"/><TextEquiv><Unicode>Mais lui, droit et raide sur le seuil de la porte :</Unicode></TextEquiv></TextLine><TextLine id="tr_1778599021_tl_35" custom="readingOrder {index:34;}"><Coords points="1766,2046 2800,2061 2800,2007 2709,1997 1766,1999"/><Baseline points="1773,2036 1818,2038 1862,2036 1907,2038 1952,2038 1997,2038 2041,2041 2086,2038 2131,2041 2176,2038 2221,2041 2265,2041 2310,2041 2355,2041 2400,2041 2445,2038 2489,2038 2534,2041 2579,2038 2624,2041 2668,2041 2713,2041 2758,2041 2803,2038"/><TextEquiv><Unicode>« Tes fils viennent d’être ramassés ivres-morts au</Unicode></TextEquiv></TextLine><TextLine id="tr_1778599021_tl_36" custom="readingOrder {index:35;}"><Coords points="1724,2100 2800,2106 2800,2057 2718,2051 1724,2053"/><Baseline points="1731,2089 1776,2089 1821,2089 1865,2089 1910,2092 1955,2092 2000,2092 2044,2092 2089,2092 2134,2092 2179,2095 2224,2095 2268,2095 2313,2095 2358,2095 2403,2095 2447,2092 2492,2095 2537,2092 2582,2095 2627,2095 2671,2095 2716,2095 2761,2095 2803,2095"/><TextEquiv><Unicode>coin de la rue des Mouches, dit-il d’une voix lente et</Unicode></TextEquiv></TextLine><TextLine id="tr_1778599021_tl_37" custom="readingOrder {index:36;}"><Coords points="1718,2149 2790,2162 2789,2106 1717,2108"/><Baseline points="1725,2143 1770,2143 1815,2143 1859,2146 1904,2146 1949,2146 1994,2146 2038,2143 2083,2143 2128,2146 2173,2146 2218,2149 2262,2149 2307,2149 2352,2149 2397,2146 2442,2146 2486,2149 2531,2146 2576,2146 2621,2146 2665,2149 2710,2149 2755,2149 2794,2146"/><TextEquiv><Unicode>solennelle ; le jeu et la débauche ont englouti leur</Unicode></TextEquiv></TextLine><TextLine id="tr_1778599021_tl_38" custom="readingOrder {index:37;}"><Coords points="1724,2211 2800,2218 2767,2160 1724,2154"/><Baseline points="1731,2194 1776,2197 1821,2197 1865,2197 1910,2197 1955,2197 2000,2197 2044,2200 2089,2197 2134,2197 2179,2197 2224,2200 2268,2200 2313,2200 2358,2200 2403,2200 2447,2200 2492,2200 2537,2200 2582,2200 2627,2200 2671,2200 2716,2200 2761,2203 2803,2197"/><TextEquiv><Unicode>fortune, la débauche et l’intempérance consumeront</Unicode></TextEquiv></TextLine><TextLine id="tr_1778599021_tl_39" custom="readingOrder {index:38;}"><Coords points="1718,2264 2797,2263 2797,2222 2752,2215 1718,2215"/><Baseline points="1725,2250 1770,2247 1815,2247 1859,2250 1904,2250 1949,2250 1994,2250 2038,2250 2083,2253 2128,2250 2173,2250 2218,2250 2262,2250 2307,2253 2352,2253 2397,2253 2442,2253 2486,2253 2531,2250 2576,2253 2621,2253 2665,2253 2710,2253 2755,2253 2800,2247"/><TextEquiv><Unicode>leur corps. Sois maudite, fille d’Azariel, toi qui n’as</Unicode></TextEquiv></TextLine><TextLine id="tr_1778599021_tl_40" custom="readingOrder {index:39;}"><Coords points="1721,2329 2797,2319 2797,2264 1721,2275"/><Baseline points="1728,2310 1770,2304 1815,2301 1859,2301 1904,2301 1949,2301 1994,2304 2038,2301 2083,2301 2128,2301 2173,2298 2218,2301 2262,2304 2307,2304 2352,2304 2397,2304 2442,2304 2486,2304 2531,2301 2576,2304 2621,2304 2665,2301 2710,2304 2755,2304 2800,2304"/><TextEquiv><Unicode>pas su élever sous les yeux de Dieu les fils qu’il t’a¬</Unicode></TextEquiv></TextLine><TextLine id="tr_1778599021_tl_41" custom="readingOrder {index:40;}"><Coords points="1724,2367 2684,2378 2683,2320 1724,2330"/><Baseline points="1731,2352 1776,2355 1821,2355 1865,2355 1910,2355 1955,2355 2000,2358 2044,2355 2089,2358 2134,2358 2179,2355 2224,2355 2268,2358 2313,2358 2358,2355 2403,2358 2447,2358 2492,2358 2537,2358 2582,2358 2627,2358 2671,2358 2686,2358"/><TextEquiv><Unicode>vait donnés ! sois maudite avec eux et par eux !</Unicode></TextEquiv></TextLine><TextLine id="tr_1778599021_tl_42" custom="readingOrder {index:41;}"><Coords points="1759,2414 2793,2433 2793,2388 2657,2371 1759,2368"/><Baseline points="1767,2406 1812,2403 1856,2409 1901,2409 1946,2409 1991,2409 2036,2409 2080,2406 2125,2409 2170,2409 2215,2412 2259,2412 2304,2412 2349,2412 2394,2412 2439,2412 2483,2412 2528,2409 2573,2409 2618,2412 2662,2412 2707,2412 2752,2412 2797,2409"/><TextEquiv><Unicode>— Grâce ! grâce pour mes enfants ! » cria la pau¬</Unicode></TextEquiv></TextLine><TextLine id="tr_1778599021_tl_43" custom="readingOrder {index:42;}"><Coords points="1729,2472 2800,2488 2765,2425 1729,2438"/><Baseline points="1737,2456 1782,2456 1827,2459 1871,2462 1916,2462 1961,2462 2006,2462 2050,2462 2095,2462 2140,2462 2185,2462 2230,2462 2274,2462 2319,2465 2364,2462 2409,2465 2453,2465 2498,2462 2543,2465 2588,2462 2633,2462 2677,2462 2722,2465 2767,2465 2803,2465"/><TextEquiv><Unicode>vre femme se presternant jusqu’à terre et d’une voix</Unicode></TextEquiv></TextLine><TextLine id="tr_1778599021_tl_44" custom="readingOrder {index:43;}"><Coords points="1718,2541 1759,2526 1984,2523 2029,2541 2229,2526 2228,2499 2158,2478 1970,2488 1942,2473 1848,2493 1717,2476"/><Baseline points="1725,2513 1770,2513 1815,2516 1859,2516 1904,2516 1949,2513 1994,2516 2038,2516 2083,2516 2128,2516 2173,2516 2218,2519 2233,2516"/><TextEquiv><Unicode>entrecoupée de sanglots.</Unicode></TextEquiv></TextLine><TextLine id="tr_1778599021_tl_45" custom="readingOrder {index:44;}"><Coords points="1766,2583 2741,2591 2790,2587 2789,2537 1764,2533"/><Baseline points="1773,2567 1818,2567 1862,2567 1907,2567 1952,2570 1997,2570 2041,2570 2086,2570 2131,2570 2176,2570 2221,2573 2265,2573 2310,2573 2355,2573 2400,2570 2445,2570 2489,2570 2534,2570 2579,2570 2624,2570 2668,2570 2713,2570 2758,2570 2794,2570"/><TextEquiv><Unicode>Et saisissant convulsivement le burnous d’Abraham,</Unicode></TextEquiv></TextLine><TextLine id="tr_1778599021_tl_46" custom="readingOrder {index:45;}"><Coords points="1722,2651 1803,2630 2234,2646 2289,2634 2289,2589 2015,2597 1954,2579 1801,2601 1721,2583"/><Baseline points="1728,2621 1755,2618 1800,2618 1844,2621 1889,2621 1934,2624 1979,2624 2024,2624 2068,2621 2113,2621 2158,2621 2203,2621 2247,2621 2292,2618"/><TextEquiv><Unicode>elle répétait avec désespoir :</Unicode></TextEquiv></TextLine><TextLine id="tr_1778599021_tl_47" custom="readingOrder {index:46;}"><Coords points="1763,2681 1936,2702 2484,2683 2484,2638 2457,2628 2034,2653 1763,2635"/><Baseline points="1770,2671 1815,2674 1859,2674 1904,2674 1949,2671 1994,2674 2038,2671 2083,2674 2128,2674 2173,2668 2218,2671 2262,2674 2307,2677 2352,2674 2397,2674 2442,2674 2486,2674"/><TextEquiv><Unicode>« Grâce pour eux ! grâce poux eux!</Unicode></TextEquiv></TextLine><TextLine id="tr_1778599021_tl_48" custom="readingOrder {index:47;}"><Coords points="1804,2736 2797,2740 2797,2688 2747,2685 1804,2685"/><Baseline points="1812,2722 1856,2728 1901,2728 1946,2728 1991,2728 2036,2725 2080,2728 2125,2725 2170,2728 2215,2725 2259,2728 2304,2728 2349,2728 2394,2728 2439,2728 2483,2728 2528,2728 2573,2728 2618,2728 2662,2728 2707,2728 2752,2728 2797,2728 2800,2728"/><TextEquiv><Unicode>Ni pour eux ni pour toi, malheureuse, répondit</Unicode></TextEquiv></TextLine><TextLine id="tr_1778599021_tl_49" custom="readingOrder {index:48;}"><Coords points="1718,2790 2797,2794 2775,2741 1717,2739"/><Baseline points="1725,2782 1770,2782 1815,2779 1859,2782 1904,2782 1949,2779 1994,2782 2038,2779 2083,2779 2128,2779 2173,2782 2218,2782 2262,2782 2307,2782 2352,2782 2397,2782 2442,2782 2486,2779 2531,2782 2576,2782 2621,2782 2665,2782 2710,2782 2755,2782 2800,2779"/><TextEquiv><Unicode>le vieillard d’une voix inflexible. Le grand prêtre Héli</Unicode></TextEquiv></TextLine><TextLine id="tr_1778599021_tl_50" custom="readingOrder {index:49;}"><Coords points="1711,2850 2797,2848 2771,2790 1711,2794"/><Baseline points="1719,2833 1764,2833 1809,2836 1853,2833 1898,2833 1943,2833 1988,2833 2033,2836 2077,2836 2122,2836 2167,2836 2212,2833 2256,2833 2301,2836 2346,2833 2391,2833 2436,2833 2480,2833 2525,2833 2570,2833 2615,2836 2659,2836 2704,2836 2749,2836 2794,2833 2800,2836"/><TextEquiv><Unicode>ne fut-il point condamné pour les crimes de ses fils</Unicode></TextEquiv></TextLine><TextLine id="tr_1778599021_tl_51" custom="readingOrder {index:50;}"><Coords points="1721,2910 2803,2901 2803,2852 1721,2860"/><Baseline points="1728,2886 1773,2889 1818,2889 1862,2889 1907,2889 1952,2886 1997,2886 2041,2886 2086,2886 2131,2886 2176,2886 2221,2886 2265,2883 2310,2886 2355,2889 2400,2886 2445,2886 2489,2886 2534,2886 2579,2889 2624,2886 2668,2886 2713,2889 2758,2886 2803,2889 2806,2889"/><TextEquiv><Unicode>qui moururent avant l'âge, et lui-même ne périt-il</Unicode></TextEquiv></TextLine><TextLine id="tr_1778599021_tl_52" custom="readingOrder {index:51;}"><Coords points="1724,2963 2793,2961 2793,2906 1724,2917"/><Baseline points="1731,2934 1773,2943 1818,2943 1862,2940 1907,2940 1952,2940 1997,2940 2041,2940 2086,2940 2131,2940 2176,2940 2221,2940 2265,2940 2310,2943 2355,2943 2400,2943 2445,2943 2489,2943 2534,2943 2579,2940 2624,2940 2668,2940 2713,2940 2758,2943 2797,2943"/><TextEquiv><Unicode>pas misérablement en punition de sa faiblesse? Tel</Unicode></TextEquiv></TextLine><TextLine id="tr_1778599021_tl_53" custom="readingOrder {index:52;}"><Coords points="1718,3017 2793,3019 2793,2968 2713,2953 1718,2966"/><Baseline points="1725,2994 1770,2997 1815,2997 1859,2997 1904,2997 1949,2997 1994,2997 2038,2997 2083,2994 2128,2994 2173,2994 2218,2997 2262,2997 2307,2994 2352,2997 2397,2997 2442,2997 2486,2994 2531,2994 2576,3000 2621,3000 2665,2997 2710,2997 2755,2997 2797,2994"/><TextEquiv><Unicode>est le sort qui t'attend, fille d’Azariel; je t’ai préve¬</Unicode></TextEquiv></TextLine><TextLine id="tr_1778599021_tl_54" custom="readingOrder {index:53;}"><Coords points="1715,3071 2728,3078 2797,3023 1714,3022"/><Baseline points="1722,3048 1725,3048 1770,3048 1815,3048 1859,3051 1904,3051 1949,3051 1994,3051 2038,3051 2083,3051 2128,3048 2173,3051 2218,3051 2262,3051 2307,3051 2352,3051 2397,3051 2442,3051 2486,3054 2531,3054 2576,3054 2621,3054 2665,3051 2710,3054 2755,3051 2800,3045"/><TextEquiv><Unicode>nue, et tu n’as pas tenu compte de mes avertisse¬</Unicode></TextEquiv></TextLine><TextLine id="tr_1778599021_tl_55" custom="readingOrder {index:54;}"><Coords points="1711,3104 2800,3127 2763,3063 1711,3068"/><Baseline points="1719,3101 1764,3104 1809,3101 1853,3098 1898,3104 1943,3104 1988,3104 2033,3104 2077,3104 2122,3104 2167,3104 2212,3104 2256,3104 2301,3104 2346,3104 2391,3104 2436,3104 2480,3104 2525,3107 2570,3104 2615,3104 2659,3107 2704,3107 2749,3107 2794,3104 2803,3104"/><TextEquiv><Unicode>ments; l'heure de la miséricorde est passée, celle de</Unicode></TextEquiv></TextLine><TextLine id="tr_1778599021_tl_56" custom="readingOrder {index:55;}"><Coords points="1711,3173 2755,3169 2755,3128 2684,3117 1711,3108"/><Baseline points="1719,3155 1764,3155 1809,3158 1853,3158 1898,3158 1943,3158 1988,3158 2033,3155 2077,3152 2122,3158 2167,3158 2212,3158 2256,3161 2301,3161 2346,3161 2391,3161 2436,3161 2480,3161 2525,3164 2570,3164 2615,3164 2659,3161 2704,3161 2749,3158 2758,3155"/><TextEquiv><Unicode>la vergeance approche, malheur à eux! malheu¬</Unicode></TextEquiv></TextLine><TextLine id="tr_1778599021_tl_57" custom="readingOrder {index:56;}"><Coords points="1719,3217 1734,3224 1743,3220 1766,3225 1773,3218 1785,3222 1804,3216 1826,3226 1845,3224 1846,3169 1815,3186 1807,3186 1781,3166 1769,3172 1749,3165 1734,3173 1721,3171"/><Baseline points="1728,3209 1761,3209 1806,3209 1850,3206"/><TextEquiv><Unicode>toi ! »</Unicode></TextEquiv></TextLine><TextLine id="tr_1778599021_tl_58" custom="readingOrder {index:57;}"><Coords points="1759,3269 2799,3284 2760,3213 2630,3243 1759,3225"/><Baseline points="1767,3262 1812,3262 1856,3265 1901,3265 1946,3268 1991,3268 2036,3268 2080,3268 2125,3268 2170,3268 2215,3271 2259,3271 2304,3271 2349,3271 2394,3271 2439,3271 2483,3271 2528,3271 2573,3271 2618,3274 2662,3271 2707,3271 2752,3268 2797,3268 2800,3268"/><TextEquiv><Unicode>Et refermant la porte sur lui, il abandonna la pau¬</Unicode></TextEquiv></TextLine><TextLine id="tr_1778599021_tl_59" custom="readingOrder {index:58;}"><Coords points="1721,3323 2164,3363 2210,3335 2557,3338 2536,3280 1721,3292"/><Baseline points="1728,3316 1773,3316 1818,3319 1862,3322 1907,3322 1952,3325 1997,3325 2041,3325 2086,3322 2131,3325 2176,3325 2221,3328 2265,3328 2310,3328 2355,3328 2400,3328 2445,3328 2489,3325 2534,3328 2561,3325"/><TextEquiv><Unicode>vre Juive, encore posternée sur le seuil.</Unicode></TextEquiv></TextLine><TextEquiv><Unicode></Unicode></TextEquiv></TextRegion><TextRegion id="r_2" custom="readingOrder {index:5;} structure {type:heading;}"><Coords points="2136,3462 2133,3447 2189,3384 2335,3384 2384,3438 2354,3462"/><TextLine id="l" custom="readingOrder {index:0;}"><Coords points="2239,3448 2301,3448 2301,3418 2239,3418"/><Baseline points="2239,3448 2301,3448"/><TextEquiv><Unicode>IV</Unicode></TextEquiv></TextLine><TextEquiv><Unicode></Unicode></TextEquiv></TextRegion><TextRegion id="r_4" custom="readingOrder {index:6;} structure {type:paragraph;}"><Coords points="2795,3464 2795,3565 1764,3565 1764,3464"/><TextLine id="r_4_tl_1" custom="readingOrder {index:0;}"><Coords points="1759,3542 2803,3541 2794,3485 1759,3499"/><Baseline points="1767,3525 1776,3528 1821,3528 1865,3528 1910,3531 1955,3531 2000,3534 2044,3531 2089,3534 2134,3534 2179,3534 2224,3534 2268,3537 2313,3537 2358,3537 2403,3537 2447,3537 2492,3534 2537,3534 2582,3531 2627,3531 2671,3525 2716,3522 2761,3519 2806,3516"/><TextEquiv><Unicode>Le jeu avait entièrement ruiné les deux jeunes</Unicode></TextEquiv></TextLine><TextEquiv><Unicode></Unicode></TextEquiv></TextRegion><TextRegion id="tr_1778599026" custom="readingOrder {index:7;} structure {type:footnote;score:0.99;}"><Coords points="1694,3595 2822,3595 2822,3798 1694,3798"/><TextLine id="tr_1778599026_tl_1" custom="readingOrder {index:0;}"><Coords points="1770,3680 2800,3662 2769,3597 2480,3638 1771,3615"/><Baseline points="1779,3663 1818,3666 1862,3666 1907,3666 1952,3666 1997,3668 2041,3668 2086,3671 2131,3671 2176,3671 2221,3671 2265,3671 2310,3671 2355,3671 2400,3671 2445,3671 2489,3668 2534,3666 2579,3663 2624,3660 2668,3657 2713,3654 2758,3651 2803,3648"/><TextEquiv><Unicode>(1) Sarma, espèce de bonnet élevé, fabriqué avec des fils</Unicode></TextEquiv></TextLine><TextLine id="tr_1778599026_tl_2" custom="readingOrder {index:1;}"><Coords points="1718,3733 1850,3758 2140,3728 2480,3741 2480,3679 2019,3692 1718,3665"/><Baseline points="1725,3710 1770,3713 1815,3716 1859,3716 1904,3719 1949,3719 1994,3719 2038,3722 2083,3722 2128,3722 2173,3722 2218,3722 2262,3722 2307,3722 2352,3722 2397,3719 2442,3719 2483,3716"/><TextEquiv><Unicode>d’archal et orné de voiles et de dentelles.</Unicode></TextEquiv></TextLine><TextEquiv><Unicode></Unicode></TextEquiv></TextRegion></Page></PcGts>