2907 4318
1356 151 1445 249 19
224 234 1342 324 Il n’en manque pas dans cette corbeille : voici d’abord
224 296 1335 373 une broderie commencée pour l’église ; si je l‘ache-
230 359 1337 413 vais?... Travailler pour l’autel, c’est répandre le par¬
224 405 1333 489 fum de Madeleine aux pieds du Sauveur !... Oui
223 464 1344 548 mais cette communiante que j’ai promis d’habiller...
227 523 1340 603 n’est-ce pas un autel vivant? D’un autre côté, voici
224 565 1348 642 un tricot de laine destiné à un pauvre vieillard... et
233 632 1337 706 puis, cette layette pour l’enfant de la voisine... Je n’ai
237 688 1335 755 que le choix ! Par quoi commencerai-je ? Décidément,
224 738 1340 813 je ferai d’abord la layette ; le petit enfant est celui
228 795 1342 872 qui peut le moins attendre. Je redoublerai, d’ailleurs,
224 849 1333 933 d’activité pour que le reste soit fait en son temps.
223 902 748 989 (Elle se met à travailler.)
624 1027 939 1159 SCÈNE VIII.
584 1171 981 1289 ADÈLE, AGATHE.
272 1326 1338 1411 AGATHE, allant au-devant de sa mère. Eh bien! ma¬
224 1384 639 1460 man, la malade?...
270 1418 1338 1515 ADÈLE. Elle est beaucoup mieux maintenant. La
224 1501 1324 1565 chaleur et la circulation du sang paraissent réta
227 1547 1327 1611 blies. Combien ces personnes m’ont inspiré d’in¬
227 1606 1321 1666 térêt! Quel ton parfait, quelle dignité de caractère
226 1659 1337 1724 unie à un dénûment trop visible ! Comme ils m’ont
223 1704 1331 1780 paru touchés de mes soins! avec quelle effusion ils
224 1775 1338 1838 m’ont remerciée ! Toutefois j’ai craint de les gêner, et
223 1816 1334 1889 je me suis empressée de me retirer aussitôt que j’ai
223 1872 737 1952 cru ma présence inutile.
266 1920 1331 2009 AGATHE, l’embrassant. O ma bonne mère!... Mais
228 1979 1337 2065 voici papa. (Elle court au-devant de son père, qu’elle
227 2050 1337 2107 embrasse aussi, et le débarrasse de sa canne et de son
227 2106 1328 2196 chapeau. — Durant les deux dernières scènes on a mis
227 2152 447 2221 le couvert.)
638 2281 918 2363 SCÈNE IX.
455 2424 1097 2525 FRANVAL, ADÈLE, AGATHE.
272 2549 1181 2627 ADÉLE, tendrement. Comme te voilà fatigué!
269 2626 1220 2683 FRANVAL, s’essuyant le front. Je n’en puis plus.
266 2657 1331 2744 ADÈLE. N’avoir encore rien pris d’aujourd’hui! ce
221 2721 677 2805 n’est pas raisonnable.
261 2763 1338 2856 FRANVAL. Que veux-tu? que veux¬tu? le mal des
221 2849 1324 2899 autres était plus pressant que ma faim. Quand je par¬
230 2901 1324 2968 viens à les soulager, je ne sens plus la fatigue; mais
224 2950 1328 3020 ce qu’il y a de désolant, c’est d’être tous les jours
227 2989 1321 3076 face à face avec de nouvelles douleurs et de n’y pou¬
230 3055 1333 3130 voir souvent apporter qu’un remède incomplet. Alors,
227 3108 1327 3199 je suis mécontent, il me semble que j’ai perdu ma
223 3161 394 3233 journée.
270 3177 1331 3306 ADÉLE. Perdue ! quand tu la sacrifiés tout entière à
224 3257 979 3348 soulager les maux de l’humanité!...
272 3294 1331 3398 FRANVAL. Il y a des souffrances contre lesquelles le
230 3348 1324 3468 zèle et la science sont impuissants. Aujourd’hui je
231 3419 589 3499 n’ai réussi à rien.
279 3460 1331 3575 AGATHE. Père, les hommes peuvent juger d’après le
226 3524 1012 3615 succès, mais Dieu juge les intentions.
272 3596 1331 3663 FRANVAL. Très-bien, gentil docteur, vous rassurez
226 3652 1337 3726 un peu ma conscience, mais je n’en suis pas moins
223 3706 1323 3774 impressionné par les scènes douloureuses dont j’ai été
224 3757 1317 3839 témoin, et... (Chargeant de ton.) Personne n’est-il vent
224 3800 545 3873 me demander ?
1478 258 2533 381 ADÈLE. Si ! Ce jeune peintre, notre voisin, pour que
1429 303 1901 380 tu ailles voir sa mère.
1471 366 2545 496 FRANVAL, se levant. Pourquoi ne m’avoir pas dit
1429 405 2072 492 cela plus tôt? J’y vais de suite.
1470 482 2529 572 ADÉLE. Un moment, celà ne presse pas; prends le
1433 535 2524 629 temps de diner; la malade va mieux; je l’ai vue,
1429 601 2538 709 ce n’était qu’une crise nerveuse et l’on ne t’attend
1429 654 1802 722 pas avant ce soir.
1473 685 2379 806 FRANVAL, se rassevant. J'irai après le dîner.
1854 855 2114 982 SCENE X.
1519 1013 2420 1093 FRANVAL, ADÈLE, AGATHE, DURCOURT
1471 1127 2526 1250 FRANVAL. Tu arrives encore à temps pour partager
1431 1194 2337 1263 notre dîner, prends place à table, Durcourt.
1473 1244 2538 1326 DURCOURT. Non, je te remercie; je viens uniquement
1435 1310 2521 1379 dans ton intérêt, te proposer une affaire fort avanta¬
1425 1361 2519 1443 geuse : Un emprunt vient de s’ouvrir pour une entre
1429 1419 2529 1498 prise nouvelle; et comme je suis fort bien avec les prin¬
1435 1487 2539 1541 cipaux agents de la compagnie, je puis disposer d’un
1426 1526 2538 1596 grand nombre d’actions. Avant un mois elles auront
1424 1586 2533 1662 doublé de valeur ; c’est une excellente spéculation.
1426 1634 2529 1719 Je viens donc le proposer d’en prendre quelques-unes;
1418 1689 2528 1796 si tu as des fonds disponibles, tu n’en saurais faire
1426 1736 1851 1824 un meilleur emploi.
1477 1781 2521 1892 FRANVAL. Je te remercie : ceci mérite en effet ré¬
1422 1840 2529 1942 flexion ; j’ai bien là une dizaine de mille francs que
1431 1913 2532 1990 je destinais à la dot de ma fille ; il serait sans doute
1419 1973 2519 2051 fort avantageux de la doubler, mais il faut aupara¬
1425 2036 2525 2102 vant bien nous assurer si les avantages sont aussi
1419 2082 2521 2168 certains que tu l’espères et si cette compagnie est bien
1425 2131 1564 2199 solide.
1467 2154 2522 2263 DURCOURT, ironiquement. Est-ce que, par hasard, tu
1418 2243 2518 2326 deviendrais prudent? Tu m’étonnes! Sois tranquille,
1428 2294 2522 2368 je sais ce que je fais, et ce n’est pas moi qui voudrais
1428 2363 2521 2434 prendre part à une mauvaise affaire et t’y entraîner.
1462 2414 2525 2484 FRANVAL. Je ne doute nullement de tes bienveillantes
1419 2470 2522 2552 intentions, mais tu peux être aveuglé par l’appât d’un
1424 2510 1826 2587 profit considérable.
1462 2546 2519 2654 DURCOURT. Nous n’avons pas le temps de délibérer;
1422 2630 2518 2696 demain, peut-être, toutes les actions seront prises.
1422 2679 2518 2755 Pour moi, j’ai tant de confiance dans le résultat, que
1421 2731 2521 2802 je me hâte de réaliser le plus de fonds possible. J’ac¬
1422 2794 2519 2860 tive avec vigueur toutes les réclamations et les pour-
1422 2849 2517 2923 suites que je puis avoir à exercer. Je ne fais plus
1422 2892 2515 2989 quartier à aucun débiteur. J’en ai un qui, s’il ne paie
1419 2957 2353 3027 pas aujourd’hui, couchera demain en prison.
1462 3007 2512 3083 FRANVAL. Mon ami, tu ne parles pas sérieusement ?
1419 3059 2519 3121 Tu ne gagnerais rien à pousser les choses à cette
1414 3121 2519 3193 extrémité. Si cet homme ne te paie pas, c’est sans
1414 3163 2002 3244 doute qu’il n’a pas d’argent.
1462 3203 2511 3283 DURCOURT. Oh ! je sais bien qu’il n’en a pas, mais je
1425 3272 2505 3363 veux le forcer à en trouver, et c’est pour cela que
1435 3332 2008 3406 'emploie les grands moyens.
1462 3385 2046 3457 FRANVAL. Combien te doit-il?
1464 3412 2511 3505 DURCOURT. C’était peu de chose dans l’origine ; mais
1414 3479 2498 3559 les intérêts composés, les frais de poursuite et de re¬
1417 3542 2515 3618 nouvellements, tout cela a fini par faire monter à dix
1417 3591 2178 3678 mille francs une dette déjà ancienne.
1462 3649 2514 3725 FRANVAL. Quel vice dans notre législation que ces
1415 3704 2504 3783 frais de poursuites, au moyen desquels un malheu¬
1415 3772 2504 3834 reux débiteur, pour prix de son impuissance à payer
1422 3820 2514 3879 une faible somme, voit en peu de temps doubler, tri¬
