2897 4318
1167 226 1293 316 337
148 319 1193 395 coup mieux l’employer à leur acheter du pain ou des
141 379 459 447 médicaments. »
184 430 1198 491 Je me conformai à cet avis, et nous quittâmes cette
145 476 1193 539 maison, comblées des bénédictions de ces pauvres
148 529 1190 584 femmes, qui vénéraient la sœur à l’égal de leur pro¬
148 596 1193 646 phète; ce n'était pas même justice, en vérité, car
141 636 1197 702 Mahomet les a exclues de son paradis, et la sœur eût
151 694 1192 751 volontiers donné tout son sang pour leur ouvrir les
148 740 425 806 portes du ciel.
187 792 1194 859 Je ne raconterai point ce que nous vîmes dans les
148 845 1185 916 dix ou douze bicoques que nous visitâmes encore;
151 900 1182 958 c'était partout la même misère, les mêmes plaies hi-
144 952 1196 1020 deuses, la même saleté, la metne infection; partout
145 1010 1190 1064 une fourmilière de femmes et d'enfants, se montrant
141 1063 1192 1124 dans la cour ou dans les galeries, étalant sans aucun
145 1115 1188 1170 souci de pudeur leurs membres presque nus, que la
139 1166 1188 1224 sœur avait bien de la peine à leur faire recouvrir de
144 1215 426 1283 leurs haillons.
187 1272 1190 1330 Samuel m’expliqua que, quelque misérables que
140 1322 1182 1389 fussent les maisons que nous avions parcourues, au¬
141 1376 1185 1431 cun de ces Arabes n’était assez riche pour en habiter
136 1426 1189 1488 une à lui tout seul. Chaque chambre contient une ou
144 1474 1188 1536 plusieurs familles, composées le plus souvent du
133 1533 1185 1587 mari, de deux ou trois femmes, et d’autant d‘enfants
140 1586 1189 1649 qu'il plaît au Seigneur d'en conserver sur le grand
134 1641 1188 1697 nombre de ceux qui naissent. Les hommes sortent le
129 1687 1185 1742 matin, vont au café ou à leurs boutiques, s’ils sont
129 1742 1188 1800 marchands, et ne rentrent guère qu’à la nuit. Les
134 1779 1185 1860 femmes allaitent leurs enfants, font les galettes ou le
128 1843 1184 1914 couscous, teignent leurs ongles et leurs cheveux, et
140 1887 1182 1956 passent le reste du temps à dormir ou à se disputer.
626 2044 687 2076 IV
132 2102 1182 2202 Des ravissements de la danse chez les femmes ara¬
164 2198 1188 2258 bes, et comment l’auteur fit connaissance de la
164 2225 433 2307 belle Sahara.
171 2330 1185 2428 La chaleur était déjà très-forte, quoique nous ne
137 2393 1188 2472 fussions encore qu’au mois de mai; nous ne trouvions
134 2441 1188 2521 de siége nulle part, et comme je ne me souciais pas
134 2487 1178 2576 de m'accroupir à la manière arabe, j'étais fort lasse.
128 2554 1188 2636 Cependant l'exemple de la sœur, qui malgré son âge,
132 2595 1185 2674 supportait cette fatigue sans avoir l’air d’y prendre
134 2655 1176 2724 garde, m’ôtait toute envie de me plaindre; je la sui¬
137 2707 1188 2775 vis le plus résolûment possible, et nous arrivâmes
134 2759 1181 2842 ainsi , de station en station, jusqu’à la rue de la
132 2800 1178 2903 Mouche, que j’avais prise en grippe dès le premier
137 2862 549 2931 jour de mon arrivée.
172 2909 1174 3009 « Puisque nous sommes ici, demandons des nou¬
134 2972 1003 3049 velles d’Apénia, » dit la religieuse à Samuel.
174 3017 1182 3099 Et nous nous dirigeâmes vers la maison à l’entrée
134 3071 1177 3167 de laquelle j'avais vu sœur Constance pour la pre¬
134 3128 1180 3206 mière fois. A peine avais-je mis le pied sur le seuil
137 3174 1184 3266 de la porte, qu’une musique étrange frappa mon
134 3221 720 3306 oreille, et excita ma curiosité.
176 3283 1177 3380 Le logis où nous entrions, quoique petit et délabré,
136 3338 1182 3426 était cependant bien plus propre qu'aucun de ceux
140 3392 1174 3493 que nous venions de visiter. Au lieu de cette odeur
137 3446 1169 3536 nauséabonde qui s’exhalait de ces pauvres demeures,
134 3488 1176 3586 un doux parfum d’encens ou de pastilles brûlées arriva
139 3537 1169 3648 jusqu'à nous, puis tout à coup des cris perçants, sau¬
137 3595 1177 3689 vages, prolongés, tels que je n’en avais jamais entendu
137 3648 1177 3746 sortir de poitrines humaines, me firent tressaillir. Je
139 3687 1174 3801 m’arrêtai interdite, mais l'attitude calme de mes com¬
325 3773 958 3848 VINGT-CINQUIÈME ANNÉE. — N° XI.
1283 309 2340 434 pagnons me prouva bientôt que ces cris, qui étaient
1290 395 2338 519 pour moi effrayants leur semblaient la chose du
1291 433 1786 508 monde la plus naturelle.
1333 490 2019 592 « Les femmes dansent, dit Samuel.
1375 553 2343 664 -Dans ce cas, nous reviendrons un autre jour,
1282 601 1625 674 répondit la sœur.
1373 664 2348 765 Oh! je vous en prie, lui dis-je, j'aurais tant de
1284 714 1689 794 plaisir à voir cela. »
1322 777 2350 872 Nous pénétrâmes dans une petite cour pavée de
1275 842 2347 925 marbre et entourée de galeries soutenues par des
1270 896 2351 974 colonnes torses; au milieu de cette cour, une jeune
1275 940 2347 1028 femme qui me sembla jolie, malgré le noir, le rouge
1274 1013 2340 1080 et le bistre qui teignaient bizarrement son visage, ses
1270 1045 2338 1134 bras et ses jambes, et jusqu’aux ongles de ses mains
1270 1103 2336 1192 et de ses pieds, se démenait comme une possédée,
1276 1163 2338 1241 penchant en cadence la tête, les bras, tout le corps,
1270 1212 2343 1282 tantôt à droite, tantôtà gauche, puis en avant, pu is en
1274 1271 2339 1348 arrière, au son de cette musique sauvage que j’avais
1272 1306 2342 1391 d'abord entendue, et qui n'était que le son de deux
1270 1368 2339 1443 tamtams sur lesquels de vieilles femmes tapaient avec
1272 1414 2338 1489 leurs doigts tout en chantonnant, d'une voix tremblo¬
1270 1465 2339 1552 tante, des paroles inintelligibles. D’autres femmes en
1266 1516 2338 1601 habits de fête, la tête ceinte d’une large ceinture, les
1263 1582 2334 1657 bras et les jambes chargés de lourds bracelets, entou¬
1272 1640 2336 1700 raient la danseuse, essuyant la sueur qui découlait de
1271 1692 2344 1759 son front, renouant ses cheveux ou l'entourant de
1270 1736 2336 1814 nouveau des voiles et des écharpes que cette danse
1270 1785 2338 1859 frénétique détachait à chaque instant. Au bout de
1270 1841 2335 1918 quelques minutes, la jeune femme tomba de fatigue
1270 1899 2327 1973 et d’épuisement; on aurait pu la croire evanouie,
1263 1953 2327 2032 sans le mouvement cadencé de son corps, qui,
1274 2000 2330 2071 quoique affaissé sur lui-même, suivait encore le
1264 2052 2326 2124 rythme toujours plus entraînant des tamtains et des
1271 2109 2334 2180 chansons. Dès que la danseuse fut à terre, les femmes
1270 2167 2328 2222 poussèrent de nouveau toutes ensemble ce cri per¬
1275 2211 2332 2284 çant dont rien ne saurait donner l’idée, puis une
1272 2269 2336 2330 d’elles prit un flacon plein d’essence, et lui en fit
1274 2320 2336 2393 avaler quelques gouttes; une autre lui offrit du café
1267 2366 2336 2434 à l’essence de rose, les musiciennes présentèrent
1266 2418 2328 2498 leurs tamtams à la chaleur des cassolettes dans les¬
1275 2475 2328 2546 quelles brulaient les parfums; puis la pauvre femme
1266 2530 2335 2600 se releva et recommença à danser, jusqu’à ce que
1263 2586 2330 2656 ses forces l’abandonnant de nouveau, elle retomba
1278 2632 2327 2705 palpitante, presque morte sur le tapis qui couvrait les
1272 2686 2326 2742 dalles. Alors une autre danseuse prit sa place, com¬
1272 2734 2328 2811 mençant lentement, et s’animant ensuite jusqu’au
1264 2788 2328 2851 délire au son de la musique diabolique et à la vapeur
1263 2831 1532 2908 des parfums.
1323 2905 2328 2971 « En avez-vous assez? me dit la sœur, elles vont
1263 2951 2328 3063 danser ainsi une partie de la nuit, et ce sera toujours
1259 2999 1621 3087 la même chose. »
1313 3077 2326 3151 Je me disposais à suivre la religieuse, lorsque la
1276 3138 2313 3198 première danseuse qui sortait peu à peu de son affais¬
1266 3192 2323 3247 sement, releva la tête vers la galerie où nous étions
1275 3232 2317 3302 placées, aperçut la religieuse, jeta un cri, courut à
1259 3291 2320 3354 sœur Constance, et baisant le bas de sa robe avant que
1260 3338 1866 3400 celle-ci eût pu s'en défendre :
1319 3408 2320 3466 « Viens la voir, dit-elle, elle est guérie, tout à fait
1271 3445 2313 3516 guérie, grâce à toi, plus sainte que nos marabouts (1),
1271 3501 1909 3568 plus savante que nos thalebs (2).
1293 3658 2108 3759 (1) Marabout, saint personnage (m’rabouth).
1306 3727 1935 3817 (2) Thaleb, homme instruit, savant.
2093 3828 2144 3858 22
