2822 3966
1587 153 1648 248 26
551 258 1567 329 Prague, où son application, secondant ses merveil¬
551 303 1577 384 leuses dispositions naturelles, lui fit remporter tous
546 377 716 445 les prix.
590 384 1583 494 A quatorze ans, par une de ces occasions qui ne
554 467 1585 542 manquent jamais aux intelligences prédestinées, elle
554 522 1588 590 révéla un talent déjà formé et sauva la fortune du
554 557 1583 629 directeur du Grand-Opéra de Prague La prima donna
557 617 1584 687 étant tombée malade, soit réellement, soiit par un de
558 673 1581 740 ces caprices auxquels les organizations lyriques sont
559 728 1569 789 extrêmement sujettes, l’avenir de la saison était com-
562 779 1579 849 promis, l’impressario ruiné. Mademoiselle Sontag
559 821 1585 900 joua, à la place de l’actrice en vogue, le rôle de la
559 874 1585 948 princesse dans Jean de Paris. On peut dire qu’elle le
553 917 1585 1001 joua tout à fait à la manière antique, exhanssée sur
553 970 1585 1034 un cothurne comme celui des tragédiens grecs ou
555 1013 1584 1084 romains. Pour lui donner la taille du personnage
554 1084 1595 1135 on lui fit porter des talons de quatre pouces de
554 1128 1576 1200 haut ; mais pour la voix et la perfection de la mé-
562 1167 1592 1250 thode, il n’y eut pas besoin d’artifice Si petite qu’elle
561 1230 1581 1300 fût, la jeune artiste atteignit!es régions les plus hau
559 1284 1584 1347 tes de l’art du chant, au propre comme au figuré.
559 1339 1600 1395 Elle remplit ensuite le rôle de Sargines dans l’opéra
566 1387 1293 1449 de Paër, et avec non moins de succès.
610 1432 1595 1502 Après ces deux créations, sa renommée grandit
569 1489 1600 1552 tellement, qu’à la saison suivante elle fut appelée à
566 1546 1133 1615 l’Opéra allemand de Vienne.
608 1573 1600 1658 En ce temps, le célèbre impressario Barbaja, ce
567 1638 1596 1705 Monte-Christo du théâtre, dirigeait l’Opéra-Italier
569 1702 1588 1757 de Naples, où il amassait une fortune royale, due au
569 1741 1592 1805 tant à son bonheur qu’à son habileté. Tout réussis
559 1792 1604 1851 sait à cet excentrique personnage ; ses bizarreries le
559 1846 1607 1910 servaient et augmentaient sa réputation. Il tenait
566 1894 1612 1965 prisonnier l’auteur d’Otello dans sa magnifique villa
566 1957 1614 2009 du Pausilippe; ne le relâchant que sur la délivrance
559 2001 1607 2064 d’un certain nombre de feuillots de musique, mali¬
566 2052 1612 2111 cieusement recopiés par le paresseux compositeur,
569 2116 1595 2167 qui ne se sentait de verve qu’à la veille de la pre
559 2163 1614 2212 mière représentation. Jamais directeur ne naquit
559 2202 1618 2273 sous une conjonction de talents plus favorable et
569 2257 1638 2326 plus rare, dans le ciel de l’art : nen-seulement il
1659 220 2684 310 avait à sa disposition Catalani, Pasta, Malibran, Gar¬
1659 310 2699 355 cia, Donzelli, Rubini, Lablache, mais aussi tous les
1667 351 2701 417 chefs-d’œuvre de Paër, de Winter, de Paésiello, de
1667 400 2701 456 Cimarosa, de Mozart, qui étaient encore dans toute la
1667 451 2701 512 fleur de leur nouveauté. C’était aussi l’âge d’or de
1664 496 2709 558 Rossini ; son talent, qui naissait, jetait les perles à
1664 559 2712 610 profusion. Certes, la jeunesse de l’âge a des grâces
1671 605 2717 664 irrésistibles; mais il y a cependant au monde quelque
1670 646 2723 722 chose de plus séduisant encore, c’est la jeunesse du
1674 714 1792 781 génie.
1713 731 2708 814 On avait alors la conviction que le Midi seul pou-
1671 802 2717 866 vait produire une grande cantatrice pour la scène ita¬
1671 848 2719 919 lienne; on croyait que ces gosiers d’or ne pouvaient
1671 900 2720 975 respirer que l’air bleu et parfumé de Naples, de Rome
1671 947 2724 1021 ou de Florence. Et il semblait ridicule de penser que
1677 1015 2723 1074 ces paroles douces comme le miel, que ces mélodies
1671 1053 2707 1119 ailées et diaprées, pussent voltiger sur des lèvres dur-
1683 1105 2723 1183 cies par les affreux croassements des idiomes du nord.
1679 1175 2727 1222 Cependant Barbaja, qui vint à Vienne en 1824,
1678 1206 2720 1284 fut captivé par mademoiselle Sontag. Malgré ses pré-
1683 1280 2723 1339 jugés nationaux, il se convainquit que la jeûne canta-
1677 1309 2733 1379 trice, quoique née à Coblentz, au bord du Rhin, avait
1677 1361 2735 1424 la voix aussi flexible, aussí agile que si elle eût vu le
1686 1419 2733 1493 jour à Sorrente, au bord de la Méditerranée, et il
1689 1470 2736 1536 voulut sur-le-champ l’engager pour Naples. Une Prus-
1686 1514 2731 1587 sienne engagée à Naples, la ville de Cimarosa! c’était
1683 1568 2736 1630 une chose inouïe! Mais, quelque brillantes que fussent
1686 1616 2724 1691 les propositions de Barbaja, les parents de made-
1689 1682 2742 1744 moiselle Henriette Sontag les refusèrent avec une
1690 1726 2736 1792 obstination polie ; ils craignaient que les théâtres d’I¬
1689 1791 2748 1848 talie n’offrissent à leur fille des exemples dangereux,
1694 1829 2642 1886 et certes, on ne peut pas dire qu’ils eussent tort.
1742 1879 2744 1941 A la fin, une concession fut faite aux désirs réitérés
1694 1926 2736 1993 de l’impressario ; Henriette Sontag débuta à l‘Opéra
1698 1982 2747 2040 Italien, non de Naples, mais de Vienne. Ce fut là
1703 2037 2752 2099 qu’elle joua, pour la première fois, avec Lablache et
1701 2090 2754 2150 Rubini, ces deux célébrités du chant, qu’elle devait
1701 2139 2252 2218 retrouver plus tard à Paris.
2268 2182 2628 2245 MARIE LASSAVEUR.
2080 2240 2693 2314 (La suite au prochain numéro.)
1282 2389 2033 2496 Revue Musicale.
1711 2500 2752 2609 dit un essaim de rossignols prenant leur volée vers le ciel.
1711 2583 2758 2658 A travers les délicates broderies de la cantatrice, on ne
1706 2625 2759 2691 cesse de sentir le dessin mélodique le plus correct, et, si
1710 2674 2752 2735 Mlle Alboni pouvait s’approprier un peu de la nature ner-
1714 2712 2762 2788 veuse et pathétique de Mme Malibran, elle serait très-
1713 2779 2611 2842 positivement la première chanteuse du monde.
1749 2815 2762 2873 Le rôle de ténor de la Favorite, confié à tant d’artistes suc-
1718 2853 2764 2935 cessifs, vient d’être interprété par Mme Borghi-Mamo, d‘une
1714 2898 2758 2980 façon qui a fait valoir le bel organe et les facultés dramati-
1717 2957 2764 3026 ques de la cantatrice. Nous voyons avec plaisir le chef-d’œuvre
1715 2992 2754 3074 de Donizetti reprendre le rang qu’il doit occuper dans le
1711 3039 2756 3109 répertoire. Espérons qu’il en sera de même de la Lucie
1715 3090 2764 3157 de Lammermoor, et que, dans un terme rapproché, nous ne
1722 3143 2750 3207 verrons plus ces magnifiques partisans livrées à des ar
1718 3180 2766 3255 tistes secondaires et descendues à l’infime rôle de lever de
1717 3258 1860 3317 rideau.
1754 3279 2758 3354 C’est un charmant titre que celui qu’on vient de donner
1718 3320 2759 3408 à l’opéra de MM. de Saint-Georges et Biletta, représenté tout
1718 3361 2762 3458 récemment sur notre première scène lyrique, la Rose de
1718 3415 2755 3506 Florence! Que de fraîcheur, de grâce et de parfums, or
1721 3459 2770 3552 s’attend à voir et à respirer dans cette atmosphère de
1717 3507 2772 3596 fleurs! Malheureusement le libretto ne possède pas toute la
1725 3550 2774 3647 poésie que promettait le titre, et, sans le talent souple et
1726 3589 2770 3699 gracieux du compositeur, cette production nouvelle für
608 2547 1620 2602 La rentrée de Mario dans le Barbier de Séville a été un
581 2590 1619 2645 véritable triomphe pour le ténor italien, et une véri-
578 2641 1612 2699 table fête pour les habitués de la salle Ventadour. Le pu-
577 2689 1618 2736 blic craignait que le voyage que l’éminent chanteur vient
581 2736 1630 2794 d’accomplir dans les déserts du Nouveau-Monde n’eût
581 2788 1615 2834 fait perdre à sa voix un peu de cet éclat, de cette puis
581 2826 1620 2877 sance, de cette verve que nous avons si souvent admirées
581 2878 1626 2929 et dont les artistes fatigués de longues pérégrinations ne
571 2929 1630 2988 nous rapportent souvent que de faibles échos. Mais tout au
578 2982 1627 3023 contraire Mario nous est revenu avec un organe plus ferme
578 3027 1636 3065 encore et plus charmant qu’au moment de son départ. Les
581 3063 1630 3114 brises embaumées de l’Amérique semblent avoir velouté
578 3102 1618 3164 son timbre, et communiqué à son jeu une allure franche
586 3152 1631 3211 délibérée, énergique, que nous ne lui connaissions pas
583 3196 1630 3261 encore. Aussi le succès du chanteur a-t-il été complet, car
593 3244 1635 3321 la salle entière battait encore des mains longtemps après le
590 3285 765 3348 trio final.
624 3334 1630 3415 C’est une bonne et charmante fille que Rosine sous les
597 3387 1634 3454 traits de Mlle Alboni, quoique dans ce regard sérieux et
594 3430 1636 3505 dans cette bouche un peu froide, on ne dût pas s’attendre
591 3486 1631 3558 à trouver la ruse et la malice qui constituent l’originalité
594 3522 1634 3609 du rôle. La cantatrice a si admirablement chanté; les cas-
596 3582 1635 3654 cades de notes joyeuses échappées de son gosier ont été
601 3615 1678 3711 si ravissantes, si pures et si nombreuses à la fois, qu’on eût
