2840 4318
1236 233 1318 347 85
635 476 1901 618 LETTRES A UNE JEUNE GULLE
1097 678 1449 772 (Deuxième lettre.)
170 883 1225 957 Vous me dites, ma chère enfant, par votre dernière
110 943 1220 1010 lettre, que votre long deuil ayant cessé, les invitations
117 1001 1223 1056 abondent chez vous, et que vous vous en trouvez
117 1056 1218 1127 quelque peu embarrassée. Trois grands dîners, un bal,
120 1110 1222 1184 une soirée, dans le court espace de quinze jours, c’est
120 1162 1222 1225 beaucoup en effet, et c’est, selon les idées reçues, une
110 1222 1214 1293 dépense considérable et de temps et d’argent. Cepen-
123 1280 1229 1340 dant, si vous m’en croyez, vous économiserez l’un et
123 1330 1220 1389 l’autre: — le temps, en ne vous préoccupant pas
126 1387 1220 1456 outre mesure de ces institutions, en ne dérangeant
126 1436 1223 1510 pas, à cause d’elles, l’ordre habituel de vos travaux;
134 1491 1214 1567 — l’argent, en restant dans les bornes de cette sim¬
118 1553 1222 1617 plicité de bon goût, de cette gracieuse modestie que
120 1603 1222 1661 Je vous recommandais à propos du mobilier, et que
117 1652 1229 1724 je vous recommande, et bien plus, à propos de la
117 1707 1220 1769 toilette. Ne vous laissez pas gagner par la contagion
120 1765 1222 1828 de la foule, suivez la mode, mais à votre pas et d’un
123 1830 1220 1884 peu loin. Une sainte femme, qui était en même temps
120 1876 1222 1936 une femme du monde, l’amie de madame de Main¬
117 1928 1223 1992 tenon, la dispensatrice des aumônes de Louis XIV,
117 1981 1218 2046 madame de Miramion disait à sa fille, la présidente
120 2040 1217 2101 de Nesmond : « N’outrez rien en fait de mode ; ne
123 2089 1217 2152 vous y conformez ni de trop près, ni de trop loin. »
117 2147 1214 2204 Je vous en dis autant, chère Albertine, et poursui¬
126 2202 1220 2262 vant mon discours, je vous engage, pour vos grands
117 2256 1214 2306 dîners, à n’adopter jamais d’autre toilette qu’une toi¬
117 2306 1223 2371 lette d’intérieur, soignée, élégante, riche même, selon
117 2358 1212 2421 la circonstance, c’est-à-dire une robe de soie, mon-
110 2421 1217 2481 tante, un col, des manches, un mouchoir brodés,
110 2475 1212 2541 des gants clairs, un joli bonnet, si vous étiez femme;
117 2524 1206 2588 un nœud de velours dans les cheveux, ou mieux en¬
117 2579 1215 2645 core rien du tout, puisque vous êtes jeune fille. Les
120 2632 1211 2688 fleurs dans la coiffure, les bras nus, l’étalage des
110 2691 1207 2768 bijoux, me semblent peu convenables pour un repas,
123 2735 807 2803 excepté pour les dîners de noces.
164 2793 1220 2853 Vous parlerai-je du protocole d’un dîner? Faut-il
123 2850 1214 2913 vous rappeler le dialogue si connu de Delille avec
113 2899 1223 2963 l’abbé Cosson, et vous recommander de rompre votre
1239 2926 1269 2967 1
117 2962 1214 3028 pain, au lieu de le couper, de briser la coquille des
117 3015 1214 3071 œufs, de ne pas demander du champagne ou du
110 3063 1214 3137 bordeaux, pour du vin de Champagne et du vint de
110 3119 1207 3181 Bordeaux, de ne pas verser votre café dans votre sou¬
117 3175 1206 3234 coupe, etc., etc. ? Je crois ces instructions parfaite¬
117 3230 1214 3290 ment inutiles, mais je vous engage à surveiller votre
126 3277 1207 3346 jeune sœur, afin qu’elle s’habitue, dînât-elle toute
115 3342 1207 3413 seule, à manger avec une propreté extrême, qui tour¬
121 3397 1214 3452 nera en habitude, et lui rendra faciles et naturelles
121 3435 1214 3523 une foule de petites observances que le monde tient
123 3498 1218 3553 en grande estime. D’ailleurs, encore un coup, pour¬
126 3542 1214 3617 quoi n’être pas en famille aussi gracieux, aussí poli
126 3599 1207 3670 qu’on tache de l’être dans le monde, et ne pas donner
117 3649 1212 3718 à ceux qu’on aime, à ceux avec lesquels on vit, la
123 3706 1211 3778 fleur des paniers, comme disait madame de Sévigné,
121 3764 1209 3837 ce qu’on a de mieux en amabilité et en bonne grâce?
166 3821 1206 3878 Mais revenons à nos moutons. Lorsque vous êtes
123 3860 1226 3953 invitée à dîner, soyez bien exacte et arrivez un quart
1228 3854 1274 3958 1
1308 891 2415 990 d’heure ou dix minutes avant l’Heure indiquée. Vous
1322 960 2410 1042 vous débarrassez dans l’antichambre de votre man¬
1315 1001 2409 1091 teau et de votre chapeau, et vous entrez dans le salon,
1308 1056 2409 1154 au bras de votre père. Il vous conduit vers la maî¬
1308 1113 2416 1198 tresse de la maison, qu’il salue et à laquelle vous
1308 1179 2415 1263 faites la révérence, et vous vous asseyez, modestement
1315 1225 2396 1310 et sans bruit, auprès d’une dame ou d‘une jeune per¬
1311 1285 2402 1356 sonne que vous connaissez. Lorsque le domestique a
1313 1338 2402 1414 dit : Madame est servie, vous vous levez une des der-
1308 1398 2409 1475 nières et vous attendez que quelqu’un vienne vous
1313 1436 2405 1520 offrir le bras. Arrivée dans la salle à manger, vous
1302 1504 2409 1578 saluez votre cavalier, et lorsqu’on vous a désigné votre
1308 1556 2416 1627 place, vous vous asseyez et vous ôtez vos gants. Si
1302 1605 2416 1687 l’on passe les mets découpés, tâchez de vous servir
1305 1666 2401 1740 adroitement et lestement, et (vous allez rire du con¬
1307 1728 2409 1802 seil) ne lorgnez pas et ne prenez par les meilleurs
1313 1778 2402 1839 morceaux. Le grand poète Byron disait, dans ses mo¬
1310 1822 2409 1898 ments d’humeur, qu’il détestait le voisinage des
1305 1869 2402 1958 femmes à table, parce qu’il fallait leur laisser le blanc
1308 1936 2404 2013 des poulets; vous, ma chère fille, je vous engage à le
1305 1988 2404 2054 réserver aux femmes âgées, voire même aux poètes
1321 2048 2402 2117 gourmands et bilieux. Si vous avez besoin d’eau, de
1308 2101 2393 2166 pain, demandez-en à demi-voix au domestique, lors¬
1313 2153 2401 2218 qu’il passe auprès de vous; j’espère que vous n’accep-
1311 2207 2393 2279 terez de vin qu’avec une excessive modération. Si
1304 2262 2405 2323 au dessert, on vous offre le partage d’un fruit, d‘un
1304 2301 2407 2383 bonbon, acceptez simplement, mais ne provoquez pas
1304 2382 2391 2435 ces familiarités, qui sont un peu mauvaise compa-
1316 2413 2405 2506 gnie. En tout, mon Albertine, dans vos rapports avec
1304 2468 2401 2554 le monde, tâchez d’apporter de la réserve et du calme,
1304 2536 2393 2598 et d’éviter la parole légère qu’on ne peut rappeler,
1307 2579 2391 2664 l’acte inconsidéré qu’on ne peut faire oublier, l’expan-
1307 2642 2114 2700 sion trop vive qu’on ne peut amoindrir.
1351 2695 2399 2755 On passe d’ordinaire la soirée dans la maison où
1305 2740 2393 2818 l’on a dîné, soirée occupée par la conversation, les
1307 2796 2393 2859 cartes ou la musique. M. de Talleyrand disait à un de
1307 2853 2386 2924 ses amis qui ne savait pas le whilst : « Que de cha¬
1316 2911 2401 2967 grins vous réservez à votre vieillesse!» Je ne crois pas
1307 2960 2383 3020 que, même à soixante ans, les cartes soient indispen¬
1307 3020 2390 3069 sables au bonheur, mais il est quelquefois bon de les
1300 3074 2393 3134 connaître pour pouvoir compléter une partie de whist
1307 3130 2377 3179 ou de boston. Votre père, ma chère Albertine, pour-
1299 3182 2382 3245 rait vous donner quelques leçons; je sais que, grâce
1299 3225 1753 3312 à lui, vous connaissez
1460 3326 2134 3425 Le jeu rêveur qu’inventa Palamède.
1299 3443 2382 3515 C’est le jeu de l’intimité; mais pour faire plaisir aux
1299 3509 2379 3580 autres, les cartes sont plus utiles que les échecs. Si.
1299 3573 2390 3622 dans une de ces soirées, l’on a recours à votre petit
1302 3611 2393 3679 talent musical, n’en soyez ni avare ni prodigue; ne
1311 3668 2393 3734 vous laissez pas supplier, ce qui est ridicule; ne vous
1299 3717 2379 3778 immobilisez pas au piano, ce qui est fatigant et dés¬
1297 3778 2385 3849 obligeant pour les autres musiciennes, deux petits
1297 3819 2379 3887 torts dont la vanité est la mère. La vanité! la vanité!
1299 3882 2379 3961 réfléchissez, mon enfant; observez, et vous verrez de
