2897 4318
1211 192 1387 281 367
691 500 1915 612 LA BELLE SAHARA
920 698 1676 815 SOUVENIR DE CONSTANTINE
1165 802 1427 923 (Suite et fin.)
708 1037 767 1069 VI
554 1107 901 1185 La belle Sahara.
239 1214 1254 1279 Sidi-ben-Hamelam, cheik d'une petite tribu no¬
193 1272 1258 1334 made, avait six garçons et huit filles, de ses quatre
202 1323 1257 1386 femmes légitimes, qu’il emmenait toujours avec lui.
195 1360 1257 1436 Gahara, la plus jeune de ses filles, était née dans le
204 1428 1254 1480 grand désert, pendant un voyage que le cheik faisait
196 1477 1246 1540 à Tuggurth; c’est à cette circonstance qu’elle devait
201 1529 1249 1591 son nom. Elle joignait à une rare beauté les seuls
196 1576 1241 1646 talents que les bédouins apprécient dans une femme :
195 1641 1247 1690 tisser avec une grande perfection les burnous ou autres
201 1686 1235 1743 vêtements de laine à l’usage de la famille et préparer
198 1728 1232 1792 à merveille un plat de couscoussou. Aussi Ben-Hame-
192 1787 1240 1847 lam, et Fatma, sa quatrième femme, étaient-ils fiers
193 1836 434 1897 de leur fille.
239 1889 1243 1952 Un printemps, que les Arabes de la petite tribu
187 1929 1238 2010 avaient planté leurs tentes à une demi-lieue de Man¬
183 1999 1241 2051 sourah, pour vendre à Constantin le superflu de
190 2042 1241 2115 la laine de leurs troupeaux, un jeune maure, Achmed¬
184 2092 1241 2165 ben-Salem, aperçut Sahara, comme elle rapportait sur
183 2154 1235 2210 sa tête l’eau qu’elle avait été puiser à une source.
187 2200 1232 2264 Charmé de ses attsterts et de sa bonne grâce, il la sui¬
189 2258 1237 2318 vit de loin jusqu’au douar, et ayant appris qu’elle était
183 2309 1235 2370 fille de Ben-Hamelam, il la demanda en mariage au
184 2358 1235 2425 cheik, qui, vu la beauté et les talents de Sahara, ne
187 2422 1229 2474 voulut point la céder au Maure à moins de deux
183 2460 1235 2519 mille douros, somme exorbitante pour la modique
186 2513 1234 2571 fortune d’Achmed. Mais il était si épris d‘elle, qu’il
183 2568 1231 2627 ne craignit point de consacrer la moitié de son bien à
178 2610 1235 2674 l’acquisition de celle qu’il aimait; le marché fut donc
184 2671 1234 2725 conclu, et le mariage célébré avec une pompe qui
186 2722 1231 2785 faisait honneur à la magnificence de l’époux. Les
176 2778 1229 2828 femmes dansèrent derrière les tentes; des cavaliers
178 2831 1220 2886 arabes exécutèrent la fantasia; plus de deux cents con¬
186 2875 1223 2936 vives s’accroupirent sur l’herbe autour des énormes
176 2931 1226 2986 pilos de riz, des plats de couscoussou, des moutons
176 2986 1214 3032 entiers cuits sous la cendre, et d’une profusion de gâ¬
176 3029 1228 3088 teaux parfumés au musc et trempés dans le miel. Le
180 3081 1229 3137 soir même de ce jour, la mariée fut conduite au son
180 3129 1229 3201 des tamtams et des flûtes de roseaux, et à la clarté des
176 3176 1217 3243 torches, jusqu’à la maison de son mari, portée dans
180 3231 1220 3289 une espèce de litière exactement fermée, précédée et
170 3287 1071 3351 suivie de deux Arabes, le sabre nu à la main.
211 3336 1217 3386 Quelque petite et dégradée que fut la maison d'Ach¬
173 3386 1214 3447 med, elle devait paraître magnifique à une femme
170 3443 1214 3497 qui n’avait jamais eu d’autre abri qu’une tente en
172 3488 1211 3549 poil de chameau. Ben-Salem avait été aussi géné¬
164 3538 1217 3599 reux pour sa fiancée qu'envers son beau-père, il lui
169 3596 1211 3654 avait donné des bijoux et des étoffes qui avaient excité
170 3642 1217 3706 l'admiration de toutes les femmes du douar; puis il
1339 1022 2382 1118 était jeune, beau et brave; aussi la fille du cheik se
1345 1074 2376 1179 trouva-t-elle d’abord fort heureuse avec son mari;
1333 1150 2376 1215 mais l’amour qui n’est fondé que sur les qualités ex¬
1333 1203 2378 1273 térieures est un feu de paille, qui s'éteint bientôt faute
1337 1246 2378 1317 d’aliment, et d’ailleurs les Arabes ne se piquent guère
1333 1295 2381 1368 de constance; aussi, lorsque Ben-Salem eut considéré
1333 1346 2364 1422 tout à son aise la taille de palmier, les yeux de ga¬
1330 1397 2379 1480 zelle et les lèvres de corail de sa chère Sahara, il lui
1333 1448 2384 1524 vint en idée qu’elle lui coûtait à elle seule plus que
1328 1511 2370 1570 six chevaux de race, et voyant son commerce dimi¬
1331 1561 2375 1632 nuer, et sa petite fortune presque réduite à néant,
1327 1600 2378 1684 il commença à réfléchir qu’il ne suffisait point
1330 1667 2370 1731 qu’une femme excellât à faire le couscoussou, mais
1330 1710 2370 1787 qu’il fallait encore pouvoir lui fournir la semoule,
1322 1743 2372 1845 la viande et les légumes nécessaires à sa confection.
1330 1801 2372 1877 Ces pensées désagréables altéraient de temps en
1323 1865 2361 1929 temps l'humeur un peu farouche, du marchand de
1328 1909 2367 1994 Constantine; elles valurent même à la belle Sahara
1327 1961 2363 2038 quelques reproches assez injustes, et un soir que la
1330 2023 2364 2087 pauvre enfant accourait à la rencontre de son mari
1320 2067 2358 2151 qu’elle n’avait pas vu depuis vingt-quatre heures,
1322 2122 2364 2201 celui-ci, qui était fort mécontent d'une perte assez
1316 2174 2350 2254 considérable qu’il venait d’éprouver dans son com¬
1316 2224 2358 2299 merce, se trouva contrarié de la gaieté de sa femme,
1313 2277 2364 2366 et d'un coup de poing l'envoya rouler sur les dalles
1317 2320 2352 2407 de la cour. Sahara, toute meurtrie, se relevari¬
1310 2364 2352 2460 blante, se blottit dans un coin et garda lesilence, jus¬
1317 2431 2349 2515 qu'à ce qu'il plût à son seigneur et maître de renouer
1311 2483 2178 2568 la conversation par cette phrase laconique :
1355 2522 1721 2594 « Je veux fumer. »
1352 2559 2341 2658 La jeune femme courut chercher une pipe, la bourra
1307 2632 2346 2714 elle-même, et la présenta gracieusement à son mari,
1314 2683 2343 2763 qui daigna lui donner une petite tape sur la joue.
1304 2718 2340 2816 Alors Sahara s’assit souriante aux pieds de son doux
1305 2778 2340 2855 seigneur, semblable à un pauvre petit chien qui se
1307 2837 2341 2903 couche sous la verge au lieu de fuir devant elle, et
1308 2883 2340 2962 qui lèche la main qui vient de le châtier. Une autre
1310 2938 2344 3003 fois encore, Sahara reçut un soufflet qui lui fit enfler
1301 2982 2343 3068 la joue ; mais les femmes arabes ne se fâchent point
1307 3030 2343 3119 pour si peu de chose, et Sahara n'aurait pas été plus
1299 3102 2337 3155 à plaindre que sa mère, son aïeule ou ses voisines, si
1305 3140 2334 3211 elle eût eu devant elle de l'air et de l’espace; mais
1301 3185 2324 3262 cette fleur du désert s’étiolait peu à peu dans la mai¬
1293 3242 2328 3318 son qui lui avait paru si belle; la vie monotone des
1298 3298 2334 3370 mauresques ne pouvait guère convenir à sa nature
1295 3333 2335 3427 nomade; ses joues se creusèrent, ses os devinrent
1293 3394 2335 3465 saillants, et tout ce que la jeune femme perdait en
1292 3437 2331 3545 beauté, elle le perdait en même temps dans l'affection
1296 3485 1553 3551 de son mari.
1342 3535 2334 3622 « Est-il possible que j'aie été assez sot pour payer de
1285 3596 2314 3698 la moitié de ma fortune un pareil squelette!» s'é
1287 3639 1696 3738 criait-il quelquefois.
