2822 3966
1568 76 1684 156 122
519 143 1569 225 et non celui du milieu, il serait resté veuf et devenu
514 209 1556 287 riche. — Quant aux esprits forts, ils niaient que l’a¬
516 272 1560 324 venture eût rien de surnaturel, et voici comment ils
519 306 820 386 l’expliquaient :
561 365 1566 446 « Dame Marthe, disaient-ils, s’était bien gardée de
509 422 1571 485 se noyer ; elle avait seulement bu un coup d’eau salée
511 470 1573 538 et s’était sauvée à la nage. Pierre, étant ivre, s‘était
519 525 1558 579 endormi au bord de la mer; il avait rêvé de vicillard
519 569 1563 640 pâle, de feu follet, de plongeon, de pots retournés, etc.
511 637 1563 692 Bref il avait eu un cauchemar, et s’était réveillé au
512 689 1586 746 moment le plus critique, comme cela arrive toujours.
1650 144 2712 246 Il était rentré au logis et y avait retrouvé sa femme
1650 217 2711 293 qui l’avait reçu avec son aménité ordinaire. — Tout
1657 282 2706 353 cela, ajoutaient-ils, était on ne peut plus simple, et
1646 323 2471 379 ne valait pas qu’on en fit tant de bruit. »
1696 373 2704 454 Leur avis finit par prévaloir, et Pierre lui-même
1654 420 2695 503 par se persuader que l’histoire du père André était un
1646 485 2691 556 conte dont il avait été dupe, et que toute son excur-
1649 535 2704 611 sion dans l’humide empire n’avait été qu’une illusion
1654 576 2450 650 produite par l’ivresse et par le sommeil.
2242 640 2576 715 ARTHUR MAGIN.
1158 1089 2043 1216 LE PROGRÈS MUSICAL.
931 1261 2234 1359 CATALOGUES GÉNÉRAUX DU PROGRÈS MUSICAL.
1532 1407 1659 1500 No 4.
525 1556 1553 1636 Nous prévenons nos abonnées que ce mois-ci il sera ajouté
486 1616 1539 1686 à notre catalogue deux quadrilles faciles par M. Arthur De¬
485 1665 1542 1731 laseurie, intitulés Gringalet, Souvenir de Rouen, charmante
480 1723 1545 1780 musique de danse pleine de verve et de mouvement, éditée
483 1774 1552 1832 chez M. Leduc; la Comète ou la Fin du monde, prophétie
490 1819 1545 1881 comique, chansonnette d’actualité, dont la musique est due
483 1855 1547 1949 au talent original de M. l’éditeur Paté. — Nous rappelons
1570 1875 1581 1925 1
1626 1579 2690 1659 aussi qu’une fort belle composition de Moniot, éditée par
1628 1644 2698 1707 la maison Petit, et ayant pour titre : Sous les grands
1628 1693 2686 1754 chênes, mérite l’attention spéciale des personnes qui recher¬
1629 1740 2693 1801 chent la bonne musique de salon ; enfin que la musique
1626 1779 2683 1860 Fumagalli ne peut plus leur être livrée, le délai étant ex¬
1628 1827 2215 1905 piré depuis le 28 février dernier.
1017 2054 1569 2181 EDUCATION
1649 2072 2148 2172 MUSICALIE
671 2289 1318 2357 MADEMOISELLE SONTAG
806 2339 1187 2469 (Quatrième article.)
519 2489 1539 2565 Mademoiselle Sontag devenue ambassadrice, c’est
470 2526 1526 2623 beau et singulier ; mais ce qui l’est encore davantage,
475 2594 1530 2669 c’est, après vingt ans passés dans les hautes sphères
473 2638 1519 2717 de la vie, de niveau avec ce que la noblesse et la di-
473 2696 1526 2785 plomatie ont de plus illustre, de redevenir, d’ambas-
469 2763 1526 2826 sadrice, prima donna; de reprendre son succès où
469 2800 1534 2886 on l’avait laissé; femme, de continuer ce qu’on avait
462 2870 1529 2928 commencé jeune fille, de faire encore sa partie dans
460 2920 1527 2996 ce duo où manque, hélas! Malibran, et de retrouver
462 2956 1529 3033 les applaudissements d’autrefois, plus vifs encore
460 3020 1526 3082 peut-être! Le temps a coulé pour nous tous, excepté
465 3079 1527 3148 pour elle. L’Europe a été bouleversée de fond en
462 3126 1522 3207 comble ; un trône s’est écroulé, la république a suc-
472 3181 1526 3244 cédé à la monarchie; mais cette chose si frêle, si
469 3226 1526 3304 ailée, si aérienne, qu’un rien peut anéantir, cette
470 3278 1526 3364 cloche de cristal que le moindre choc peut fèler ou
467 3320 1516 3421 briser, la voix d’une cantatrice, est restée intacte,
470 3377 1527 3473 le timbre argenté de la jeunesse vibre toujours dans
460 3426 824 3502 cet organe si pur.
503 3487 1522 3580 Mademoiselle Sontag eut, toute petite, cet avantage
462 3526 1555 3661 inappréciable et très-rare, de posséder une vraie voix
1620 2310 2683 2386 de soprano : — le soprano naturel ne se rencontre
1621 2372 2691 2438 qu’à de longs intervalles; le soprano ordinaire est
1621 2422 2683 2489 un mezzo-soprano ou même un contralto travaillé,
1623 2469 2685 2536 perfectionné, monté de ton par de persévérantes
1618 2519 2685 2583 études et de grands efforts de gosier : on étouffe les
1615 2566 2683 2633 basses notes au profit des notes élevées, on aiguise
1618 2620 2688 2691 les hautes; mais ce résultat ne s’obtient souvent qu’au
1613 2686 2669 2740 détriment de la voix qui se fatigue ou s’altère. Made-
1608 2729 2683 2795 moiselle Sontag n’eut jamais besoin d’avoir recours
1610 2772 2683 2857 à ces violents exercices; l’instrument chez elle était
1618 2832 2683 2905 parfait, son travail ne porta que sur la manière d’en
1615 2883 2686 2957 jouer : elle n’eut qu’à s’occuper du chant, sans avoir
1608 2939 2268 2998 à accorder ou à corriger le luth.
1650 3001 2688 3064 Aussi chez mademoiselle Sontag, si heureusement
1607 3033 2665 3121 douée, nul effort, nui travail, pour étendre un re-
1610 3090 2677 3170 gistre, pour polir un gosier rebelle. Sa voix pure,
1608 3148 2682 3221 souple, facile, atteignait, en se jouant, aux limites les
1610 3212 2672 3286 plus élevées de la voix humaine, et jetait à profusion
1612 3259 2670 3320 les trilles, les roulades, les points d’orgue, et tous
1608 3311 2675 3379 ces ornements, broderies étincelantes, fusées sonores,
1607 3366 2680 3440 arabesque délicates, qui demandent tant d’agilité, de
1613 3411 2044 3489 précision et de grâce.
1649 3469 2669 3549 Bien que née en Allemagne, dans la patrie de Bach,
1608 3523 2670 3580 d’Haydn, de Gluck, mademoiselle Sontag fut, pour le
1603 3578 2672 3658 style, une vraie Italienne; et cependant, particularité
