2822 3966
1603 120 1686 207 88
554 195 1599 276 daigne. Leur mariage fut célébré sans éclat; le comte
554 268 1594 319 craignait les répugnances de ses nobles parents et du
554 312 1159 379 roi et de la cour de Sardaigne.
596 361 1599 425 Le roi de Prusse, qui porta toujours à la jeune
554 400 1594 483 cantatrice un intérêt paternel, ayant été secretement
548 465 1588 531 informé de ce mariage, pour parer aux obstacles qui
554 517 1591 595 pourraient surgir, donna, sans être sollicité, des titres
554 567 1584 640 de noblesse à mademoiselle Sontag et le nom de ma-
554 619 1587 691 demoiselle Lauenstein, avec sept ancêtres, car le roi
548 679 1588 738 ne s’était pas contenté de l’anoblir, il lui avait accordé
551 723 1079 799 sept quartiers rétrospectifs.
590 762 1572 844 Ce fut peu de temps après son mariage que made¬
542 827 1582 884 moiselle Sontag débuta à Londres, où elle fit une nou¬
548 871 1374 936 velle moisson de guinées et de couronnes.
579 927 1582 1000 A son arrivée à Londres, mademoiselle Sontag
536 980 1588 1042 avait eu un de ces bonheurs inouïs, qui en Angleterre
536 1032 1570 1090 décident de la vogue d’une artiste et la font, d‘un fa¬
536 1084 1572 1139 cile coup d’aile, monter jusqu’aux sphères les plus lu
536 1138 1582 1191 mineuses de la fashion : elle avait été invitée à une
536 1188 1570 1242 soirée par le duc de Devonshire ! Faveur sans exemple
536 1242 1582 1304 félicité rêvée en vain par des milliers d’aspirants;
536 1287 1391 1347 triomphe prodigieux, unique, phénoménal!
578 1344 1579 1406 C’est à Devonshire-House où plane encore l’ombre
532 1395 1579 1451 de la duchesse mère, cette beauté politique, dont le
529 1448 1575 1503 sourire gagnait plus d’électeurs à Fox que le plus ma¬
531 1502 1572 1558 gnifique discours du grand orateur, dans ce centre
529 1548 1564 1609 étincelant, inabordable, exclusif, que l’heureuse ma
532 1596 1570 1674 demoiselle Sontag, précédée d’une immense réputa-
529 1649 1571 1735 tion de vertu, de grâce et de talent, fit sa première
527 1706 743 1769 apparition.
566 1739 1571 1827 Etre invitée à une soirée expresse, était pour ma-
519 1803 1575 1883 demoiselle Sontag un honneur tellement insigne, que
517 1862 1578 1918 le beau monde n’en dormait pas de surprise, d’attente
517 1919 1560 1966 et de curiosité. Lorsque le fameux soir arriva, il
516 1971 1567 2035 avait dans la rue une foule énorme de gens bien mis,
519 2010 1567 2089 dressés sur la pointe du pied, le cou tendu, l’œil en
516 2083 1567 2137 arrêt, mesurant d’un regard d‘envie la distance du
516 2125 1570 2189 purgatoire extérieur au paradis intérieuir, poussant
517 2175 1558 2239 des hourrahs fanatiques au passage de la grande can-
517 2218 1558 2287 tatrice, battant des mains, criant et se livrant à tous
517 2281 1560 2341 ces excès de l’enthousiasme anglais qui égale, s’il
511 2327 1555 2417 ne les dépasse, la furie française et le fanatisme ita-
505 2359 607 2435 lien.
548 2423 1562 2502 Reçue ainsi par le grand prêtre et l’oracle infaillible
505 2481 1548 2547 de la fashion, mademoiselle Sontag ne pouvait man¬
512 2534 1563 2603 quer d’obtenir un succès éclatant au théâtre de Sa
505 2573 1559 2658 Majesté, microcosme de l’état social en Angleterre.
512 2631 1563 2702 Elle fit fureur, et la critique trouva que les trompettes
508 2694 1555 2754 de la renommée avaient cette fois sonné juste ; non
507 2741 1552 2808 point qu’alors mademoiselle Sontag possédat le sen-
500 2796 1555 2861 timent poétique qu’elle a eu depuis ; mais on voyait
500 2846 1548 2918 pour la première fois une cantatrice remplir la salle
503 2904 1550 2970 de sa voix merveilleuse, sans faire le moindre effort,
493 2949 1548 3018 et chanter avec autant d’effet les morceaux sévères
496 3006 1552 3068 de donna Anna que les variation les plus ornées et
493 3048 1120 3124 les plus compliquées de Rosine.
540 3101 1551 3181 Les succès de mademoiselle Sontag avaient eu un
492 3160 1551 3233 tel retentissement, que le roi de Sardaigne consentit
493 3209 1530 3290 à approuver le mariage du comte Rossi avec une ar-
503 3252 1539 3344 tiste si éminente. Un noble sarde peut bien épouser
495 3302 1538 3398 une diva à qui le roi de Prusse a fait cadeau de sept
495 3356 1546 3452 aïeux : les perles de la couronne de comtesse peuvent
492 3412 1523 3506 se mêler sans honte aux feuilles du laurier poé
493 3461 620 3521 tique.
529 3526 1524 3613 A partir de ce moment, la femme du monde suc¬
492 3581 1547 3673 céda à la femme artiste ; ce fut d’abord à La Haye que
1570 3604 1577 3654 1
1685 204 2726 291 le comte Rossi présenta Desdemone à la cour et au
1683 264 2090 333 corps diplomatique.
1726 300 2729 396 Madame la comtesse Rossi fut parfaitement reçue
1677 371 2729 443 par cette aristocratie la plus hautaine, la plus obstinée
1675 423 2729 503 à ne pas ouvrir ses rangs à quiconque ne figure pas
1675 479 2726 547 depuis des siècles dans l’almanach de Gotha : et
1679 527 2722 594 certes, c’est là une de ces conquêtes à décourager les
1675 580 2720 646 plus fermes courages, se faire adopter par un cercle
1675 634 2728 708 de douairières allemandes lorsqu’on a encore sur la
1683 683 2717 744 joue le fard à peine effacé de l’artiste. A force de tact.
1677 739 2722 798 de bon goût, de distinction, madame la comtesse Rossi
1673 786 2720 851 sut se maintenir dans ce milieu difficile sur le pied de
1671 835 2125 899 la plus parfaite égalité.
1713 879 2714 952 Bientôt après, le comte Rossi fut envoyé à Saint-
1670 942 2724 1014 Pétersbourg, où sa femme fut comblée de marques
1673 988 2708 1060 d’attention par la cour impériale. L’impératrice vou
1670 1040 2706 1119 lut donner des représentations dans son palais d’hi-
1677 1096 2720 1160 ver ; mais la comtesse Rossi avait pris l’engagement
1666 1158 2717 1218 avec le roi de Sardaigne de ne paraître sur aucun
1665 1198 2717 1262 théâtre du moment où elle était reconnue publique-
1665 1256 2717 1314 ment pour la femme de l’ambassadeur. Cependant,
1671 1310 2717 1370 grâce à un échange de notes diplomatiques, et par les
1665 1355 2716 1415 habiles négociations du comte de Nesselrode, le mo¬
1666 1410 2708 1464 narque sarde céda aux instances de la princesse russe :
1667 1455 2717 1519 ce qui empêcha un refroidissement entre les deux
1666 1506 1794 1568 cours.
1707 1551 2710 1626 Enfin, madame Rossi obtint les mêmes égards, les
1659 1619 2708 1678 mêmes hommages à la cour de Prusse pendant le séjour
1658 1674 2708 1733 diplomatique de son mari à Berlin; elle y vivait, du
1659 1725 2696 1782 reste, dans la fréquentation assidue de toutes les illus
1659 1782 2709 1845 trations contemporaines qui s’y trouvaient, telles que
1653 1829 2710 1889 Meyerbeer, Humboldt, Mendelssohn, etc. Le grand duc
1653 1886 2718 1939 de Mecklembourg-Strelitz l’affectionnait et la traitait
1659 1938 2708 1995 comme sa fille; le roi de Bavière, dilettante passionné,
1653 1981 2714 2053 lui fit des vers impromptus qui ne sont pas mauvais
1653 2043 2718 2094 et qui valent mieux que ceux de François Ier, de
1653 2083 2198 2153 Charles IX et de Louis XIV.
1701 2138 2717 2201 L’année révolutionnaire de 1848 vint mettre tout à
1659 2181 2708 2253 coup un terme à ces longues prospérités. La fortune de
1653 2251 2693 2309 madame Rossi fut renversée par les secousses des in-
1647 2298 2696 2357 surrections d’Allemagne; les événements de la Sar-
1646 2361 2709 2411 daigne amenèrent en même temps la ruine du comte.
1689 2399 2708 2457 La direction du théâtre de Sa Majesté à Londres fit
1647 2455 2710 2509 aussitôt des offres à madame Rossi de la manière la
1654 2502 2696 2566 plus délicate. Ces offres furent d’abord refusées; l’ad-
1647 2565 2696 2614 ministration les renouvela. En même temps de nou-
1653 2615 2693 2670 velles pertes achevèrent de détruire les dernières res
1646 2663 2702 2736 sources du comte Rossi. Madame Rossi, pleine de
1641 2718 2712 2770 sollicitude pour l’avenir de ses enfants, s’efforça de
1643 2768 2710 2821 faire consentir son mari à la laisser remonter sur la
1641 2810 2696 2874 scène. Un artiste d’une réputation européenne, Thal¬
1643 2861 2698 2930 berg, qui se trouvait à Vienne, associa ses efforts à
1643 2928 2698 2986 ceux de la comtesse. M. Rossi fut enfin ébranlé. Il
1634 2976 2688 3044 alla à Turin pour obtenir de son souverain l’autorisa-
1635 3014 2696 3090 tion de se retirer momentanément des affaires. Le roi
1635 3072 2698 3134 consentit en approuvant d’une manière flatteuse la
1635 3130 2221 3189 détermination de la comtesse.
1678 3177 2696 3245 Le comte revint donc à Berlin où M. Lumley était
1629 3240 2684 3296 arrivé à point pour faire signer l’engagement. Une
1629 3292 2694 3350 semaine après, madame Sontag reparaissait sur la
1635 3348 2694 3396 scène, et avec quel succès! on le sait : la prodigieuse
1634 3392 2681 3445 voix de Jenny Lind était retrouvée, et le public ne
1630 3444 2684 3521 s’aperçut pas que vingt ans s’étaient écoulés depuis
1635 3498 2601 3585 la dernière représentation de l’illustre cantatrice.
2241 3553 2566 3624 MARIE LASSAVEUR.
2007 3598 2563 3698 (La fin au prochain Numéro.)
