2946 4158
1595 112 1714 204 294
500 199 1602 281 prison ; des juifs, à qui il avait promis le commerce
503 275 1599 328 exclusif de l’ile, l‘en tirèrent : il essaya, à deux re¬
500 316 1596 386 prises, de rentrer en Corse, mais sans pouvoir y
500 371 1600 431 réussir, et le malheureux roi dut reprendre sa vie
500 420 1595 486 errante. A Londres, d’autres créanciers le poursui¬
503 483 1604 542 virent, il languit sept ans en prison, en proie à une
497 536 1600 606 profonde misère. Enfin, Horace Walpole ouvrit en sa
490 592 1599 654 faveur une souscription qui lui donna les moyens
497 639 1592 730 de subsister jusqu'à sa mort, arrivée en 1755. On
497 696 1589 772 l'enterra sans pompe dans le cimetière de Westmin¬
503 747 1599 831 ster et on mit sur sa tombe une épitaphe terminée
503 809 1599 886 par ces mots que nous avons cités : La fortune lui
497 859 1338 939 donna un royaume et lui refusa du pain.
535 908 1589 985 La Corse, qui lui avait donné ce titre illusoire de
484 987 1596 1039 roi, après avoir été possédée, depuis la chute de l’em¬
1696 180 2808 268 pire romain, par les Vandales, les Goths et les Lom¬
1684 268 2808 330 bards, était devenue à peu près indépendante vers le
1684 309 2806 376 huitième siècle. Plus tard, les paupes s'en déclarèrent
1684 366 2810 424 suzerains; en 1092, Urbain II la vendit aux Pisans,
1679 418 2795 491 à qui Gênes disputa cette concession, et après de lon¬
1690 470 2795 542 gues tentatives, les Génois s'emparèrent de l'île en
1684 524 2799 590 1481. Cetteorebinnation fut odieuse aux Corses, et
1693 584 2795 647 pendant trois siècles, ils essayèrent d'en secouer le
1693 640 2793 710 joug. En 1753, sous les ordres de Pascal Paoli, ils
1679 702 2802 768 réussirent enfin à arracher aux Génois la plus grande
1687 758 2789 817 partie de l’île, et Gênes, bien déchue alors de son an¬
1679 800 2800 865 tique splendeur, céda ses droits sur la Corse à la
1684 858 2789 931 France. En vain les Corses voulurent résister, ils de¬
1679 914 2784 999 vinrent Français, et de cette île soumise sortit, quel¬
1682 960 2622 1053 ques années plus tard, le maître de l'Europe.
1272 1320 2010 1428 BIBIBLIOGRAPHIE
736 1560 1339 1683 DE L'ÉDUCATION
842 1680 1234 1772 Par Mgr DUPANLOUP,
768 1766 1293 1846 De l’Académie Française (1).
532 1979 1586 2034 Le livre dont nous venons vous entretenir aujour¬
490 2037 1583 2099 d’hui s’élève bien au-dessus de la sphère de nos ap¬
500 2097 1583 2155 préciations habituelles : aussi ne le toucherons-nous
493 2146 1579 2215 qu’avec un religieux respect : le juger serait téméraire,
490 2204 1578 2270 et il y aurait de la présomption jusque dans les
484 2254 1579 2320 louanges que nous prétendrions lui donner. Tracé par
487 2309 1578 2377 la plume d’un des plus savants évêques de France,
490 2367 1581 2423 qui chérit la jeunesse comme la chérissaient Bossuet
486 2420 1578 2482 et Fénelon, il traite de l’éducation, cette grande œuvre,
487 2468 1578 2530 à son point de vue le plus élevé et dans ses racines
490 2517 1582 2593 les plus profondes; ce livre est le fruit d’une longue
490 2584 1582 2650 expérience et d’une étude attentive de l’enfance, car,
484 2640 1576 2711 avant que d’être évêque d‘Orléans, Mgr. Dupanloup
479 2690 1581 2753 a dirigé longtemps, et avec le plus éclatant succès, le
496 2746 1578 2816 petit séminaire de Paris, et un grand nombre de fa¬
486 2806 1581 2875 milles ont conservé le souvenir de l'habile et pieux
481 2852 1578 2918 instituteur à qui elles doivent les vertus et les talents
483 2899 1578 2982 de leurs fils. Presque toutes, vous serez mères un
484 2959 1575 3026 jour, nous pouvons donc choisir dans le livre du sa¬
484 3019 1578 3081 vant prélat quelques pages éloquentes qui parleront
472 3070 1575 3130 à votre cœur et à votre intelligence, et qui vous feront
472 3123 1581 3185 comprendre, dès aujourd’hui, la gravité, la majesté
479 3177 1572 3243 des devoirs que la jeune fille accepte au pied de l’autel,
472 3227 1572 3293 le jour où elle se marie, oÙ elle quitte sa famille pour
472 3290 1204 3341 aller fonder une famille à son tour.
517 3347 1575 3407 Nous ne pouvons, à notre grand regret, analysis
479 3391 1572 3462 dans ces colonnes où la place est limitée, ce livre sé¬
476 3449 1576 3504 rieux et fort, où les nobles pensées abondent, ou des
479 3502 1579 3566 observations piquantes ou profondes provoquent tantôt
525 3662 1576 3755 (1) Deux volumes in-8º, 15 francs, chez Lecofire, 29, rue
470 3710 977 3807 du Vieux-Colombier, Paris.
1679 1548 2795 1621 le sourire et tantôt la réflexion, où des souvenirs tou¬
1679 1624 2793 1682 chants, échappés du cœur paternel de l’évêque feront
1682 1675 2792 1742 pleurer d’attendrissement toutes les mères, et dont le
1672 1736 2784 1795 style, élégant et mâle, montre assez à quelles sources
1672 1786 2781 1839 l’écrivain s’est inspiré. Nous passerons donc sous si¬
1672 1829 2786 1892 lence, les chapitres qui traitent de l’Éducation, de sa
1672 1894 2784 1951 nécessité, de son but, de sa nature; ceux qui parlent
1672 1946 2774 2013 de l'Enfant, et qui en parlent si bien, avec un amour
1672 2006 2784 2065 si tendre, une émotion si contenue, une connaissance
1666 2061 2774 2107 si approfondie, et nous emprunterons au livre deuxième.
1682 2118 2784 2180 qui traite du Père, de la Mère et de la Famille, quel¬
1682 2170 2778 2228 ques passages qui seront lus, nous n’en doutons pas,
1669 2228 2781 2274 avec le plus vif et le plus respectueux intérêt. Vous
1672 2273 2784 2339 êtes filles, vous serez mères, écoutez ce que ce grand
1668 2325 2131 2399 évêque dit de la Mère.
1717 2378 2778 2452 « Une mère ! c’est, dans une grandeur plus modeste,
1666 2437 2774 2504 mais non moins divine, ce qu’il y a de plus vénérable,
1670 2492 2597 2556 de plus généreux, de plus doux sur la terre.
1714 2537 2772 2600 » Une mère, c’est-à-dire, cette faible et subtime
1666 2601 2768 2664 créature, choisie par le plus merveilleux des priviléges,
1669 2653 2764 2702 et associée si intimement au Dieu du ciel, pour por¬
1669 2706 2770 2772 ter dans son sein et nourrir de son lait des êtres mys¬
1666 2763 2767 2824 térieux, destinés à posséder un jour ce Dieu lui-même,
1666 2813 2290 2871 dans la gloire de son éternité.
1711 2871 2768 2937 » Une mère! ah! aujourd’hui encore, même depuis
1659 2928 2768 2990 la chute originelle, la couronne de la dignité mater¬
1663 2980 2781 3042 nelle est belle et sainte : cette couronne descend des
1672 3038 2772 3098 cieux, c’est Dieu qui la dépose sur le front de la vertu,
1670 3088 2768 3149 et quand rien n’en flétrit la splendeur, ce diadème
1670 3136 2774 3216 paraît plus brillant aux yeux et pèse moins au cœur
1673 3188 2052 3257 que celui des rois.
1711 3254 2774 3311 » Demandez à cette mère, si elle échangerait son
1663 3299 2772 3368 heureuse maternité contre les plus hautes fortunes,
1661 3363 2457 3431 contre une des couronnes de la terre.
1704 3408 2768 3491 » De là vient que les Écritures ont un si magnifique
1662 3463 2761 3522 langage lorsqu’elles nous représentent les gloires de
1659 3521 2764 3574 la dignité maternelle, et cet admirable ministère de
1661 3570 2768 3655 bonté et de sagesse, de conseil et de persuasion, de
1669 3623 2764 3689 douceur et de grâce, que la femme chrétienne remplit
1661 3693 2309 3756 au sein de la famille humaine.
1706 3734 2761 3832 « Et tant de biens, cette faible femme les puise sans
