2897 4318
1206 221 1320 315 281
171 320 1220 393 s’empare souvent de la jeunesse dans ces sortes d’oc¬
171 375 1225 457 casions. Je vous recommande la même chose pour
176 424 1230 505 les parties de campagne : rien de plus innocent et de
174 484 1230 549 plus convenable que d'aller visiter des ruines, une
171 533 1211 593 forêt, un beau point de vue, de dîner sur l'herbe au¬
176 601 1222 656 près d'un ruisseau, mais combien de fois ces char¬
171 653 1220 705 mantes parties ne sont-elles pas troublées par les cris,
171 692 1228 749 les niches, les disputes, les inconséquences auxquel¬
179 746 1227 806 les s'abandonnent les grands enfants qui font partie
176 795 1224 847 de la caravane? J’espère, mon Albertine, que vous
174 845 1220 913 ne vous laisserez pas entraîner par ces fâcheux exem¬
179 897 1227 967 ples, que vous resterez maîtresse de vous-même au
174 954 1227 1020 milieu de la contagion des cris et des rires, et que
174 1008 1224 1060 vous conserverez, dans la chaleur des amusements,
174 1051 1224 1118 le calme, la modestie, le bon goût qui conviennent à
174 1108 1228 1165 une jeune fille bien élevée. Croyez-moi, ces grosses
176 1154 1230 1220 joies laissent bien de l’ennui et du vide au fond de
171 1217 1220 1282 l’âme, et la jeune personne qui, pour s’y abandonner,
171 1263 1225 1326 quitte sa mère, sa sœur aînée, s'en va courir avec la
171 1321 1227 1384 bande joyeuse, jeunes filles étourdies, jeumes gens
171 1367 1225 1419 légers et turbulents, n’emporte souvent de ces
179 1417 1217 1480 bruyantes parties, que de vifs regrets et une réputa¬
176 1466 1217 1529 tion compromise. Donc, soyez sur vos gardes, et que
171 1514 1228 1584 la liberté de la campagne soit pour vous une raison
167 1571 1217 1633 de plus pour veiller sur vos paroles et sur v os dé¬
164 1625 1220 1693 marches. Cette
171 1693 1225 1752 quefois paraître pénible, mais combien le fruit qu'on
171 1736 1225 1789 en recueille est doux ! La paix de la conscience, un
167 1784 1224 1844 nom sans tache, une réputation excellente ne méri¬
176 1833 1225 1895 tent-ils pas qu’on leur sacrifie quelques démarches
171 1883 1225 1944 où l’amour de l‘indépendance entraîne les jeunes filles
171 1937 1228 2008 plus souvent que l’appât du plaisir?... Je livre ceci à
174 1994 458 2078 vos réflexions.
1339 315 2358 401 Pendant que vous serez dans une maison étrangère,
1300 374 2358 453 tâchez de ne pas donner trop d’occupations aux do¬
1303 421 2363 505 mestiques; arrangez-vous pour que le service qu’ils
1302 492 2361 538 auront à faire auprès de vous soit le moins compliqué
1308 541 2364 614 possible. Evitez de salir le parquet, de déranger les
1305 593 2364 660 meubles, et, avant de partir, remettez en bon ordre
1306 626 2361 710 votre appartement. Madame Campan raconte que
1306 682 2361 749 dans les châteaux où elle a passé sa jeunesse, on s'a¬
1298 749 2363 814 musait, après le départ des visiteuses, à aller exami¬
1306 800 2369 850 ner les chambres qu’elles avaient occupées, et qu‘on
1306 850 2372 907 riait beaucoup aux dépens de celles qui laissaient
1305 905 2369 964 après elles la malpropreté et le désordre. C’était bien
1306 956 2369 1012 peu charitable, direz-vous; mais convenez qu'on pou¬
1305 1004 2361 1056 vait éviter à peu de frais ces remarques désobligean¬
1306 1053 2364 1116 tes. Vous savez qu’il est d’usage de donner de l’ar¬
1306 1100 2371 1176 gent aux domestiques de la maison où l’on a été
1310 1159 2364 1230 reçu. J’aimerais bien, si votre position de fortune
1305 1212 2355 1285 vous le permet, que vous fissiez les choses libérale¬
1297 1266 1432 1331 ment.
1349 1285 2364 1383 Me voici, je crois, au bout de mon rouleau. Ah !
1310 1373 2369 1430 j’oubliais une dernière recommandation. A moins
1306 1422 2372 1471 d’une invitation expresse, ne cueillez ni fleurs, ni
1298 1467 2369 1532 fruits : tel amateur serait désolé si on lui enlevait un
1306 1521 2371 1580 dahlia ou un chrysantème; telle ménagère tient par¬
1306 1573 2372 1635 dessus tout à la conservation des fruits de ses espaliers
1303 1638 2368 1682 et aux grappes de ses treilles : respectez scrupuleuse¬
1298 1674 2377 1742 ment ces petites propriétés, et si l'on vous engage à
1310 1732 2376 1804 agir librement, usez de la permission, mais n’abuséz
1303 1792 1398 1862 pas.
1346 1831 2377 1913 Adieu, mon enfant chérie, écrivez-moi, et croyez
1306 1893 2236 1961 que ma pensée n'est jamais bien loin de vous.
2085 1956 2223 2049 M. M.
837 2358 1632 2496 LE lerockès MUSICAL.
622 2533 1927 2637 CATALOGUES GÉNÉRAUX DU PROGRÈS MUSIAL
1201 2681 1342 2758 No 9.
218 2842 1232 2897 L’Italie, cette belle patrie de la musique, a vu éclore, sous
185 2883 1224 2941 l’azur de son ciel, tant de chefs-d’œuvre dont nous ne con¬
192 2935 1230 2990 naissons pas assez l’importance et le charme, que nous
192 2984 1225 3053 croyons être agréable en même temps qu’utile à nos abon¬
1318 2816 2382 2886 nées, en leur composant pour ce mois tout un Catalogue de
1316 2878 2384 2930 morceaux détachés d’opéras italiens choisis avec discerne¬
1316 2922 2384 3000 ment et de nature à plaire à tous les amateurs des bonnes
1323 2980 1511 3047 traditions.
759 3159 1846 3263 ÉDUCATION MUSICALE
603 3362 822 3437 DUPREZ
587 3466 863 3536 (Suite et fin.)
240 3591 1242 3661 Qui pourrait peindre les émitions de la soirée du
192 3648 1242 3715 17 avril 1837, celle qui devait voir les premiers pas
200 3698 1246 3772 de Duprez sur la scène de l'Opéra? Nous n’essaierons
1326 3302 2374 3414 pas même d’écrire ce bulletin qui glorifie toute la vie
1316 3388 2379 3453 de l'artiste. La curiosité empressée et prodigue, le
1318 3434 2369 3515 faste de la foule qui assiégeait les portes et avait en¬
1323 3500 2382 3556 vahi toutes les places, l’attente, l'anxiété et les désirs,
1320 3541 2384 3604 et enfin la redoutable attention du public, annonçaient
1320 3599 2372 3674 qu’un de ces événements qui font époque dans l'exis¬
1320 3637 2384 3713 tence du théâtre, allait s'accomplir sous les yeux de
1316 3703 2096 3791 la multitude. On jouait Guillaume Tell.
