2959 4075
1684 196 1795 279 220
623 255 1714 345 mètres. Ce dessin, produisant beaucoup d'effet, et
627 336 1703 393 d'une exécution des plus faciles, se compose de plu¬
625 393 1710 445 metis, de pois et de feston feuille de rose; il doit être
625 440 1707 503 assez bourré, et peut se faire avec du coton un peu
627 490 1702 555 gros, celui du n° 8 marqué à la croix, serait, je crois,
625 548 963 621 très-convenable.
675 595 1708 658 8, L. G. enlacés, surmontés d'une couronne de
633 652 1178 741 comte, le tout au plumetis.
666 708 1048 775 9, I. B., plumetis.
670 756 1066 826 9 bis, A., plumetis.
666 807 1081 900 10, M. H., plumetis.
653 885 1158 999 Ici finit la petite édition.
656 993 1697 1095 11 et 11 bis; passe et porte d'un bonnet pour en¬
608 1059 1691 1147 fant du premier âge, se brodant au plumetis sur
601 1134 1695 1193 mousseline ou sur batiste; en mousseliné, le bonnet
610 1191 1685 1248 pourrait être doublé de taffetas blanc ou de couleur.
659 1232 1688 1311 12, MOUCHOIR au plumetis avec un léger mélange
608 1269 1692 1354 de points sablés; ce mouchoir peut, si l’on veut, se
615 1338 993 1412 passer de dentelle.
648 1391 1144 1467 43, Nicoluide, plumetis.
658 1440 1689 1518 14, GARNITURE POUR TAIES D’OREILLER, plumetis et
601 1478 769 1565 festons.
652 1540 1686 1628 15, 16 17, DEVANT, COL ETMANCHETTE POUR CAMISOLE;
601 1608 1686 1676 ce dessin, qui se fait entièrement au plumetis, peut
601 1673 1684 1732 aussi être employé pour tout autre objet de lingerie;
601 1714 1681 1792 ainsi le col et la manchette feraient une charmante
606 1756 889 1829 petite parure.
645 1800 1032 1880 18, L. J. Plumetis.
644 1865 1686 1934 19, Écusson pour mouchoir, renfermant les lettres
595 1910 1310 1984 P R enlacées, le tout au plumetis.
638 1967 1674 2054 20, Autre écusson également pour mouchoir, ren¬
595 2025 1481 2095 fermant les lettres F, R ènlacées, plumetis.
637 2087 1678 2176 21, Clémence ; les pois qui forment le nom sont en¬
595 2122 1115 2204 tourés d'un cordonnet fin.
640 2189 1670 2259 22, Rose, plumetis, points sablés et jour dans les
597 2230 1676 2317 cœur des fleurs. Les explications que j’ai commencé
592 2292 1667 2373 à te donner le mois dernier, relativement aux jours,
596 2351 1144 2413 vont ici trouver leur place.
629 2395 1156 2467 23, J. L. Oeillets ou pois.
623 2447 962 2518 24, J. M. Idem.
634 2493 1674 2576 25, MoITIÉ D'UNE PIÈCE DE CHEMISE. J’acquiesce à ta
578 2569 1678 2637 demande en t'envoyant un charmant dessin à cet
582 2621 1666 2698 usage, non que je t’engage beaucoup à broder tes
586 2669 1666 2751 chemises, je crois t’avoir à ce sujet, plusieurs fois,
585 2706 1665 2781 engagée à préférer de jolies chemises en toile très¬
573 2759 1660 2851 fine, mais parfaitement faites et pour lesquelles les
580 2829 1654 2900 points de piquère imperceptibles remplacent avanta¬
582 2885 1662 2951 geusement les profusions de broderies et de dentelles.
570 2925 1656 3013 Cependant, tu peux fort bien entreprendre ce dessin,
573 2973 1660 3069 que tu broderas au plumetis, avec un feston feuille de
558 3036 667 3107 rose.
608 3095 1656 3176 26, MANCHE DE LA CHEMISE; ceci n’est qu’une moitié,
567 3143 1651 3229 les deux morceaux étant posés de manière à croiser
562 3192 885 3259 l'un sur l’autre.
610 3251 1652 3325 27, DESSIN POUR LE BAS D'UNE ROBE DE MOUSSELINE A
558 3300 1647 3389 DEUX JUPES. Les robes blanches, qui se portent cet été,
566 3359 1652 3430 vont encore se porter davantage dans nos petites soi¬
566 3409 1655 3499 rées d'hiver, c'est ce qui m'a décidée à faire composer
577 3457 1648 3554 ce dessin à ton intention; en te mettant à l'œuvre
566 3499 1647 3617 dès à présent, tu pourras jouir de ton ouvrage pour
558 3570 1644 3669 nos premières réunions, si jamais nous nous réunis¬
564 3615 1643 3722 sons. Ce dessin est fort joli, facile et surtout vite fait,
560 3673 1651 3777 si tu ne prends pas de coton trop fin, ce qui serait
551 3714 1643 3847 inutile. Ta première jupe aura cinq mètres d'am¬
1803 275 2872 373 pleur, celle de dessus quatre; l’intervalle dans le bas
1795 347 2873 432 de l'une à l'autre sera de trente-cinq à quarante-huit
1795 404 2874 475 centimètres, parce que c'est une robe de Salon; pour
1795 438 2872 523 les robes de ville on ne met pas plus de trente centi¬
1796 489 1960 555 mètres.
1833 553 2865 653 28, DESSIN réduit, pour les garnitures du corsage,
1788 597 2867 693 des manches, etc.; je t'engage à faire ce corsage dé¬
1788 673 2869 748 colleté, sans basques, et avec un petit fichu Marie
1785 718 2861 796 Antoinette, qui pourra te servir pour d’autres toi¬
1788 763 2861 864 lettes, et dont tu recevras le patron au mois de sep¬
1786 822 1951 884 tembre.
1828 866 2251 948 29, L. B., plumetis.
1828 927 2608 995 30, A. D., plumetis simple ou feston.
1826 980 2322 1059 31, Simonette, plumetis.
1822 1037 2380 1106 32, Bertha, æillets ou pois.
1828 1091 2862 1171 33, QUART D'UN MOUCHOIR; ce dessin, formant une
1773 1154 2591 1218 grecque, se fait encore tout au feston.
1828 1200 2229 1260 34, P. L., plumetis.
1823 1255 2862 1322 35, Écusson pour mouchoir d'hommes, formant la
1774 1322 2747 1375 corde et renfermant les lettres H, M; plumetis.
1814 1362 2266 1434 36, Noémie, plumetis.
1814 1415 2281 1489 37, Aloysia, plumelis.
1813 1465 2281 1540 38, Blanche, plumetis.
1813 1512 2856 1589 39 à 42, PATION d’un mantelet montant, dont
1765 1570 2854 1654 la forme des plus gracieuses serait très-convenable
1776 1630 2848 1700 pour ta mère, qui cherche, dis-tu, un bon modèle.
1766 1693 2855 1748 Ce mantelet, que l’on fait en taffetas, se garnit de
1771 1741 2850 1806 velours, d’effilé, ou de dentelles hautes ou basses.
1770 1777 2845 1866 Celui qui m'a donné l’idée de te faire parvenir ce pa¬
1765 1833 2854 1914 tron, était garni ainsi qu'il suit : au bord des volants
1769 1888 2850 1973 et du corps du mantelet se trouvait un effilé haut de
1766 1945 2840 2030 huit à dix centimètres, ayant pour tête cinq rangs
1769 1995 2844 2070 de tout petits effilés de trois centimètres. Un man¬
1766 2054 2839 2115 telet semblable était garni de dentelle dans les pro¬
1767 2103 2165 2173 portions des effilés.
1800 2156 2845 2221 A propos de confections, terme consacré par les mar¬
1758 2213 2850 2296 chands, quelques mots sur celles qui se portent le
1765 2258 2841 2344 plus. Le petit mantelet-châle, soit décolleté, soir mon¬
1754 2321 2843 2389 tant, a été généralement adopté; le fond en est tantôt
1759 2376 2848 2440 recouvert par une jolie broderie au passé, et tantôt
1756 2419 2839 2499 garni d’effilés ou de petites dentelles; ces effilés eu ces
1752 2484 2836 2556 dentelles se placent des deux côtés d'une passemen¬
1752 2533 2818 2607 terie ou d’un petit velours, les deux têtes se regar¬
1752 2589 2829 2665 dant. Les garnitures de ces pointes-châles sont tou¬
1756 2640 2833 2702 jours ou des franges oudes dentelles. On fait de même
1747 2702 2839 2765 forme des mantelets blancs brodés, ou en mousseline
1748 2752 2837 2814 unie, ou en organdi, oumutulle, point d'esprit, avec
1751 2795 2835 2888 de simples rubans passés dans les ourlets; c’est jeune,
1754 2850 2829 2932 frais, et s’harmonise bien avec les vaporeuses toi¬
1747 2907 2835 2982 lettes de l’été; une simple pointe de mousseline fes¬
1754 2962 2832 3040 tonnée dans le bord remplace quelquefois le mantelet
1741 3013 2835 3085 blanc. Plusieurs de nos grandes couturières essaient
1740 3056 2833 3146 de faire adopter avec quelque robe que ce soit, pourvu
1741 3136 2825 3206 que le dessin n’en soit pas trop grand, un châle pa¬
1744 3176 2828 3255 reil, mais alors un vrai châle tout bonnement carré,
1740 3221 2829 3309 un peu plissé sur les épaules et entouré seulement
1737 3274 2819 3358 d'un effilé Tom-Pouce. Ce genre, à la portée de tout
1734 3321 2819 3407 le monde, est fort convenable pour les robes d’étoffe
1740 3383 2824 3461 unie ou pour les tout petits dessins nommés grisailles.
1782 3446 2818 3510 Pour le moment, le vêtement qui fait le plus fu¬
1733 3500 2818 3566 reur, fureur qui promet de s'accroître, c'est le grand
1734 3548 2826 3639 burnous de taffetas noir, avec capuchon et chicorée à
1729 3603 2825 3677 la vieille, tout autour. Ces burnous, auxquels on mettra
1741 3669 2806 3733 pour le mois prochain une légère doublure ouatée,
1729 3724 2818 3804 sont charmants pour les promenades du soir, pour la
1733 3781 2821 3868 campagne, surtout pour les eaux, et enfin pour les
