<?xml version="1.0" encoding="UTF-8" standalone="yes"?><PcGts xmlns="http://schema.primaresearch.org/PAGE/gts/pagecontent/2013-07-15"><Metadata><Creator>prov=READ-COOP:name=TrHtr:version=2.42.0:model_id=356425:date=04_05_2026_11:23</Creator><Created>2026-04-24T10:03:21.804349</Created><LastChange>2026-06-20T13:23:16.365+02:00</LastChange><TranskribusMetadata docId="14756063" pageId="115166627" pageNr="74" userId="187713" imgUrl="https://files.transkribus.eu/Get?fileType=view&amp;id=UTOYNIXLIZNQITARSNONPOCB" imageId="97254140"/></Metadata><Page imageFilename="115166627.jpg" imageWidth="2822" imageHeight="3966"><ReadingOrder><OrderedGroup><RegionRefIndexed index="0" regionRef="tr_1777017848"/><RegionRefIndexed index="1" regionRef="tr_1777017847"/><RegionRefIndexed index="2" regionRef="tr_1777017846"/></OrderedGroup></ReadingOrder><TextRegion id="tr_1777017848" custom="readingOrder {index:0;} structure {score:0.99; type:page-number;}"><Coords points="1612,128 1716,128 1716,197 1612,197"/><TextLine id="tr_1777017848_tl_1" custom="readingOrder {index:0;}"><Coords points="1629,196 1644,196 1651,202 1663,194 1668,200 1674,201 1689,194 1698,196 1698,137 1687,133 1683,135 1678,130 1674,134 1664,133 1645,122 1641,126 1627,122"/><Baseline points="1636,179 1681,182 1702,179"/><TextEquiv><Unicode>62</Unicode></TextEquiv></TextLine><TextEquiv><Unicode></Unicode></TextEquiv></TextRegion><TextRegion id="tr_1777017847" custom="readingOrder {index:1;} structure {score:0.99; type:paragraph;}"><Coords points="536,195 1649,213 1643,3749 515,3749"/><TextLine id="tr_1777017847_tl_1" custom="readingOrder {index:0;}"><Coords points="577,269 1622,269 1600,208 1210,238 1131,201 863,232 577,205"/><Baseline points="585,259 630,253 674,253 719,253 764,253 809,253 854,253 898,253 943,253 988,256 1033,256 1078,259 1122,259 1167,259 1212,262 1257,262 1302,262 1346,262 1391,262 1436,262 1481,262 1526,259 1570,259 1615,259 1624,262"/><TextEquiv><Unicode>sur n’importe quelle robe ; il suffirait que le corsage</Unicode></TextEquiv></TextLine><TextLine id="tr_1777017847_tl_2" custom="readingOrder {index:1;}"><Coords points="572,301 1618,315 1618,274 572,271"/><Baseline points="579,298 624,298 668,298 713,298 758,298 803,298 848,298 892,301 937,301 982,304 1027,304 1072,304 1116,307 1161,307 1206,307 1251,307 1296,307 1340,307 1385,307 1430,307 1475,304 1520,304 1564,301 1609,301 1621,301"/><TextEquiv><Unicode>se trouvât décolleté; rien n’est plus joli pour toi-</Unicode></TextEquiv></TextLine><TextLine id="tr_1777017847_tl_3" custom="readingOrder {index:2;}"><Coords points="580,358 1292,383 1620,354 1620,315 1577,312 580,308"/><Baseline points="588,346 594,343 639,343 683,343 728,343 773,346 818,346 863,346 907,346 952,349 997,349 1042,349 1087,352 1131,352 1176,352 1221,352 1266,352 1311,352 1355,349 1400,349 1445,349 1490,346 1535,346 1579,343 1624,343"/><TextEquiv><Unicode>lettes de petites soirées et dîners de cérémonie. Les</Unicode></TextEquiv></TextLine><TextLine id="tr_1777017847_tl_4" custom="readingOrder {index:3;}"><Coords points="578,403 1616,408 1600,353 1292,383 580,358"/><Baseline points="588,394 591,391 636,388 680,388 725,391 770,391 815,391 860,394 904,394 949,394 994,397 1039,397 1084,397 1128,397 1173,397 1218,397 1263,394 1308,394 1352,394 1397,391 1442,391 1487,388 1532,388 1576,385 1621,388"/><TextEquiv><Unicode>trois lignes fines que tu aperçois dans le bas du</Unicode></TextEquiv></TextLine><TextLine id="tr_1777017847_tl_5" custom="readingOrder {index:4;}"><Coords points="585,454 1618,449 1618,408 1573,398 587,410"/><Baseline points="594,436 636,436 680,436 725,439 770,439 815,439 860,439 904,441 949,441 994,441 1039,441 1084,441 1128,441 1173,441 1218,439 1263,439 1308,436 1352,436 1397,433 1442,433 1487,433 1532,430 1576,430 1621,430"/><TextEquiv><Unicode>patron, t’indiquent deux plis qui servent à marquer</Unicode></TextEquiv></TextLine><TextLine id="tr_1777017847_tl_6" custom="readingOrder {index:5;}"><Coords points="588,496 1620,488 1620,449 1567,439 589,453"/><Baseline points="597,480 639,480 683,483 728,483 773,483 818,486 863,486 907,486 952,486 997,486 1042,486 1087,486 1131,483 1176,483 1221,483 1266,480 1311,477 1355,477 1400,474 1445,474 1490,474 1535,471 1579,471 1624,477"/><TextEquiv><Unicode>la taille. Pour jeunes femmes, ces sortes de fichus</Unicode></TextEquiv></TextLine><TextLine id="tr_1777017847_tl_7" custom="readingOrder {index:6;}"><Coords points="577,533 1622,529 1607,487 1440,479 577,513"/><Baseline points="585,528 594,528 639,525 683,528 728,528 773,531 818,531 863,531 907,531 952,531 997,531 1042,528 1087,528 1131,525 1176,525 1221,522 1266,522 1311,522 1355,519 1400,519 1445,516 1490,516 1535,516 1579,516 1624,516"/><TextEquiv><Unicode>se font en riches dentelles, ornées ou pour mieux dire</Unicode></TextEquiv></TextLine><TextLine id="tr_1777017847_tl_8" custom="readingOrder {index:7;}"><Coords points="584,589 1622,576 1605,526 584,540"/><Baseline points="591,576 594,576 639,573 683,573 728,576 773,576 818,576 863,576 907,576 952,576 997,573 1042,573 1087,570 1131,567 1176,567 1221,567 1266,564 1311,564 1355,564 1400,561 1445,561 1490,561 1535,561 1579,564 1624,567"/><TextEquiv><Unicode>surchargées, car c’est le défaut du jour, de nœuds, de</Unicode></TextEquiv></TextLine><TextLine id="tr_1777017847_tl_9" custom="readingOrder {index:8;}"><Coords points="591,636 1396,607 1619,647 1620,577 592,588"/><Baseline points="600,621 639,618 683,618 728,621 773,621 818,621 863,621 907,618 952,618 997,615 1042,615 1087,612 1131,609 1176,609 1221,606 1266,606 1311,606 1355,606 1400,606 1445,606 1490,606 1535,606 1579,606 1624,609"/><TextEquiv><Unicode>velours, de ruche, etc.; ceux qui sont en dentelle</Unicode></TextEquiv></TextLine><TextLine id="tr_1777017847_tl_10" custom="readingOrder {index:9;}"><Coords points="584,691 1322,680 1448,667 1450,621 584,636"/><Baseline points="591,665 600,665 645,662 689,662 734,662 779,662 824,662 869,662 913,662 958,660 1003,657 1048,657 1093,654 1137,654 1182,651 1227,651 1272,651 1317,651 1361,651 1406,651 1451,654"/><TextEquiv><Unicode>noire vont à ravir sur les robes de velours.</Unicode></TextEquiv></TextLine><TextLine id="tr_1777017847_tl_11" custom="readingOrder {index:10;}"><Coords points="625,725 1154,706 1324,740 1563,728 1564,678 625,685"/><Baseline points="633,719 671,716 716,716 761,716 806,713 851,713 895,713 940,710 985,707 1030,707 1075,707 1119,704 1164,704 1209,704 1254,704 1299,704 1343,704 1388,704 1433,704 1478,707 1523,707 1567,713"/><TextEquiv><Unicode>37, CROQUIS DE LA DERTHE OU FICHU ANTOINETTE.</Unicode></TextEquiv></TextLine><TextLine id="tr_1777017847_tl_12" custom="readingOrder {index:11;}"><Coords points="625,775 1622,773 1622,728 1544,718 699,751 625,725"/><Baseline points="633,770 639,770 683,767 728,767 773,767 818,764 863,761 907,761 952,758 997,758 1042,758 1087,755 1131,755 1176,755 1221,758 1266,758 1311,758 1355,758 1400,758 1445,758 1490,758 1535,758 1579,761 1624,758"/><TextEquiv><Unicode>38, PATRON D'UNE MANCHE dont le croquis est au</Unicode></TextEquiv></TextLine><TextLine id="tr_1777017847_tl_13" custom="readingOrder {index:12;}"><Coords points="584,829 1618,820 1588,770 584,773"/><Baseline points="591,812 636,809 680,809 725,809 770,806 815,803 860,803 904,803 949,803 994,803 1039,800 1084,800 1128,803 1173,803 1218,803 1263,803 1308,803 1352,803 1397,803 1442,803 1487,803 1532,803 1576,803 1621,806"/><TextEquiv><Unicode>n° 42. Cette sorte de manche (dont tu ne vois ici</Unicode></TextEquiv></TextLine><TextLine id="tr_1777017847_tl_14" custom="readingOrder {index:13;}"><Coords points="587,871 1604,859 1605,814 588,827"/><Baseline points="594,857 621,854 665,851 710,851 755,851 800,848 845,848 889,845 934,845 979,845 1024,845 1069,845 1113,848 1158,848 1203,848 1248,848 1293,848 1337,848 1382,848 1427,848 1472,848 1517,848 1561,848 1606,848"/><TextEquiv><Unicode>que la moitié) est assez adoptée pour les robes de né¬</Unicode></TextEquiv></TextLine><TextLine id="tr_1777017847_tl_15" custom="readingOrder {index:14;}"><Coords points="587,912 1604,905 1604,859 587,871"/><Baseline points="594,901 621,895 665,892 710,892 755,889 800,889 845,889 889,889 934,889 979,892 1024,892 1069,892 1113,892 1158,892 1203,892 1248,892 1293,892 1337,892 1382,892 1427,892 1472,892 1517,892 1561,892 1606,895"/><TextEquiv><Unicode>gligé; elle rappelle un peu ce qu’on nommait au¬</Unicode></TextEquiv></TextLine><TextLine id="tr_1777017847_tl_16" custom="readingOrder {index:15;}"><Coords points="577,941 1608,948 1590,901 577,908"/><Baseline points="585,940 630,937 674,934 719,934 764,934 809,934 854,934 898,934 943,934 988,934 1033,937 1078,937 1122,937 1167,937 1212,937 1257,937 1302,937 1346,937 1391,937 1436,937 1481,937 1526,937 1570,937 1612,940"/><TextEquiv><Unicode>trefois manches jardinières; le haut est plissé à plis</Unicode></TextEquiv></TextLine><TextLine id="tr_1777017847_tl_17" custom="readingOrder {index:16;}"><Coords points="587,1000 1625,994 1616,948 587,955"/><Baseline points="594,982 639,979 683,979 728,979 773,979 818,976 863,979 907,979 952,982 997,982 1042,982 1087,982 1131,982 1176,982 1221,982 1266,982 1311,979 1355,982 1400,979 1445,979 1490,979 1535,979 1579,979 1624,982 1627,982"/><TextEquiv><Unicode>plats, sur lesquels retombe un jocker, qui reçoit</Unicode></TextEquiv></TextLine><TextLine id="tr_1777017847_tl_18" custom="readingOrder {index:17;}"><Coords points="572,1039 1623,1042 1623,1002 1510,987 572,1000"/><Baseline points="579,1024 624,1021 668,1024 713,1024 758,1024 803,1024 848,1024 892,1024 937,1027 982,1027 1027,1027 1072,1027 1116,1024 1161,1024 1206,1024 1251,1024 1296,1024 1340,1024 1385,1024 1430,1024 1475,1024 1520,1024 1564,1021 1609,1024 1627,1024"/><TextEquiv><Unicode>une garniture conforme à celle de la robe. Le bas se</Unicode></TextEquiv></TextLine><TextLine id="tr_1777017847_tl_19" custom="readingOrder {index:18;}"><Coords points="572,1072 926,1102 1603,1078 1604,1042 573,1038"/><Baseline points="579,1069 621,1066 665,1069 710,1069 755,1069 800,1069 845,1069 889,1069 934,1072 979,1072 1024,1072 1069,1072 1113,1069 1158,1069 1203,1069 1248,1069 1293,1069 1337,1066 1382,1066 1427,1066 1472,1066 1517,1066 1561,1066 1606,1066"/><TextEquiv><Unicode>trouve froncé et fermé par un poignet sur lequel re¬</Unicode></TextEquiv></TextLine><TextLine id="tr_1777017847_tl_20" custom="readingOrder {index:19;}"><Coords points="572,1121 1610,1130 1579,1075 926,1102 572,1068"/><Baseline points="579,1110 624,1110 668,1113 713,1113 758,1113 803,1113 848,1113 892,1113 937,1113 982,1113 1027,1113 1072,1113 1116,1113 1161,1113 1206,1113 1251,1113 1296,1110 1340,1110 1385,1110 1430,1110 1475,1110 1520,1110 1564,1110 1609,1113 1612,1113"/><TextEquiv><Unicode>tourne un revers, soit de la même étoffe que la robe,</Unicode></TextEquiv></TextLine><TextLine id="tr_1777017847_tl_21" custom="readingOrder {index:20;}"><Coords points="574,1176 1603,1177 1574,1119 574,1124"/><Baseline points="582,1158 621,1155 665,1155 710,1155 755,1158 800,1158 845,1158 889,1158 934,1158 979,1158 1024,1158 1069,1158 1113,1158 1158,1158 1203,1158 1248,1155 1293,1155 1337,1155 1382,1155 1427,1155 1472,1155 1517,1155 1561,1155 1606,1155"/><TextEquiv><Unicode>soit en velours, mais une manchette blanche mous-</Unicode></TextEquiv></TextLine><TextLine id="tr_1777017847_tl_22" custom="readingOrder {index:21;}"><Coords points="577,1236 822,1203 1399,1218 1399,1166 577,1176"/><Baseline points="585,1203 630,1200 674,1200 719,1203 764,1200 809,1203 854,1203 898,1203 943,1203 988,1203 1033,1203 1078,1203 1122,1203 1167,1203 1212,1200 1257,1203 1302,1200 1346,1200 1391,1203 1403,1203"/><TextEquiv><Unicode>quetaire est encore ce qui vaut le mieux.</Unicode></TextEquiv></TextLine><TextLine id="tr_1777017847_tl_23" custom="readingOrder {index:22;}"><Coords points="622,1261 1436,1280 1436,1221 1406,1214 622,1224"/><Baseline points="630,1248 633,1248 677,1245 722,1245 767,1245 812,1248 857,1245 901,1248 946,1248 991,1248 1036,1248 1081,1248 1125,1248 1170,1245 1215,1245 1260,1245 1305,1245 1349,1245 1394,1245 1439,1245"/><TextEquiv><Unicode>39 et 40, POIGNET ET REVERS DE LA MANCHE.</Unicode></TextEquiv></TextLine><TextLine id="tr_1777017847_tl_24" custom="readingOrder {index:23;}"><Coords points="619,1320 797,1306 862,1325 912,1303 955,1326 1083,1307 1192,1325 1192,1276 1132,1258 1091,1276 1061,1259 1030,1276 759,1276 734,1255 619,1272"/><Baseline points="627,1299 671,1299 716,1299 761,1299 806,1299 851,1299 895,1299 940,1299 985,1299 1030,1299 1075,1299 1119,1299 1164,1302 1194,1299"/><TextEquiv><Unicode>41, HAUT DE LA MANCHE jockey.</Unicode></TextEquiv></TextLine><TextLine id="tr_1777017847_tl_25" custom="readingOrder {index:24;}"><Coords points="632,1366 1134,1376 1134,1324 1089,1317 956,1328 911,1306 749,1328 721,1306 684,1328 632,1320"/><Baseline points="639,1352 683,1349 728,1349 773,1349 818,1349 863,1349 907,1349 952,1349 997,1349 1042,1349 1087,1349 1131,1352 1137,1355"/><TextEquiv><Unicode>42, Croquis de la manche.</Unicode></TextEquiv></TextLine><TextLine id="tr_1777017847_tl_26" custom="readingOrder {index:25;}"><Coords points="622,1404 1608,1409 1608,1355 1380,1383 622,1365"/><Baseline points="630,1400 674,1400 719,1400 764,1400 809,1400 854,1400 898,1400 943,1400 988,1400 1033,1400 1078,1400 1122,1400 1167,1400 1212,1400 1257,1400 1302,1400 1346,1400 1391,1400 1436,1397 1481,1400 1526,1400 1570,1400 1612,1400"/><TextEquiv><Unicode>43, PATRON ET DESSIN DU PANIER ISABELLE dont tu vois</Unicode></TextEquiv></TextLine><TextLine id="tr_1777017847_tl_27" custom="readingOrder {index:26;}"><Coords points="574,1456 1619,1455 1592,1411 574,1404"/><Baseline points="582,1445 627,1442 671,1442 716,1445 761,1442 806,1445 851,1445 895,1445 940,1445 985,1445 1030,1445 1075,1445 1119,1445 1164,1445 1209,1442 1254,1445 1299,1445 1343,1445 1388,1445 1433,1445 1478,1442 1523,1445 1567,1445 1612,1448 1621,1448"/><TextEquiv><Unicode>le croquis au n° 44. — Choisis du drap ou de la</Unicode></TextEquiv></TextLine><TextLine id="tr_1777017847_tl_28" custom="readingOrder {index:27;}"><Coords points="572,1504 1618,1499 1590,1454 572,1458"/><Baseline points="579,1490 624,1487 668,1487 713,1490 758,1487 803,1487 848,1487 892,1487 937,1487 982,1487 1027,1487 1072,1487 1116,1487 1161,1487 1206,1490 1251,1490 1296,1490 1340,1490 1385,1490 1430,1487 1475,1487 1520,1487 1564,1490 1609,1493 1621,1493"/><TextEquiv><Unicode>moire, je n’ose prononcer le mot velours, attendu qu’il</Unicode></TextEquiv></TextLine><TextLine id="tr_1777017847_tl_29" custom="readingOrder {index:28;}"><Coords points="574,1548 1608,1556 1582,1497 574,1502"/><Baseline points="582,1532 627,1532 671,1532 716,1532 761,1532 806,1532 851,1532 895,1532 940,1532 985,1532 1030,1532 1075,1532 1119,1532 1164,1532 1209,1532 1254,1532 1299,1535 1343,1532 1388,1532 1433,1532 1478,1532 1523,1532 1567,1532 1612,1538"/><TextEquiv><Unicode>en faut beaucoup pour exécuter ce panier ; sur l’étoffe</Unicode></TextEquiv></TextLine><TextLine id="tr_1777017847_tl_30" custom="readingOrder {index:29;}"><Coords points="572,1588 1605,1588 1569,1548 572,1548"/><Baseline points="579,1570 621,1573 665,1573 710,1576 755,1576 800,1576 845,1576 889,1576 934,1576 979,1576 1024,1576 1069,1576 1113,1576 1158,1576 1203,1576 1248,1579 1293,1579 1337,1576 1382,1576 1427,1576 1472,1576 1517,1576 1561,1576 1606,1579 1609,1579"/><TextEquiv><Unicode>choisie, reproduis ce dessin, en pelit galon et souta-</Unicode></TextEquiv></TextLine><TextLine id="tr_1777017847_tl_31" custom="readingOrder {index:30;}"><Coords points="574,1627 1608,1641 1608,1586 574,1595"/><Baseline points="582,1621 627,1618 671,1618 716,1621 761,1618 806,1621 851,1621 895,1621 940,1621 985,1621 1030,1621 1075,1621 1119,1621 1164,1621 1209,1621 1254,1621 1299,1621 1343,1621 1388,1621 1433,1621 1478,1621 1523,1621 1567,1621 1612,1621"/><TextEquiv><Unicode>che; ainsi sur fond grenat avec noir, tu pourrais</Unicode></TextEquiv></TextLine><TextLine id="tr_1777017847_tl_32" custom="readingOrder {index:31;}"><Coords points="574,1667 1605,1679 1605,1644 1502,1633 574,1637"/><Baseline points="582,1666 627,1663 671,1663 716,1663 761,1663 806,1663 851,1663 895,1663 940,1666 985,1663 1030,1666 1075,1666 1119,1666 1164,1666 1209,1666 1254,1666 1299,1666 1343,1666 1388,1666 1433,1666 1478,1666 1523,1666 1567,1666 1609,1669"/><TextEquiv><Unicode>employer un galon de soie vert émeraude que tu en¬</Unicode></TextEquiv></TextLine><TextLine id="tr_1777017847_tl_33" custom="readingOrder {index:32;}"><Coords points="566,1716 1600,1722 1600,1681 1548,1675 566,1674"/><Baseline points="573,1708 618,1705 662,1705 707,1705 752,1705 797,1708 842,1708 886,1708 931,1708 976,1708 1021,1708 1066,1708 1110,1708 1155,1708 1200,1711 1245,1711 1290,1711 1334,1711 1379,1711 1424,1711 1469,1711 1514,1711 1558,1711 1603,1711 1606,1708"/><TextEquiv><Unicode>tourerais d’une fine soutache d‘or ; le restant du des¬</Unicode></TextEquiv></TextLine><TextLine id="tr_1777017847_tl_34" custom="readingOrder {index:33;}"><Coords points="566,1772 1611,1776 1601,1720 566,1730"/><Baseline points="573,1750 618,1747 662,1750 707,1750 752,1750 797,1750 842,1753 886,1750 931,1753 976,1753 1021,1753 1066,1753 1110,1753 1155,1753 1200,1756 1245,1756 1290,1756 1334,1756 1379,1753 1424,1753 1469,1753 1514,1756 1558,1756 1603,1759 1615,1762"/><TextEquiv><Unicode>sin serait en soutache d’un vert plus clair que le</Unicode></TextEquiv></TextLine><TextLine id="tr_1777017847_tl_35" custom="readingOrder {index:34;}"><Coords points="572,1816 1329,1800 1611,1831 1611,1776 1540,1765 572,1767"/><Baseline points="579,1797 624,1791 668,1791 713,1794 758,1794 803,1794 848,1794 892,1794 937,1794 982,1797 1027,1794 1072,1797 1116,1797 1161,1797 1206,1797 1251,1797 1296,1800 1340,1800 1385,1797 1430,1800 1475,1800 1520,1800 1564,1800 1609,1803 1615,1803"/><TextEquiv><Unicode>galon; pour le bord, fais de même. — Le rond une</Unicode></TextEquiv></TextLine><TextLine id="tr_1777017847_tl_36" custom="readingOrder {index:35;}"><Coords points="559,1865 604,1845 933,1868 1249,1853 1247,1822 1192,1809 558,1813"/><Baseline points="567,1836 612,1836 657,1836 701,1836 746,1836 791,1839 836,1839 881,1839 925,1839 970,1839 1015,1839 1060,1839 1104,1842 1149,1839 1194,1842 1239,1842 1250,1841"/><TextEquiv><Unicode>fois terminé, il s’agit de le monter</Unicode></TextEquiv></TextLine><TextLine id="tr_1777017847_tl_37" custom="readingOrder {index:36;}"><Coords points="607,1890 1558,1912 1605,1865 1415,1831 1108,1876 606,1850"/><Baseline points="615,1884 660,1881 704,1881 749,1881 794,1881 839,1884 883,1884 928,1884 973,1884 1018,1884 1063,1884 1107,1887 1152,1887 1197,1887 1242,1887 1287,1887 1331,1887 1376,1887 1421,1887 1466,1887 1511,1887 1555,1890 1600,1890 1609,1893"/><TextEquiv><Unicode>Commence par couper, dans du carton un peu</Unicode></TextEquiv></TextLine><TextLine id="tr_1777017847_tl_38" custom="readingOrder {index:37;}"><Coords points="569,1935 1599,1954 1600,1899 644,1904 568,1872"/><Baseline points="576,1926 621,1926 665,1926 710,1926 755,1926 800,1926 845,1926 889,1926 934,1929 979,1929 1024,1929 1069,1929 1113,1929 1158,1929 1203,1932 1248,1932 1293,1932 1337,1932 1382,1932 1427,1932 1472,1932 1517,1932 1561,1935 1603,1935"/><TextEquiv><Unicode>ferme, un premier rond ayant quarante-quatre cen¬</Unicode></TextEquiv></TextLine><TextLine id="tr_1777017847_tl_39" custom="readingOrder {index:38;}"><Coords points="570,1975 1611,1991 1574,1943 569,1935"/><Baseline points="576,1971 621,1968 665,1968 710,1968 755,1971 800,1971 845,1971 889,1971 934,1974 979,1974 1024,1974 1069,1974 1113,1974 1158,1974 1203,1977 1248,1977 1293,1977 1337,1977 1382,1977 1427,1977 1472,1977 1517,1977 1561,1980 1606,1983 1615,1980"/><TextEquiv><Unicode>timètres de diamètre, c’est-à-dire la dimension du</Unicode></TextEquiv></TextLine><TextLine id="tr_1777017847_tl_40" custom="readingOrder {index:39;}"><Coords points="569,2024 1612,2036 1611,1994 1560,1986 569,1984"/><Baseline points="576,2015 621,2012 665,2012 710,2012 755,2012 800,2015 845,2015 889,2018 934,2015 979,2018 1024,2018 1069,2018 1113,2018 1158,2018 1203,2018 1248,2018 1293,2021 1337,2021 1382,2021 1427,2021 1472,2021 1517,2021 1561,2021 1606,2027 1615,2027"/><TextEquiv><Unicode>rond soutaché; puis, ensuite, dans ce même rond de</Unicode></TextEquiv></TextLine><TextLine id="tr_1777017847_tl_41" custom="readingOrder {index:40;}"><Coords points="569,2066 1560,2095 1600,2085 1600,2032 568,2024"/><Baseline points="576,2057 621,2057 665,2057 710,2060 755,2057 800,2057 845,2057 889,2060 934,2060 979,2060 1024,2060 1069,2060 1113,2063 1158,2063 1203,2063 1248,2063 1293,2063 1337,2063 1382,2063 1427,2063 1472,2066 1517,2066 1561,2066 1603,2066"/><TextEquiv><Unicode>carton, taille-s-en un second, ayant’dix-huit centimè¬</Unicode></TextEquiv></TextLine><TextLine id="tr_1777017847_tl_42" custom="readingOrder {index:41;}"><Coords points="566,2109 1605,2122 1605,2088 1510,2074 566,2064"/><Baseline points="573,2102 618,2099 662,2099 707,2102 752,2102 797,2102 842,2105 886,2105 931,2105 976,2105 1021,2105 1066,2105 1110,2105 1155,2105 1200,2108 1245,2108 1290,2108 1334,2108 1379,2108 1424,2108 1469,2108 1514,2111 1558,2111 1603,2114 1609,2117"/><TextEquiv><Unicode>tres de diamètre ; plisse ensuite le premier carton en</Unicode></TextEquiv></TextLine><TextLine id="tr_1777017847_tl_43" custom="readingOrder {index:42;}"><Coords points="566,2157 1541,2177 1604,2136 565,2107"/><Baseline points="573,2147 618,2144 662,2144 707,2147 752,2147 797,2147 842,2147 886,2147 931,2150 976,2150 1021,2150 1066,2150 1110,2150 1155,2150 1200,2153 1245,2153 1290,2153 1334,2153 1379,2153 1424,2153 1469,2153 1514,2153 1558,2156 1603,2162 1606,2162"/><TextEquiv><Unicode>forme de tuyaux d’orgue, faisant huit tuyaux; après quoi</Unicode></TextEquiv></TextLine><TextLine id="tr_1777017847_tl_44" custom="readingOrder {index:43;}"><Coords points="569,2206 1601,2217 1592,2165 569,2157"/><Baseline points="576,2198 621,2189 665,2189 710,2192 755,2192 800,2192 845,2192 889,2192 934,2192 979,2195 1024,2195 1069,2195 1113,2195 1158,2195 1203,2195 1248,2195 1293,2198 1337,2198 1382,2198 1427,2198 1472,2198 1517,2198 1561,2201 1603,2201"/><TextEquiv><Unicode>joins cette partie au deuxième rond par un surjet, à</Unicode></TextEquiv></TextLine><TextLine id="tr_1777017847_tl_45" custom="readingOrder {index:44;}"><Coords points="572,2243 1593,2263 1593,2215 1544,2207 572,2204"/><Baseline points="579,2233 624,2233 668,2233 713,2233 758,2236 803,2236 848,2236 892,2236 937,2236 982,2239 1027,2239 1072,2239 1116,2239 1161,2242 1206,2242 1251,2242 1296,2242 1340,2242 1385,2242 1430,2242 1475,2242 1520,2242 1564,2242 1597,2245"/><TextEquiv><Unicode>l’endroit, ne serrant pas le point; enfin, ces deux</Unicode></TextEquiv></TextLine><TextLine id="tr_1777017847_tl_46" custom="readingOrder {index:45;}"><Coords points="566,2285 1600,2307 1599,2263 565,2244"/><Baseline points="573,2278 618,2278 662,2278 707,2278 752,2278 797,2278 842,2281 886,2281 931,2281 976,2281 1021,2281 1066,2284 1110,2284 1155,2284 1200,2284 1245,2284 1290,2284 1334,2284 1379,2287 1424,2287 1469,2287 1514,2287 1558,2287 1603,2296"/><TextEquiv><Unicode>ronds réunis, tu les recouvres par le rond en soutache,</Unicode></TextEquiv></TextLine><TextLine id="tr_1777017847_tl_47" custom="readingOrder {index:46;}"><Coords points="559,2323 1553,2356 1593,2304 558,2285"/><Baseline points="567,2323 612,2320 657,2323 701,2323 746,2323 791,2323 836,2323 881,2323 925,2326 970,2326 1015,2326 1060,2326 1104,2326 1149,2329 1194,2329 1239,2329 1284,2329 1328,2329 1373,2329 1418,2332 1463,2332 1508,2332 1552,2335 1597,2335"/><TextEquiv><Unicode>lui faisant suivre toutes les sinuosités formées pa</Unicode></TextEquiv></TextLine><TextLine id="tr_1777017847_tl_48" custom="readingOrder {index:47;}"><Coords points="562,2377 1410,2405 1597,2392 1597,2355 561,2330"/><Baseline points="570,2365 615,2362 660,2365 704,2368 749,2368 794,2368 839,2368 883,2371 928,2371 973,2371 1018,2371 1063,2371 1107,2371 1152,2374 1197,2374 1242,2374 1287,2374 1331,2374 1376,2374 1421,2374 1466,2377 1511,2377 1555,2377 1600,2380"/><TextEquiv><Unicode>les tuyaux du carton. Avec du taffetas de la couleur</Unicode></TextEquiv></TextLine><TextLine id="tr_1777017847_tl_49" custom="readingOrder {index:48;}"><Coords points="559,2419 1532,2444 1605,2434 1605,2389 558,2377"/><Baseline points="567,2410 612,2410 657,2410 701,2410 746,2413 791,2413 836,2413 881,2413 925,2416 970,2416 1015,2416 1060,2416 1104,2419 1149,2419 1194,2419 1239,2419 1284,2419 1328,2419 1373,2419 1418,2422 1463,2422 1508,2422 1552,2422 1597,2424 1609,2424"/><TextEquiv><Unicode>des soutaches et des galons, tu fais un sac ayant</Unicode></TextEquiv></TextLine><TextLine id="tr_1777017847_tl_50" custom="readingOrder {index:49;}"><Coords points="559,2460 1604,2481 1584,2434 559,2429"/><Baseline points="567,2454 612,2454 657,2454 701,2457 746,2457 791,2457 836,2457 881,2457 925,2457 970,2460 1015,2460 1060,2460 1104,2463 1149,2463 1194,2463 1239,2466 1284,2463 1328,2463 1373,2463 1418,2466 1463,2466 1508,2466 1552,2466 1597,2472 1606,2469"/><TextEquiv><Unicode>vingt-cinq centimètres de haut, et tu l’introduis</Unicode></TextEquiv></TextLine><TextLine id="tr_1777017847_tl_51" custom="readingOrder {index:50;}"><Coords points="562,2518 1597,2529 1552,2477 562,2459"/><Baseline points="570,2502 615,2499 660,2499 704,2499 749,2502 794,2502 839,2502 883,2502 928,2505 973,2505 1018,2505 1063,2505 1107,2505 1152,2508 1197,2508 1242,2508 1287,2508 1331,2508 1376,2508 1421,2511 1466,2511 1511,2511 1555,2514 1600,2517"/><TextEquiv><Unicode>jusqu’au rond de carton. Pour faire les choses le plus</Unicode></TextEquiv></TextLine><TextLine id="tr_1777017847_tl_52" custom="readingOrder {index:51;}"><Coords points="559,2552 1597,2576 1597,2524 559,2519"/><Baseline points="567,2541 612,2541 657,2541 701,2544 746,2544 791,2547 836,2547 881,2547 925,2550 970,2550 1015,2550 1060,2553 1104,2553 1149,2553 1194,2553 1239,2553 1284,2553 1328,2553 1373,2556 1418,2556 1463,2556 1508,2556 1552,2556 1597,2562 1600,2562"/><TextEquiv><Unicode>économiquement possible, je t’engage à recouvrir</Unicode></TextEquiv></TextLine><TextLine id="tr_1777017847_tl_53" custom="readingOrder {index:52;}"><Coords points="566,2589 1599,2623 1600,2574 565,2554"/><Baseline points="573,2583 618,2583 662,2586 707,2586 752,2589 797,2589 842,2592 886,2592 931,2595 976,2595 1021,2595 1066,2595 1110,2598 1155,2598 1200,2598 1245,2598 1290,2598 1334,2598 1379,2598 1424,2598 1469,2601 1514,2601 1558,2601 1603,2607"/><TextEquiv><Unicode>en percalina le rond du fond, et le bas du sac. Le</Unicode></TextEquiv></TextLine><TextLine id="tr_1777017847_tl_54" custom="readingOrder {index:53;}"><Coords points="559,2649 1564,2669 1593,2621 558,2591"/><Baseline points="567,2631 612,2628 657,2628 701,2631 746,2631 791,2634 836,2634 881,2637 925,2637 970,2640 1015,2640 1060,2643 1104,2643 1149,2643 1194,2643 1239,2643 1284,2643 1328,2643 1373,2643 1418,2643 1463,2643 1508,2645 1552,2645 1597,2651 1600,2648"/><TextEquiv><Unicode>haut du rond soutaché, qui aura été bordé par</Unicode></TextEquiv></TextLine><TextLine id="tr_1777017847_tl_55" custom="readingOrder {index:54;}"><Coords points="561,2689 1599,2705 1586,2661 559,2646"/><Baseline points="567,2672 612,2672 657,2672 701,2672 746,2675 791,2675 836,2675 881,2678 925,2681 970,2681 1015,2684 1060,2684 1104,2684 1149,2684 1194,2687 1239,2687 1284,2687 1328,2687 1373,2687 1418,2687 1463,2687 1508,2690 1552,2690 1597,2693 1600,2693"/><TextEquiv><Unicode>une ganse assortie à la broderie, sera fixé au sac par</Unicode></TextEquiv></TextLine><TextLine id="tr_1777017847_tl_56" custom="readingOrder {index:55;}"><Coords points="562,2721 1595,2747 1593,2705 1530,2695 562,2687"/><Baseline points="570,2720 615,2714 660,2717 704,2717 749,2720 794,2720 839,2720 883,2723 928,2723 973,2726 1018,2726 1063,2729 1107,2729 1152,2729 1197,2732 1242,2732 1287,2732 1331,2732 1376,2732 1421,2732 1466,2732 1511,2732 1555,2735 1597,2735"/><TextEquiv><Unicode>chaque tuyau. Avec cette même ganse, tu établiras</Unicode></TextEquiv></TextLine><TextLine id="tr_1777017847_tl_57" custom="readingOrder {index:56;}"><Coords points="554,2772 1589,2795 1574,2745 554,2740"/><Baseline points="561,2762 606,2759 651,2762 695,2762 740,2762 785,2765 830,2765 875,2765 919,2768 964,2768 1009,2768 1054,2771 1099,2771 1143,2774 1188,2774 1233,2777 1278,2777 1322,2777 1367,2777 1412,2777 1457,2777 1502,2777 1546,2780 1591,2780"/><TextEquiv><Unicode>deux petites anses, ayant de vingt-cinq à trente centi</Unicode></TextEquiv></TextLine><TextLine id="tr_1777017847_tl_58" custom="readingOrder {index:57;}"><Coords points="563,2827 1588,2836 1577,2790 562,2773"/><Baseline points="570,2807 615,2807 660,2807 704,2807 749,2807 794,2807 839,2810 883,2810 928,2810 973,2813 1018,2813 1063,2816 1107,2816 1152,2816 1197,2819 1242,2819 1287,2822 1331,2822 1376,2822 1421,2822 1466,2822 1511,2822 1555,2822 1591,2825"/><TextEquiv><Unicode>mètres; cette dernière opération terminée, tu te trou-</Unicode></TextEquiv></TextLine><TextLine id="tr_1777017847_tl_59" custom="readingOrder {index:58;}"><Coords points="559,2859 1599,2881 1597,2835 559,2827"/><Baseline points="567,2852 612,2852 657,2852 701,2852 746,2855 791,2855 836,2855 881,2855 925,2855 970,2858 1015,2858 1060,2858 1104,2858 1149,2861 1194,2864 1239,2864 1284,2864 1328,2864 1373,2866 1418,2866 1463,2866 1508,2866 1552,2869 1597,2872 1600,2872"/><TextEquiv><Unicode>veras en possession d’un des plus jolis paniers qui</Unicode></TextEquiv></TextLine><TextLine id="tr_1777017847_tl_60" custom="readingOrder {index:59;}"><Coords points="551,2913 1493,2935 1597,2932 1597,2885 550,2858"/><Baseline points="558,2896 603,2896 648,2896 692,2899 737,2899 782,2899 827,2899 872,2899 916,2902 961,2902 1006,2902 1051,2902 1096,2905 1140,2905 1185,2908 1230,2908 1275,2908 1320,2908 1364,2911 1409,2911 1454,2911 1499,2911 1543,2911 1588,2917 1600,2920"/><TextEquiv><Unicode>aient paru, pour le jour de l’an, chez madame Marie</Unicode></TextEquiv></TextLine><TextLine id="tr_1777017847_tl_61" custom="readingOrder {index:60;}"><Coords points="543,2963 573,2976 611,2951 633,2950 656,2963 677,2951 740,2955 740,2918 728,2920 710,2907 681,2920 645,2907 635,2917 614,2909 592,2914 581,2905 542,2921"/><Baseline points="549,2944 594,2941 639,2941 683,2944 728,2947 743,2947"/><TextEquiv><Unicode>Soudant.</Unicode></TextEquiv></TextLine><TextLine id="tr_1777017847_tl_62" custom="readingOrder {index:61;}"><Coords points="592,2996 1579,3028 1590,2977 591,2955"/><Baseline points="600,2989 645,2989 689,2989 734,2989 779,2992 824,2989 869,2989 913,2992 958,2992 1003,2992 1048,2992 1093,2992 1137,2992 1182,2995 1227,2995 1272,2995 1317,2998 1361,2998 1406,3001 1451,3001 1496,3001 1541,3001 1585,3007 1594,3001"/><TextEquiv><Unicode>Tu pourrais remplacer le rond en drap par un tra¬</Unicode></TextEquiv></TextLine><TextLine id="tr_1777017847_tl_63" custom="readingOrder {index:62;}"><Coords points="554,3055 1428,3059 1428,3024 1339,3006 554,3006"/><Baseline points="561,3034 606,3034 651,3034 695,3034 740,3037 785,3037 830,3037 875,3037 919,3037 964,3037 1009,3037 1054,3037 1099,3040 1143,3040 1188,3040 1233,3040 1278,3043 1322,3043 1367,3043 1412,3046 1430,3046"/><TextEquiv><Unicode>vail au filet, au crochet ou même au tricot.</Unicode></TextEquiv></TextLine><TextLine id="tr_1777017847_tl_64" custom="readingOrder {index:63;}"><Coords points="599,3110 1600,3121 1582,3060 598,3050"/><Baseline points="606,3093 651,3093 695,3096 740,3096 785,3096 830,3099 875,3096 919,3099 964,3099 1009,3099 1054,3099 1099,3099 1143,3099 1188,3099 1233,3099 1278,3099 1322,3102 1367,3102 1412,3102 1457,3102 1502,3105 1546,3105 1591,3108 1603,3108"/><TextEquiv><Unicode>45, PORTE-MONNAIE, disposé de manière à faire</Unicode></TextEquiv></TextLine><TextLine id="tr_1777017847_tl_65" custom="readingOrder {index:64;}"><Coords points="557,3155 1567,3170 1595,3118 555,3101"/><Baseline points="564,3141 609,3135 654,3138 698,3141 743,3141 788,3141 833,3144 878,3144 922,3144 967,3144 1012,3147 1057,3147 1101,3147 1146,3144 1191,3144 1236,3147 1281,3147 1325,3147 1370,3147 1415,3147 1460,3147 1505,3147 1549,3150 1594,3153 1597,3153"/><TextEquiv><Unicode>portefeuille si l’on veut, et, dans ce cas, n’étant tout</Unicode></TextEquiv></TextLine><TextLine id="tr_1777017847_tl_66" custom="readingOrder {index:65;}"><Coords points="547,3188 1599,3211 1599,3163 1526,3155 547,3163"/><Baseline points="555,3180 600,3180 645,3183 689,3186 734,3186 779,3186 824,3189 869,3189 913,3192 958,3192 1003,3192 1048,3192 1093,3192 1137,3192 1182,3192 1227,3192 1272,3192 1317,3192 1361,3192 1406,3195 1451,3192 1496,3195 1541,3195 1585,3198 1600,3201"/><TextEquiv><Unicode>simplement qu’encadré par un cercle de cuivre doré</Unicode></TextEquiv></TextLine><TextLine id="tr_1777017847_tl_67" custom="readingOrder {index:66;}"><Coords points="547,3230 1582,3253 1573,3204 547,3200"/><Baseline points="555,3222 600,3222 645,3225 689,3228 734,3231 779,3234 824,3237 869,3237 913,3237 958,3237 1003,3237 1048,3237 1093,3237 1137,3237 1182,3240 1227,3237 1272,3240 1317,3240 1361,3240 1406,3240 1451,3240 1496,3240 1541,3240 1585,3240"/><TextEquiv><Unicode>ou d’acier poli. Il peut s’exécuter de deux façons dif-</Unicode></TextEquiv></TextLine><TextLine id="tr_1777017847_tl_68" custom="readingOrder {index:67;}"><Coords points="548,3275 1590,3298 1589,3246 1436,3271 547,3231"/><Baseline points="555,3264 600,3264 645,3267 689,3267 734,3273 779,3276 824,3279 869,3282 913,3282 958,3282 1003,3285 1048,3285 1093,3285 1137,3285 1182,3285 1227,3285 1272,3285 1317,3285 1361,3285 1406,3285 1451,3285 1496,3285 1541,3285 1585,3288 1594,3291"/><TextEquiv><Unicode>férentes: la première en brodant au passé, sur cuir</Unicode></TextEquiv></TextLine><TextLine id="tr_1777017847_tl_69" custom="readingOrder {index:68;}"><Coords points="558,3326 1589,3352 1600,3300 557,3277"/><Baseline points="564,3308 609,3305 654,3308 698,3314 743,3317 788,3320 833,3323 878,3326 922,3326 967,3329 1012,3329 1057,3329 1101,3329 1146,3329 1191,3329 1236,3329 1281,3329 1325,3329 1370,3329 1415,3329 1460,3329 1505,3329 1549,3332 1594,3335 1603,3335"/><TextEquiv><Unicode>de Russie, le dessin tel qu’il est, avec du cordonnet</Unicode></TextEquiv></TextLine><TextLine id="tr_1777017847_tl_70" custom="readingOrder {index:69;}"><Coords points="563,3363 1592,3393 1573,3342 562,3327"/><Baseline points="570,3353 615,3350 660,3353 704,3356 749,3359 794,3362 839,3365 883,3368 928,3371 973,3374 1018,3374 1063,3377 1107,3377 1152,3377 1197,3377 1242,3377 1287,3377 1331,3377 1376,3377 1421,3377 1466,3377 1511,3377 1555,3377 1594,3380"/><TextEquiv><Unicode>vert, rouge ou bleu ; sur la couleur chamois du cuir</Unicode></TextEquiv></TextLine><TextLine id="tr_1777017847_tl_71" custom="readingOrder {index:70;}"><Coords points="554,3398 1217,3449 1599,3443 1599,3391 552,3374"/><Baseline points="561,3395 606,3395 651,3395 695,3398 740,3401 785,3404 830,3407 875,3410 919,3413 964,3419 1009,3419 1054,3422 1099,3422 1143,3422 1188,3425 1233,3425 1278,3425 1322,3422 1367,3422 1412,3425 1457,3425 1502,3425 1546,3425 1591,3428 1603,3425"/><TextEquiv><Unicode>de Russie, le vert est ce qu’il y a de mieux. Le trait</Unicode></TextEquiv></TextLine><TextLine id="tr_1777017847_tl_72" custom="readingOrder {index:71;}"><Coords points="561,3449 1586,3480 1585,3439 1056,3449 558,3401"/><Baseline points="567,3443 612,3440 657,3440 701,3443 746,3446 791,3449 836,3452 881,3455 925,3458 970,3461 1015,3464 1060,3467 1104,3467 1149,3470 1194,3470 1239,3470 1284,3470 1328,3470 1373,3470 1418,3470 1463,3470 1508,3470 1552,3470 1588,3473"/><TextEquiv><Unicode>le plus fin sera recouvert, soit par de la soulache d’or,</Unicode></TextEquiv></TextLine><TextLine id="tr_1777017847_tl_73" custom="readingOrder {index:72;}"><Coords points="552,3504 1564,3539 1592,3473 550,3453"/><Baseline points="558,3488 603,3485 648,3485 692,3485 737,3485 782,3491 827,3494 872,3497 916,3500 961,3503 1006,3506 1051,3509 1096,3512 1140,3512 1185,3515 1230,3515 1275,3515 1320,3515 1364,3518 1409,3518 1454,3515 1499,3515 1543,3515 1588,3521 1597,3521"/><TextEquiv><Unicode>soit par de la soutache d’un vert ombré. La seconde</Unicode></TextEquiv></TextLine><TextLine id="tr_1777017847_tl_74" custom="readingOrder {index:73;}"><Coords points="547,3549 1595,3583 1592,3531 1523,3525 546,3506"/><Baseline points="555,3532 600,3529 645,3529 689,3529 734,3532 779,3532 824,3535 869,3538 913,3541 958,3544 1003,3550 1048,3550 1093,3553 1137,3556 1182,3559 1227,3559 1272,3559 1317,3562 1361,3562 1406,3562 1451,3562 1496,3562 1541,3562 1585,3565 1597,3565"/><TextEquiv><Unicode>manière est adoptée par les personnes qui ne veulent</Unicode></TextEquiv></TextLine><TextLine id="tr_1777017847_tl_75" custom="readingOrder {index:74;}"><Coords points="548,3591 1584,3621 1558,3577 1448,3569 547,3546"/><Baseline points="555,3574 600,3574 645,3574 689,3577 734,3577 779,3577 824,3580 869,3583 913,3586 958,3589 1003,3592 1048,3595 1093,3598 1137,3601 1182,3604 1227,3604 1272,3607 1317,3607 1361,3610 1406,3607 1451,3607 1496,3607 1541,3607 1585,3607"/><TextEquiv><Unicode>ou ne peuvent faire la broderie au passé ; elles rem¬</Unicode></TextEquiv></TextLine><TextLine id="tr_1777017847_tl_76" custom="readingOrder {index:75;}"><Coords points="543,3650 1536,3698 1638,3677 1634,3576 1573,3625 1389,3632 540,3599"/><Baseline points="549,3628 594,3619 639,3622 683,3622 728,3622 773,3625 818,3625 863,3625 907,3628 952,3631 997,3634 1042,3637 1087,3643 1131,3643 1176,3646 1221,3649 1266,3652 1311,3652 1355,3655 1400,3655 1445,3655 1490,3655 1535,3658 1579,3664 1624,3667 1642,3664"/><TextEquiv><Unicode>placent cette broderie par une soutache un peu large,</Unicode></TextEquiv></TextLine><TextEquiv><Unicode></Unicode></TextEquiv></TextRegion><TextRegion id="tr_1777017846" custom="readingOrder {index:2;} structure {score:0.99; type:paragraph;}"><Coords points="1701,191 2769,206 2787,3698 1676,3701"/><TextLine id="tr_1777017846_tl_1" custom="readingOrder {index:0;}"><Coords points="1707,265 2751,289 2721,213 1707,223"/><Baseline points="1714,259 1759,256 1803,256 1848,259 1893,259 1938,256 1983,256 2027,256 2072,253 2117,253 2162,253 2206,253 2251,250 2296,253 2341,250 2386,253 2430,253 2475,253 2520,256 2565,256 2610,259 2654,262 2699,265 2744,268 2753,271"/><TextEquiv><Unicode>bordée, de chaque côté, ou par une soulache d’or</Unicode></TextEquiv></TextLine><TextLine id="tr_1777017846_tl_2" custom="readingOrder {index:1;}"><Coords points="1707,309 2349,297 2753,335 2753,286 2576,265 1707,265"/><Baseline points="1714,298 1759,301 1803,301 1848,301 1893,301 1938,301 1983,301 2027,301 2072,301 2117,301 2162,298 2206,298 2251,298 2296,295 2341,295 2386,295 2430,295 2475,298 2520,298 2565,301 2610,301 2654,307 2699,310 2744,313 2756,316"/><TextEquiv><Unicode>excessivement fine, ou par un simple fil d’or; cette</Unicode></TextEquiv></TextLine><TextLine id="tr_1777017846_tl_3" custom="readingOrder {index:2;}"><Coords points="1707,358 2758,375 2758,335 2638,313 1707,309"/><Baseline points="1714,346 1759,343 1803,343 1848,346 1893,349 1938,349 1983,346 2027,346 2072,346 2117,346 2162,346 2206,343 2251,343 2296,340 2341,340 2386,340 2430,340 2475,340 2520,343 2565,343 2610,346 2654,349 2699,352 2744,355 2762,355"/><TextEquiv><Unicode>soutache, disposée ainsi, imite si parfaitement la bro-</Unicode></TextEquiv></TextLine><TextLine id="tr_1777017846_tl_4" custom="readingOrder {index:3;}"><Coords points="1707,401 2740,417 2740,371 2632,356 1707,357"/><Baseline points="1714,385 1759,388 1803,388 1848,391 1893,391 1938,391 1983,391 2027,391 2072,391 2117,391 2162,391 2206,388 2251,388 2296,385 2341,385 2386,385 2430,382 2475,385 2520,385 2565,388 2610,391 2654,394 2699,397 2744,403 2747,400"/><TextEquiv><Unicode>derie que c’est à s’y méprendre. L’intérieur, tu le sais,</Unicode></TextEquiv></TextLine><TextLine id="tr_1777017846_tl_5" custom="readingOrder {index:4;}"><Coords points="1707,431 2753,458 2730,413 2508,394 1707,401"/><Baseline points="1714,430 1759,430 1803,433 1848,433 1893,436 1938,436 1983,436 2027,436 2072,436 2117,436 2162,436 2206,436 2251,433 2296,433 2341,433 2386,430 2430,430 2475,430 2520,430 2565,433 2610,436 2654,436 2699,439 2744,441 2756,441"/><TextEquiv><Unicode>doit être garni de moire ou de peau, de même cou-</Unicode></TextEquiv></TextLine><TextLine id="tr_1777017846_tl_6" custom="readingOrder {index:5;}"><Coords points="1709,496 2740,502 2719,450 1709,432"/><Baseline points="1717,477 1762,474 1806,474 1851,474 1896,477 1941,477 1985,477 2030,477 2075,480 2120,480 2165,480 2209,480 2254,477 2299,477 2344,477 2389,474 2433,474 2478,474 2523,474 2568,474 2613,474 2657,480 2702,483 2744,489"/><TextEquiv><Unicode>leur que la broderie ; s’il fait à la fois porte-monnaie</Unicode></TextEquiv></TextLine><TextLine id="tr_1777017846_tl_7" custom="readingOrder {index:6;}"><Coords points="1712,540 2757,543 2757,505 2576,484 1712,498"/><Baseline points="1720,522 1764,519 1809,519 1854,519 1899,522 1944,522 1988,522 2033,522 2078,522 2123,525 2168,525 2212,525 2257,522 2302,522 2347,522 2392,519 2436,519 2481,519 2526,519 2571,519 2616,522 2660,525 2705,528 2750,534 2759,531"/><TextEquiv><Unicode>porte-feuille et porte-cartes, il doit être disposé, en</Unicode></TextEquiv></TextLine><TextLine id="tr_1777017846_tl_8" custom="readingOrder {index:7;}"><Coords points="1707,576 2758,595 2758,543 2533,525 1707,544"/><Baseline points="1714,567 1759,564 1803,564 1848,564 1893,567 1938,567 1983,570 2027,570 2072,570 2117,570 2162,570 2206,570 2251,570 2296,567 2341,567 2386,564 2430,564 2475,564 2520,564 2565,564 2610,567 2654,567 2699,570 2744,576 2762,576"/><TextEquiv><Unicode>conséquence, avec pochette ouverte pour les cartes et</Unicode></TextEquiv></TextLine><TextLine id="tr_1777017846_tl_9" custom="readingOrder {index:8;}"><Coords points="1715,632 2753,635 2753,589 2616,574 1715,578"/><Baseline points="1723,612 1767,609 1812,612 1857,612 1902,612 1947,612 1991,612 2036,612 2081,615 2126,615 2171,615 2215,615 2260,615 2305,612 2350,612 2395,612 2439,609 2484,609 2529,609 2574,612 2619,612 2663,612 2708,615 2753,624 2756,624"/><TextEquiv><Unicode>pochette fermée pour les petites notes; on y place, de</Unicode></TextEquiv></TextLine><TextLine id="tr_1777017846_tl_10" custom="readingOrder {index:9;}"><Coords points="1707,680 2751,682 2751,635 2657,622 1707,628"/><Baseline points="1714,660 1759,657 1803,657 1848,657 1893,657 1938,657 1983,657 2027,660 2072,660 2117,660 2162,660 2206,660 2251,660 2296,657 2341,657 2386,657 2430,654 2475,654 2520,654 2565,654 2610,654 2654,657 2699,657 2744,665 2753,662"/><TextEquiv><Unicode>plus, un crayon et une feuille d’ivoire destinée aux</Unicode></TextEquiv></TextLine><TextLine id="tr_1777017846_tl_11" custom="readingOrder {index:10;}"><Coords points="1707,719 1977,718 2122,738 2188,722 2187,680 1705,670"/><Baseline points="1714,701 1759,701 1803,701 1848,701 1893,701 1938,701 1983,704 2027,704 2072,704 2117,704 2162,707 2192,707"/><TextEquiv><Unicode>notes, commissions, etc.</Unicode></TextEquiv></TextLine><TextLine id="tr_1777017846_tl_12" custom="readingOrder {index:11;}"><Coords points="1755,770 2746,770 2746,726 2665,717 1755,718"/><Baseline points="1762,755 1806,755 1851,755 1896,755 1941,755 1985,755 2030,755 2075,755 2120,758 2165,758 2209,758 2254,758 2299,755 2344,755 2389,755 2433,755 2478,755 2523,755 2568,752 2613,752 2657,752 2702,755 2747,758 2750,758"/><TextEquiv><Unicode>46, PETIT BONNET TURC, servant de bouchon de</Unicode></TextEquiv></TextLine><TextLine id="tr_1777017846_tl_13" custom="readingOrder {index:12;}"><Coords points="1707,815 2753,816 2753,774 2704,762 1707,759"/><Baseline points="1714,797 1759,797 1803,797 1848,797 1893,797 1938,800 1983,800 2027,800 2072,800 2117,803 2162,803 2206,803 2251,803 2296,803 2341,803 2386,800 2430,800 2475,800 2520,800 2565,800 2610,800 2654,797 2699,800 2744,803 2756,806"/><TextEquiv><Unicode>lampe, et se faisant en perles de verre, mélangées de</Unicode></TextEquiv></TextLine><TextLine id="tr_1777017846_tl_14" custom="readingOrder {index:13;}"><Coords points="1709,864 2754,862 2754,816 2708,808 1709,812"/><Baseline points="1717,845 1762,842 1806,842 1851,842 1896,845 1941,845 1985,845 2030,845 2075,845 2120,845 2165,848 2209,848 2254,848 2299,848 2344,848 2389,848 2433,848 2478,848 2523,845 2568,845 2613,845 2657,845 2702,845 2747,848 2756,848"/><TextEquiv><Unicode>perles de jais. Commence d’abord par établir la petite</Unicode></TextEquiv></TextLine><TextLine id="tr_1777017846_tl_15" custom="readingOrder {index:14;}"><Coords points="1700,893 2756,901 2730,852 1700,860"/><Baseline points="1708,886 1753,886 1797,886 1842,886 1887,889 1932,886 1977,889 2021,889 2066,889 2111,892 2156,892 2201,892 2245,892 2290,892 2335,892 2380,892 2424,892 2469,889 2514,889 2559,889 2604,889 2648,889 2693,889 2738,889 2759,892"/><TextEquiv><Unicode>carcasse : pour cela, coupe un rond de carton de six</Unicode></TextEquiv></TextLine><TextLine id="tr_1777017846_tl_16" custom="readingOrder {index:15;}"><Coords points="1704,946 2710,952 2743,950 2743,901 1703,896"/><Baseline points="1711,931 1756,928 1800,931 1845,931 1890,931 1935,931 1980,934 2024,934 2069,934 2114,937 2159,937 2203,940 2248,940 2293,937 2338,937 2383,937 2427,937 2472,934 2517,934 2562,934 2607,937 2651,934 2696,934 2741,937 2747,937"/><TextEquiv><Unicode>centimètres de diamètre, puis une bande de carton</Unicode></TextEquiv></TextLine><TextLine id="tr_1777017846_tl_17" custom="readingOrder {index:16;}"><Coords points="1700,975 2745,987 2701,944 1700,956"/><Baseline points="1708,973 1753,973 1797,973 1842,973 1887,976 1932,976 1977,979 2021,979 2066,982 2111,982 2156,982 2201,982 2245,982 2290,982 2335,982 2380,982 2424,982 2469,982 2514,982 2559,979 2604,979 2648,979 2693,979 2738,982 2747,982"/><TextEquiv><Unicode>destinée à faire la bande du bonnet et ayant cinq</Unicode></TextEquiv></TextLine><TextLine id="tr_1777017846_tl_18" custom="readingOrder {index:17;}"><Coords points="1707,1024 2751,1038 2730,986 1707,983"/><Baseline points="1714,1018 1759,1015 1803,1015 1848,1018 1893,1018 1938,1021 1983,1021 2027,1024 2072,1024 2117,1027 2162,1027 2206,1027 2251,1027 2296,1027 2341,1027 2386,1027 2430,1027 2475,1027 2520,1027 2565,1027 2610,1027 2654,1027 2699,1024 2744,1027 2753,1024"/><TextEquiv><Unicode>centimètres de hauteur et quinze de longueur; armée</Unicode></TextEquiv></TextLine><TextLine id="tr_1777017846_tl_19" custom="readingOrder {index:18;}"><Coords points="1700,1072 2754,1086 2719,1031 1700,1024"/><Baseline points="1708,1060 1753,1060 1797,1060 1842,1060 1887,1063 1932,1063 1977,1066 2021,1066 2066,1069 2111,1072 2156,1072 2201,1072 2245,1072 2290,1072 2335,1072 2380,1072 2424,1072 2469,1072 2514,1072 2559,1072 2604,1072 2648,1072 2693,1069 2738,1069 2756,1069"/><TextEquiv><Unicode>de ces deux pièces, monte ton bonnet, recouvre-le</Unicode></TextEquiv></TextLine><TextLine id="tr_1777017846_tl_20" custom="readingOrder {index:19;}"><Coords points="1700,1109 2746,1124 2745,1076 1700,1079"/><Baseline points="1708,1104 1753,1101 1797,1101 1842,1104 1887,1104 1932,1104 1977,1107 2021,1107 2066,1110 2111,1110 2156,1113 2201,1113 2245,1113 2290,1113 2335,1113 2380,1113 2424,1116 2469,1116 2514,1116 2559,1116 2604,1116 2648,1116 2693,1113 2738,1113 2750,1113"/><TextEquiv><Unicode>ensuite à l’extérieur d’un tulle blanc ou noir, selon</Unicode></TextEquiv></TextLine><TextLine id="tr_1777017846_tl_21" custom="readingOrder {index:20;}"><Coords points="1704,1164 2738,1172 2738,1134 2646,1124 1704,1124"/><Baseline points="1711,1149 1756,1146 1800,1146 1845,1149 1890,1149 1935,1149 1980,1149 2024,1152 2069,1152 2114,1155 2159,1155 2203,1155 2248,1155 2293,1155 2338,1155 2383,1155 2427,1158 2472,1158 2517,1158 2562,1158 2607,1158 2651,1158 2696,1158 2741,1158"/><TextEquiv><Unicode>que tu le feras en perles claires ou foncées ; suppo-</Unicode></TextEquiv></TextLine><TextLine id="tr_1777017846_tl_22" custom="readingOrder {index:21;}"><Coords points="1694,1198 2745,1220 2719,1168 1694,1156"/><Baseline points="1702,1194 1747,1191 1791,1191 1836,1191 1881,1194 1926,1194 1971,1194 2015,1197 2060,1197 2105,1197 2150,1197 2195,1197 2239,1197 2284,1197 2329,1197 2374,1197 2419,1200 2463,1200 2508,1200 2553,1200 2598,1200 2643,1200 2687,1203 2732,1203 2747,1206"/><TextEquiv><Unicode>sons-le bleu et blanc : double l’intérieur de taffetas</Unicode></TextEquiv></TextLine><TextLine id="tr_1777017846_tl_23" custom="readingOrder {index:22;}"><Coords points="1700,1258 2753,1264 2753,1223 2684,1209 1700,1213"/><Baseline points="1708,1239 1753,1236 1797,1239 1842,1239 1887,1239 1932,1239 1977,1242 2021,1242 2066,1242 2111,1242 2156,1245 2201,1242 2245,1242 2290,1242 2335,1242 2380,1242 2424,1242 2469,1242 2514,1242 2559,1245 2604,1245 2648,1245 2693,1248 2738,1251 2756,1254"/><TextEquiv><Unicode>ou de percaline bleue; prends une aiguille très-fine,</Unicode></TextEquiv></TextLine><TextLine id="tr_1777017846_tl_24" custom="readingOrder {index:23;}"><Coords points="1704,1292 2743,1303 2743,1262 2665,1254 1704,1254"/><Baseline points="1711,1284 1756,1281 1800,1284 1845,1284 1890,1284 1935,1287 1980,1287 2024,1287 2069,1287 2114,1287 2159,1287 2203,1287 2248,1287 2293,1287 2338,1287 2383,1287 2427,1287 2472,1287 2517,1287 2562,1287 2607,1287 2651,1287 2696,1290 2741,1296 2747,1293"/><TextEquiv><Unicode>enfile deux ou trois perles bleues, et commence par</Unicode></TextEquiv></TextLine><TextLine id="tr_1777017846_tl_25" custom="readingOrder {index:24;}"><Coords points="1697,1336 2753,1351 2745,1303 1697,1299"/><Baseline points="1705,1328 1750,1325 1794,1325 1839,1328 1884,1328 1929,1331 1974,1331 2018,1331 2063,1331 2108,1331 2153,1334 2198,1331 2242,1331 2287,1331 2332,1331 2377,1331 2422,1331 2466,1331 2511,1331 2556,1331 2601,1334 2645,1334 2690,1334 2735,1337 2756,1343"/><TextEquiv><Unicode>le centre du rond de dessus, tournant toujours, et</Unicode></TextEquiv></TextLine><TextLine id="tr_1777017846_tl_26" custom="readingOrder {index:25;}"><Coords points="1700,1384 2746,1393 2710,1343 1700,1348"/><Baseline points="1708,1370 1753,1370 1797,1370 1842,1370 1887,1373 1932,1376 1977,1376 2021,1376 2066,1376 2111,1376 2156,1379 2201,1376 2245,1376 2290,1376 2335,1376 2380,1376 2424,1379 2469,1376 2514,1376 2559,1379 2604,1379 2648,1379 2693,1379 2738,1385 2750,1385"/><TextEquiv><Unicode>fixant de distance en distance ton point à une des</Unicode></TextEquiv></TextLine><TextLine id="tr_1777017846_tl_27" custom="readingOrder {index:26;}"><Coords points="1700,1426 2740,1439 2740,1396 2596,1381 1700,1384"/><Baseline points="1708,1418 1753,1415 1797,1415 1842,1418 1887,1418 1932,1421 1977,1421 2021,1421 2066,1421 2111,1421 2156,1421 2201,1421 2245,1421 2290,1421 2335,1421 2380,1421 2424,1421 2469,1421 2514,1421 2559,1421 2604,1421 2648,1424 2693,1424 2738,1430 2744,1430"/><TextEquiv><Unicode>mailles du tulle; agrandissant cette distance à mesure</Unicode></TextEquiv></TextLine><TextLine id="tr_1777017846_tl_28" custom="readingOrder {index:27;}"><Coords points="1704,1480 2754,1484 2753,1439 2691,1433 1704,1436"/><Baseline points="1711,1457 1756,1460 1800,1460 1845,1460 1890,1466 1935,1466 1980,1466 2024,1466 2069,1466 2114,1466 2159,1466 2203,1466 2248,1466 2293,1466 2338,1466 2383,1466 2427,1466 2472,1466 2517,1466 2562,1466 2607,1466 2651,1469 2696,1469 2741,1475 2756,1475"/><TextEquiv><Unicode>que le rond s’agrandit. On peut enfiler jusqu’à vingt</Unicode></TextEquiv></TextLine><TextLine id="tr_1777017846_tl_29" custom="readingOrder {index:28;}"><Coords points="1700,1522 2745,1525 2745,1491 2663,1476 1700,1480"/><Baseline points="1708,1508 1753,1505 1797,1505 1842,1508 1887,1511 1932,1511 1977,1511 2021,1508 2066,1511 2111,1511 2156,1511 2201,1511 2245,1511 2290,1511 2335,1511 2380,1511 2424,1514 2469,1511 2514,1511 2559,1511 2604,1511 2648,1511 2693,1514 2738,1520 2747,1520"/><TextEquiv><Unicode>perles, sans avoir besoin pour cela de les assujetir.</Unicode></TextEquiv></TextLine><TextLine id="tr_1777017846_tl_30" custom="readingOrder {index:29;}"><Coords points="1704,1562 2743,1571 2743,1530 2691,1523 1704,1523"/><Baseline points="1711,1549 1756,1549 1800,1549 1845,1549 1890,1552 1935,1555 1980,1555 2024,1555 2069,1555 2114,1555 2159,1555 2203,1555 2248,1555 2293,1555 2338,1555 2383,1555 2427,1555 2472,1555 2517,1555 2562,1555 2607,1555 2651,1555 2696,1558 2741,1558 2747,1561"/><TextEquiv><Unicode>Le rond ainsi recouvert, tu laisses les perles bleues</Unicode></TextEquiv></TextLine><TextLine id="tr_1777017846_tl_31" custom="readingOrder {index:30;}"><Coords points="1707,1612 2673,1620 2740,1615 2740,1573 1705,1569"/><Baseline points="1714,1597 1759,1591 1803,1594 1848,1597 1893,1597 1938,1600 1983,1600 2027,1597 2072,1600 2117,1600 2162,1600 2206,1600 2251,1600 2296,1600 2341,1600 2386,1600 2430,1600 2475,1600 2520,1600 2565,1600 2610,1600 2654,1603 2699,1603 2744,1606"/><TextEquiv><Unicode>pour prendre les perles de jais, dont tu fais trois</Unicode></TextEquiv></TextLine><TextLine id="tr_1777017846_tl_32" custom="readingOrder {index:31;}"><Coords points="1696,1651 2743,1660 2742,1615 1694,1616"/><Baseline points="1702,1639 1747,1639 1791,1639 1836,1642 1881,1642 1926,1645 1971,1645 2015,1645 2060,1645 2105,1645 2150,1645 2195,1645 2239,1645 2284,1645 2329,1645 2374,1645 2419,1645 2463,1645 2508,1645 2553,1645 2598,1645 2643,1645 2687,1648 2732,1651 2747,1654"/><TextEquiv><Unicode>rangs; ici, les perles n’ont besoin d’être fixées qu’à</Unicode></TextEquiv></TextLine><TextLine id="tr_1777017846_tl_33" custom="readingOrder {index:32;}"><Coords points="1694,1694 2740,1712 2731,1657 1694,1651"/><Baseline points="1702,1684 1747,1684 1791,1684 1836,1687 1881,1690 1926,1690 1971,1690 2015,1690 2060,1690 2105,1690 2150,1690 2195,1690 2239,1690 2284,1690 2329,1690 2374,1690 2419,1690 2463,1690 2508,1690 2553,1690 2598,1690 2643,1693 2687,1693 2732,1696 2744,1699"/><TextEquiv><Unicode>chaque extrémité des rangs; après les trois rangs</Unicode></TextEquiv></TextLine><TextLine id="tr_1777017846_tl_34" custom="readingOrder {index:33;}"><Coords points="1697,1738 2704,1759 2743,1757 2743,1713 1696,1696"/><Baseline points="1705,1729 1750,1726 1794,1729 1839,1732 1884,1735 1929,1735 1974,1735 2018,1735 2063,1735 2108,1735 2153,1735 2198,1735 2242,1735 2287,1735 2332,1735 2377,1735 2422,1735 2466,1735 2511,1735 2556,1735 2601,1738 2645,1738 2690,1738 2735,1741 2747,1741"/><TextEquiv><Unicode>blancs, cinq bleus, puis encore trois blancs et cin</Unicode></TextEquiv></TextLine><TextLine id="tr_1777017846_tl_35" custom="readingOrder {index:34;}"><Coords points="1697,1786 2753,1798 2727,1749 1697,1737"/><Baseline points="1705,1773 1750,1773 1794,1773 1839,1776 1884,1779 1929,1779 1974,1779 2018,1782 2063,1779 2108,1779 2153,1779 2198,1779 2242,1779 2287,1779 2332,1779 2377,1779 2422,1779 2466,1779 2511,1779 2556,1779 2601,1779 2645,1782 2690,1782 2735,1785 2756,1785"/><TextEquiv><Unicode>bleus, et, enfin, six blancs; le dernier de ces six</Unicode></TextEquiv></TextLine><TextLine id="tr_1777017846_tl_36" custom="readingOrder {index:35;}"><Coords points="1694,1822 2743,1846 2742,1797 1693,1794"/><Baseline points="1702,1818 1747,1815 1791,1818 1836,1821 1881,1824 1926,1824 1971,1824 2015,1824 2060,1824 2105,1824 2150,1824 2195,1824 2239,1824 2284,1824 2329,1824 2374,1827 2419,1824 2463,1824 2508,1827 2553,1827 2598,1827 2643,1827 2687,1827 2732,1830 2747,1830"/><TextEquiv><Unicode>doit être plus solidement fixé que les précédents,</Unicode></TextEquiv></TextLine><TextLine id="tr_1777017846_tl_37" custom="readingOrder {index:36;}"><Coords points="1694,1876 2743,1882 2702,1838 1694,1824"/><Baseline points="1702,1863 1747,1863 1791,1863 1836,1866 1881,1869 1926,1869 1971,1872 2015,1869 2060,1869 2105,1869 2150,1869 2195,1869 2239,1869 2284,1869 2329,1869 2374,1869 2419,1869 2463,1869 2508,1869 2553,1869 2598,1869 2643,1869 2687,1872 2732,1872 2747,1872"/><TextEquiv><Unicode>afin qu’il ne puisse dépasser le bord. Tu couronnes</Unicode></TextEquiv></TextLine><TextLine id="tr_1777017846_tl_38" custom="readingOrder {index:37;}"><Coords points="1697,1914 2746,1923 2736,1880 1697,1871"/><Baseline points="1705,1911 1750,1908 1794,1908 1839,1911 1884,1914 1929,1914 1974,1914 2018,1917 2063,1917 2108,1914 2153,1914 2198,1914 2242,1914 2287,1914 2332,1914 2377,1917 2422,1914 2466,1917 2511,1914 2556,1914 2601,1914 2645,1914 2690,1917 2735,1917 2750,1917"/><TextEquiv><Unicode>le tout par un petit flot de soie plate, dans les cou-</Unicode></TextEquiv></TextLine><TextLine id="tr_1777017846_tl_39" custom="readingOrder {index:38;}"><Coords points="1698,1982 1785,1960 1846,1979 1872,1968 1898,1987 1954,1969 2016,1980 2013,1925 1865,1935 1832,1920 1798,1928 1696,1913"/><Baseline points="1705,1953 1750,1953 1794,1953 1839,1956 1884,1956 1929,1959 1974,1959 2018,1965"/><TextEquiv><Unicode>leurs des perles.</Unicode></TextEquiv></TextLine><TextLine id="tr_1777017846_tl_40" custom="readingOrder {index:39;}"><Coords points="1745,2017 2742,2032 2719,1971 1745,1975"/><Baseline points="1753,2009 1797,2009 1842,2009 1887,2009 1932,2012 1977,2012 2021,2012 2066,2012 2111,2012 2156,2012 2201,2012 2245,2012 2290,2012 2335,2012 2380,2012 2424,2012 2469,2012 2514,2012 2559,2012 2604,2012 2648,2012 2693,2012 2738,2018 2744,2018"/><TextEquiv><Unicode>47, PETITE GARNITURE pois et feston feuille de rose ;</Unicode></TextEquiv></TextLine><TextLine id="tr_1777017846_tl_41" custom="readingOrder {index:40;}"><Coords points="1689,2058 2740,2068 2739,2031 1687,2023"/><Baseline points="1696,2057 1741,2051 1785,2051 1830,2054 1875,2054 1920,2054 1965,2057 2009,2057 2054,2057 2099,2057 2144,2057 2189,2057 2233,2057 2278,2057 2323,2057 2368,2057 2413,2057 2457,2057 2502,2057 2547,2057 2592,2057 2637,2057 2681,2057 2726,2057 2744,2060"/><TextEquiv><Unicode>cet échantillon lilliputien te dira que la plupart des</Unicode></TextEquiv></TextLine><TextLine id="tr_1777017846_tl_42" custom="readingOrder {index:41;}"><Coords points="1693,2116 2745,2120 2735,2066 1692,2068"/><Baseline points="1699,2096 1744,2096 1788,2096 1833,2096 1878,2099 1923,2099 1968,2099 2012,2099 2057,2099 2102,2102 2147,2099 2192,2102 2236,2099 2281,2099 2326,2099 2371,2099 2416,2099 2460,2102 2505,2102 2550,2102 2595,2102 2640,2102 2684,2102 2729,2105 2747,2105"/><TextEquiv><Unicode>cols et des manchettes plates se bordent, aujourd’hui,</Unicode></TextEquiv></TextLine><TextLine id="tr_1777017846_tl_43" custom="readingOrder {index:42;}"><Coords points="1689,2154 2738,2155 2738,2114 1689,2116"/><Baseline points="1696,2141 1741,2141 1785,2141 1830,2141 1875,2144 1920,2144 1965,2144 2009,2144 2054,2147 2099,2144 2144,2144 2189,2144 2233,2144 2278,2144 2323,2144 2368,2144 2413,2147 2457,2144 2502,2144 2547,2144 2592,2144 2637,2144 2681,2147 2726,2150 2741,2150"/><TextEquiv><Unicode>avec une petite garniture dans le genre de celle-ci.</Unicode></TextEquiv></TextLine><TextLine id="tr_1777017846_tl_44" custom="readingOrder {index:43;}"><Coords points="1689,2204 2750,2207 2749,2161 1687,2157"/><Baseline points="1696,2186 1741,2183 1785,2183 1830,2186 1875,2186 1920,2186 1965,2189 2009,2189 2054,2189 2099,2189 2144,2189 2189,2189 2233,2189 2278,2189 2323,2189 2368,2189 2413,2189 2457,2189 2502,2189 2547,2189 2592,2189 2637,2192 2681,2192 2726,2192 2753,2195"/><TextEquiv><Unicode>assez froncée pour être tuvautée, c’est-à-dire ayant</Unicode></TextEquiv></TextLine><TextLine id="tr_1777017846_tl_45" custom="readingOrder {index:44;}"><Coords points="1689,2247 2652,2243 2616,2198 1689,2204"/><Baseline points="1696,2230 1741,2227 1785,2230 1830,2230 1875,2230 1920,2230 1965,2230 2009,2230 2054,2233 2099,2233 2144,2233 2189,2233 2233,2233 2278,2233 2323,2233 2368,2233 2413,2233 2457,2233 2502,2233 2547,2233 2592,2233 2637,2236 2654,2239"/><TextEquiv><Unicode>comme ampleur le double de la largeur donnée.</Unicode></TextEquiv></TextLine><TextLine id="tr_1777017846_tl_46" custom="readingOrder {index:45;}"><Coords points="1737,2293 2740,2299 2740,2252 2689,2244 1737,2247"/><Baseline points="1744,2284 1788,2284 1833,2284 1878,2284 1923,2284 1968,2287 2012,2284 2057,2284 2102,2284 2147,2284 2192,2284 2236,2284 2281,2287 2326,2284 2371,2284 2416,2287 2460,2287 2505,2287 2550,2287 2595,2287 2640,2287 2684,2287 2729,2287 2744,2287"/><TextEquiv><Unicode>48, BANDE pour objets de layettes; plumetis et æil¬</Unicode></TextEquiv></TextLine><TextLine id="tr_1777017846_tl_47" custom="readingOrder {index:46;}"><Coords points="1686,2336 1742,2341 1778,2329 1830,2347 1880,2334 1938,2340 1938,2306 1908,2289 1883,2299 1817,2291 1772,2307 1745,2293 1686,2295"/><Baseline points="1693,2329 1738,2326 1782,2326 1827,2326 1872,2326 1917,2329 1941,2329"/><TextEquiv><Unicode>lets ombrés.</Unicode></TextEquiv></TextLine><TextLine id="tr_1777017846_tl_48" custom="readingOrder {index:47;}"><Coords points="1730,2388 1794,2403 1813,2388 1871,2404 1958,2392 1980,2408 2118,2390 2158,2410 2173,2403 2173,2353 2023,2329 1968,2351 1882,2333 1729,2344"/><Baseline points="1738,2380 1782,2380 1827,2383 1872,2380 1917,2383 1962,2383 2006,2383 2051,2383 2096,2383 2141,2383 2177,2386"/><TextEquiv><Unicode>49, Pauline, plumetis.</Unicode></TextEquiv></TextLine><TextLine id="tr_1777017846_tl_49" custom="readingOrder {index:48;}"><Coords points="1730,2438 1775,2455 1811,2437 1878,2455 1913,2438 1992,2462 2167,2452 2167,2410 2131,2392 2076,2407 2016,2394 1971,2419 1910,2394 1895,2410 1839,2397 1802,2411 1771,2388 1730,2388"/><Baseline points="1738,2433 1782,2433 1827,2433 1872,2436 1917,2436 1962,2436 2006,2436 2051,2436 2096,2433 2141,2436 2171,2439"/><TextEquiv><Unicode>50, M., V., plumetis.</Unicode></TextEquiv></TextLine><TextLine id="tr_1777017846_tl_50" custom="readingOrder {index:49;}"><Coords points="1730,2493 2314,2518 2314,2456 2277,2442 2169,2470 2129,2444 2042,2462 1930,2442 1890,2462 1856,2441 1793,2466 1730,2438"/><Baseline points="1738,2487 1782,2484 1827,2487 1872,2484 1917,2487 1962,2487 2006,2487 2051,2487 2096,2487 2141,2487 2186,2487 2230,2487 2275,2490 2317,2490"/><TextEquiv><Unicode>51, Rosalie, plumetis simple.</Unicode></TextEquiv></TextLine><TextLine id="tr_1777017846_tl_51" custom="readingOrder {index:50;}"><Coords points="1730,2550 1912,2564 2006,2546 2054,2561 2150,2553 2150,2504 2124,2498 2032,2516 1905,2504 1876,2522 1842,2498 1791,2512 1730,2497"/><Baseline points="1738,2541 1782,2538 1827,2538 1872,2541 1917,2541 1962,2541 2006,2541 2051,2538 2096,2541 2141,2544 2153,2547"/><TextEquiv><Unicode>52, E., S., plumetis.</Unicode></TextEquiv></TextLine><TextLine id="tr_1777017846_tl_52" custom="readingOrder {index:51;}"><Coords points="1737,2598 2747,2606 2747,2568 2529,2518 2224,2567 1737,2557"/><Baseline points="1744,2589 1788,2589 1833,2589 1878,2589 1923,2589 1968,2589 2012,2589 2057,2589 2102,2589 2147,2589 2192,2592 2236,2589 2281,2586 2326,2589 2371,2589 2416,2589 2460,2589 2505,2592 2550,2592 2595,2592 2640,2592 2684,2595 2729,2595 2750,2595"/><TextEquiv><Unicode>53, EFFET D'UN TRICOT, pouvant servir pour dessus</Unicode></TextEquiv></TextLine><TextLine id="tr_1777017846_tl_53" custom="readingOrder {index:52;}"><Coords points="1682,2637 2747,2653 2735,2605 1682,2585"/><Baseline points="1690,2634 1735,2631 1779,2634 1824,2631 1869,2634 1914,2634 1959,2634 2003,2634 2048,2634 2093,2634 2138,2634 2183,2634 2227,2634 2272,2631 2317,2634 2362,2634 2407,2634 2451,2637 2496,2637 2541,2637 2586,2637 2631,2637 2675,2640 2720,2640 2750,2640"/><TextEquiv><Unicode>d’édredon, fond de rideau, couverture, enfin tout ce</Unicode></TextEquiv></TextLine><TextLine id="tr_1777017846_tl_54" custom="readingOrder {index:53;}"><Coords points="1686,2694 2746,2697 2714,2649 1686,2638"/><Baseline points="1693,2675 1738,2678 1782,2678 1827,2678 1872,2675 1917,2678 1962,2678 2006,2678 2051,2678 2096,2678 2141,2678 2186,2678 2230,2678 2275,2678 2320,2678 2365,2678 2410,2681 2454,2678 2499,2681 2544,2681 2589,2681 2634,2681 2678,2684 2723,2684 2750,2684"/><TextEquiv><Unicode>que tu voudras faire de joli, car je n’ai jamais rien</Unicode></TextEquiv></TextLine><TextLine id="tr_1777017846_tl_55" custom="readingOrder {index:54;}"><Coords points="1689,2728 2743,2738 2710,2694 1689,2695"/><Baseline points="1696,2723 1741,2720 1785,2720 1830,2720 1875,2723 1920,2723 1965,2723 2009,2723 2054,2723 2099,2723 2144,2726 2189,2723 2233,2723 2278,2723 2323,2723 2368,2723 2413,2723 2457,2723 2502,2723 2547,2723 2592,2726 2637,2726 2681,2729 2726,2729 2747,2729"/><TextEquiv><Unicode>vu de mieux, en ce genre, que cet échantillon, en</Unicode></TextEquiv></TextLine><TextLine id="tr_1777017846_tl_56" custom="readingOrder {index:55;}"><Coords points="1692,2790 2239,2780 2239,2743 2189,2731 2117,2753 2058,2732 1969,2749 1924,2731 1692,2734"/><Baseline points="1699,2771 1744,2765 1788,2768 1833,2768 1878,2768 1923,2768 1968,2768 2012,2768 2057,2768 2102,2768 2147,2768 2192,2768 2236,2771 2242,2771"/><TextEquiv><Unicode>voyé par une de nos amies</Unicode></TextEquiv></TextLine><TextLine id="tr_1777017846_tl_57" custom="readingOrder {index:56;}"><Coords points="1737,2824 2680,2844 2680,2775 2620,2766 1737,2786"/><Baseline points="1744,2822 1788,2819 1833,2819 1878,2819 1923,2819 1968,2819 2012,2819 2057,2819 2102,2819 2147,2822 2192,2822 2236,2822 2281,2822 2326,2825 2371,2822 2416,2822 2460,2822 2505,2822 2550,2822 2595,2822 2640,2825 2684,2828"/><TextEquiv><Unicode>Voici l’explication de ce tricot, dit tricat Zélia :</Unicode></TextEquiv></TextLine><TextLine id="tr_1777017846_tl_58" custom="readingOrder {index:57;}"><Coords points="1724,2876 2040,2876 2110,2914 2196,2884 2743,2905 2743,2849 2590,2827 1724,2832"/><Baseline points="1732,2872 1776,2869 1821,2869 1866,2872 1911,2872 1956,2872 2000,2872 2045,2872 2090,2872 2135,2872 2180,2872 2224,2872 2269,2872 2314,2872 2359,2872 2404,2872 2448,2872 2493,2875 2538,2875 2583,2875 2628,2878 2672,2878 2717,2878 2747,2875"/><TextEquiv><Unicode>Mets un nombre de mailles divisibles par 30, plus</Unicode></TextEquiv></TextLine><TextLine id="tr_1777017846_tl_59" custom="readingOrder {index:58;}"><Coords points="1682,2955 1791,2924 1847,2946 1906,2925 1991,2944 2020,2925 2057,2925 2057,2896 1972,2880 1750,2890 1681,2865"/><Baseline points="1690,2917 1735,2914 1779,2914 1824,2914 1869,2914 1914,2917 1959,2914 2003,2917 2048,2920 2060,2917"/><TextEquiv><Unicode>6 pour les lisières.</Unicode></TextEquiv></TextLine><TextLine id="tr_1777017846_tl_60" custom="readingOrder {index:59;}"><Coords points="1739,2984 2730,2984 2728,2913 2576,2903 2243,2911 2132,2954 2098,2926 1738,2939"/><Baseline points="1747,2965 1791,2962 1836,2965 1881,2965 1926,2968 1971,2968 2015,2968 2060,2968 2105,2968 2150,2971 2195,2968 2239,2968 2284,2971 2329,2971 2374,2971 2419,2971 2463,2971 2508,2971 2553,2974 2598,2974 2643,2974 2687,2974 2732,2974"/><TextEquiv><Unicode>1er Tour à l’endroit. — 13 mailles unies X, 1 rétré-</Unicode></TextEquiv></TextLine><TextLine id="tr_1777017846_tl_61" custom="readingOrder {index:60;}"><Coords points="1689,3024 2738,3029 2736,2985 1687,2985"/><Baseline points="1696,3013 1741,3013 1785,3013 1830,3013 1875,3013 1920,3016 1965,3013 2009,3013 2054,3013 2099,3016 2144,3013 2189,3016 2233,3016 2278,3016 2323,3016 2368,3016 2413,3016 2457,3016 2502,3016 2547,3016 2592,3019 2637,3019 2681,3019 2726,3019 2741,3019"/><TextEquiv><Unicode>cie, 1 jetée, 1 unie (1 jetée) 1 rétrécie surjetée, i unie</Unicode></TextEquiv></TextLine><TextLine id="tr_1777017846_tl_62" custom="readingOrder {index:61;}"><Coords points="1692,3067 2738,3089 2736,3029 1690,3021"/><Baseline points="1699,3058 1744,3055 1788,3055 1833,3058 1878,3061 1923,3058 1968,3058 2012,3058 2057,3061 2102,3061 2147,3058 2192,3061 2236,3061 2281,3061 2326,3061 2371,3064 2416,3064 2460,3064 2505,3064 2550,3064 2595,3067 2640,3067 2684,3067 2729,3067 2741,3067"/><TextEquiv><Unicode>2 fois), 1 rétrécie, 1 jetée, 1 unie, i rétrècie. 1 jetéc,</Unicode></TextEquiv></TextLine><TextLine id="tr_1777017846_tl_63" custom="readingOrder {index:62;}"><Coords points="1692,3129 1720,3136 1756,3107 1789,3123 1812,3110 1914,3119 1936,3108 2032,3126 2090,3114 2090,3077 2031,3069 1968,3085 1943,3067 1910,3086 1690,3067"/><Baseline points="1699,3102 1744,3099 1788,3099 1833,3102 1878,3102 1923,3102 1968,3102 2012,3102 2057,3102 2093,3108"/><TextEquiv><Unicode>16 unies X, 9 unies.</Unicode></TextEquiv></TextLine><TextLine id="tr_1777017846_tl_64" custom="readingOrder {index:63;}"><Coords points="1750,3158 2634,3184 2728,3164 2727,3091 2296,3114 2222,3084 2129,3133 1749,3111"/><Baseline points="1756,3141 1800,3144 1845,3144 1890,3147 1935,3147 1980,3147 2024,3147 2069,3147 2114,3150 2159,3150 2203,3150 2248,3150 2293,3150 2338,3150 2383,3150 2427,3153 2472,3153 2517,3156 2562,3156 2607,3156 2651,3156 2696,3153 2732,3156"/><TextEquiv><Unicode>2e TOUR à l'envers. — 10 mailles unies X, 1 jetée</Unicode></TextEquiv></TextLine><TextLine id="tr_1777017846_tl_65" custom="readingOrder {index:64;}"><Coords points="1692,3205 2650,3222 2732,3208 2732,3166 2289,3182 2222,3152 2095,3185 1690,3138"/><Baseline points="1699,3195 1744,3192 1788,3192 1833,3192 1878,3195 1923,3195 1968,3195 2012,3195 2057,3195 2102,3195 2147,3198 2192,3195 2236,3195 2281,3198 2326,3198 2371,3198 2416,3198 2460,3201 2505,3201 2550,3201 2595,3201 2640,3201 2684,3198 2729,3201 2735,3198"/><TextEquiv><Unicode>i rétrécie, 1 unie, I jetée, 3 ensemble, 1 jetée</Unicode></TextEquiv></TextLine><TextLine id="tr_1777017846_tl_66" custom="readingOrder {index:65;}"><Coords points="1692,3249 2732,3267 2732,3208 1692,3207"/><Baseline points="1699,3240 1744,3240 1788,3237 1833,3240 1878,3240 1923,3240 1968,3240 2012,3240 2057,3240 2102,3240 2147,3240 2192,3243 2236,3243 2281,3243 2326,3243 2371,3246 2416,3249 2460,3249 2505,3246 2550,3246 2595,3246 2640,3246 2684,3243 2729,3243 2735,3240"/><TextEquiv><Unicode>1 unie, 1 rétrécie, I jetée, 3 unies, 1 jetée. 1 rétrocie.</Unicode></TextEquiv></TextLine><TextLine id="tr_1777017846_tl_67" custom="readingOrder {index:66;}"><Coords points="1692,3292 1716,3308 1752,3293 1790,3305 1845,3293 1865,3307 1942,3292 2117,3293 2116,3267 2073,3249 2012,3261 1949,3249 1924,3264 1690,3246"/><Baseline points="1699,3285 1744,3282 1788,3282 1833,3285 1878,3285 1923,3288 1968,3285 2012,3285 2057,3285 2102,3285 2120,3285"/><TextEquiv><Unicode>16 unies X, 12 unies.</Unicode></TextEquiv></TextLine><TextLine id="tr_1777017846_tl_68" custom="readingOrder {index:67;}"><Coords points="1730,3330 2730,3348 2728,3283 2611,3271 2358,3296 2219,3266 2140,3315 1730,3300"/><Baseline points="1738,3329 1782,3329 1827,3329 1872,3329 1917,3329 1962,3329 2006,3329 2051,3329 2096,3329 2141,3332 2186,3332 2230,3332 2275,3335 2320,3335 2365,3335 2410,3335 2454,3338 2499,3335 2544,3335 2589,3335 2634,3332 2678,3332 2723,3329 2732,3329"/><TextEquiv><Unicode>3e Tour à l’endroit. — 11 mailles unies X, 1 rétré-</Unicode></TextEquiv></TextLine><TextLine id="tr_1777017846_tl_69" custom="readingOrder {index:68;}"><Coords points="1677,3376 2735,3396 2735,3346 2695,3338 2375,3371 1677,3334"/><Baseline points="1684,3374 1729,3374 1773,3377 1818,3377 1863,3374 1908,3377 1953,3377 1997,3377 2042,3377 2087,3377 2132,3380 2177,3380 2221,3383 2266,3380 2311,3383 2356,3383 2401,3383 2445,3383 2490,3383 2535,3383 2580,3380 2625,3377 2669,3377 2714,3377 2738,3380"/><TextEquiv><Unicode>cie, 1 jetée, 5 unies, 1 jetée, 1 rétrécie surjetée,</Unicode></TextEquiv></TextLine><TextLine id="tr_1777017846_tl_70" custom="readingOrder {index:69;}"><Coords points="1689,3445 2675,3437 2650,3389 1689,3382"/><Baseline points="1696,3419 1741,3419 1785,3419 1830,3419 1875,3422 1920,3419 1965,3419 2009,3422 2054,3422 2099,3425 2144,3425 2189,3425 2233,3428 2278,3428 2323,3428 2368,3428 2413,3431 2457,3431 2502,3428 2547,3425 2592,3422 2637,3419 2678,3419"/><TextEquiv><Unicode>3 unies, 1 rétrécie, 1 jetée, 16 unies X, 11 unies.</Unicode></TextEquiv></TextLine><TextLine id="tr_1777017846_tl_71" custom="readingOrder {index:70;}"><Coords points="1730,3484 2282,3504 2728,3473 2708,3413 2617,3449 2109,3468 1730,3432"/><Baseline points="1738,3467 1782,3473 1827,3473 1872,3473 1917,3473 1962,3476 2006,3476 2051,3476 2096,3479 2141,3482 2186,3479 2230,3482 2275,3482 2320,3482 2365,3482 2410,3479 2454,3479 2499,3479 2544,3476 2589,3473 2634,3473 2678,3470 2723,3473 2732,3473"/><TextEquiv><Unicode>4e Tour à l’envers. — 12 mailles unies X, 1 jetée.</Unicode></TextEquiv></TextLine><TextLine id="tr_1777017846_tl_72" custom="readingOrder {index:71;}"><Coords points="1682,3523 2735,3531 2714,3476 2419,3509 1682,3486"/><Baseline points="1690,3518 1708,3518 1753,3518 1797,3518 1842,3518 1887,3521 1932,3521 1977,3524 2021,3524 2066,3524 2111,3526 2156,3526 2201,3526 2245,3529 2290,3529 2335,3526 2380,3526 2424,3524 2469,3521 2514,3518 2559,3518 2604,3515 2648,3512 2693,3512 2738,3512"/><TextEquiv><Unicode>1 rétrécie, 1 unie, l rétrècie. 1 jetée, 1 Unie, i rétrén</Unicode></TextEquiv></TextLine><TextLine id="tr_1777017846_tl_73" custom="readingOrder {index:72;}"><Coords points="1677,3577 2649,3587 2732,3575 2734,3532 2073,3556 1678,3525"/><Baseline points="1684,3562 1729,3562 1773,3565 1818,3565 1863,3568 1908,3568 1953,3568 1997,3571 2042,3571 2087,3571 2132,3574 2177,3574 2221,3574 2266,3574 2311,3571 2356,3571 2401,3568 2445,3565 2490,3562 2535,3559 2580,3559 2625,3559 2669,3559 2714,3559 2735,3562"/><TextEquiv><Unicode>cie, 1 jetée, 1 unie, I jetée. 1 rétrécie. 1 unic, 1 jetée,</Unicode></TextEquiv></TextLine><TextLine id="tr_1777017846_tl_74" custom="readingOrder {index:73;}"><Coords points="1686,3636 2493,3617 2493,3577 1686,3579"/><Baseline points="1693,3613 1735,3610 1779,3610 1824,3610 1869,3613 1914,3616 1959,3616 2003,3616 2048,3619 2093,3619 2138,3619 2183,3619 2227,3619 2272,3616 2317,3616 2362,3613 2407,3610 2451,3607 2496,3607"/><TextEquiv><Unicode>1 rétrécie, 16 mailles unies X, 10 unies.</Unicode></TextEquiv></TextLine><TextLine id="tr_1777017846_tl_75" custom="readingOrder {index:74;}"><Coords points="1727,3670 2721,3683 2734,3618 2133,3648 1727,3620"/><Baseline points="1735,3658 1750,3655 1794,3658 1839,3658 1884,3661 1929,3661 1974,3664 2018,3664 2063,3664 2108,3664 2153,3664 2198,3661 2242,3661 2287,3658 2332,3655 2377,3655 2422,3652 2466,3652 2511,3649 2556,3649 2601,3649 2645,3649 2690,3649 2735,3655"/><TextEquiv><Unicode>5e Tour à l’endroit.— 9 mailles unies X, 1 rétrécie,</Unicode></TextEquiv></TextLine><TextEquiv><Unicode></Unicode></TextEquiv></TextRegion></Page></PcGts>