2939 4158
1592 75 1739 167 384
1422 288 1918 429 ÉPHÉMÉRIDES.
1149 453 2178 546 14 Décembre 1789. — Mort d'Étienne Jaurat.
550 624 1616 694 Etienne Jaurat fut un des peintres les plus popu¬
497 681 1622 759 laires du dix-huitième siècle; on a de lui un grand
499 754 1616 801 nombre de jolies toiles représentant des détails fami¬
497 798 1625 872 liers du ménage, du commerce, de la vie intérieure
492 848 1670 939 et domestique de son époque : on cite surtout le
1708 641 2838 750 Déjeuner d'huitres, les Relevailles, une Scène de la
1705 704 2834 797 Halle, où l'on trouve beaucoup d’animation. Ce pein¬
1704 760 2828 861 tre vrai et spirituel eut une heureuse carrière, et
1704 809 2753 901 mourut, en 1789, à l’âge de quatre-vingt-dix ans.
1488 1058 1826 1165 Mosaïque.
543 1184 1616 1284 Girofle. — Giroflier. — Le giroflior est un arbuste
495 1262 1614 1332 élégant, chargé de corymbes de fleurs rose : il croît
493 1327 1616 1396 surtout aux îles Moluques et aux ïles de la Sonde. Le
493 1368 1601 1454 clou de girofle est le bouton desséché de la fleur du
493 1423 1002 1510 giroflier avec son calice.
528 1494 1600 1617 Pour être content des meilleures personnes, il faut
484 1603 1595 1663 se contenter de peu et supporter beaucoup; les per¬
474 1657 1600 1724 sonnes les plus parfaites ont bien des imperfections,
481 1698 1601 1782 nous en avons aussi de grandes; nos défauts, points
481 1761 1592 1818 aux leurs, nous rendent le support mutuel très-diffi¬
481 1805 1597 1881 cile, mais on accomplit la loi de Jésus-Christ en por¬
481 1865 1597 1959 tant les fardeaux réciproques; il en faut faire une
477 1914 1010 1993 charitable compensation.
1211 1981 1410 2052 FÉNELON.
1742 1199 2832 1309 La chaîne de notre ignorance est longue. Celui qui
1699 1294 2831 1362 ne veut croire que ce qu’il comprendra ne croira
1696 1356 2823 1426 rien, car le mystère est partout. C’est le propre des
1692 1407 2831 1468 sots de ne voir de choses incompréhensibles que dans
1693 1448 1937 1529 la religion.
2190 1506 2656 1597 PLATON-Polichille.
1733 1592 2825 1688 Dans les situation où nous ne sommes pas, tout
1686 1677 2818 1749 nous paraît beau : nous en voyons les fleurs, nous
1679 1720 2270 1829 n’en sentons pas les épines.
2395 1789 2668 1862 FREYSSINOUS.
1735 1892 2809 1983 L’amour-propre est le plus délicat et le plus vivace
1679 1961 2762 2021 de nos défauts : un rien le blesse et rien ne le tue.
2411 2013 2671 2087 PETIT-SENN.
1394 2202 1825 2240 REBUS
1149 3786 2060 3874 Paris. — Typ. Morris et comp. rue Amelot, 64.
