2840 4318
1235 194 1325 294 67
166 286 1235 372 Grâce à Dieu! il n’a plus rien à craindre. Sa dame
125 364 1233 440 est plus aimable et plus fidèle que jamais. A cette
123 424 1224 491 douce pensée, son cœur se dilate, ses yeux rayonnent,
114 477 1233 539 son front pâle se relève; et seul, lentement égaré dans
112 523 1222 594 la prairie, on l’entend murmurer avec une tendresse
114 576 804 675 intime, une émotion pénétrante :
245 719 941 796 Commencement de douce saison belle
321 765 709 832 Que je vois revenir,
230 782 1172 898 Remembrance (souvenir) d’amour qui me rappelle
315 866 801 935 Dont jà ne quiers partir,
1027 868 1206 931 (chanter)
233 891 1214 966 Et la mauvis (alouette) qui commence à tentir
229 955 1128 1030 Et li doux sons de ruissel sur gravelle (gravier)
318 1005 743 1069 Que je vois resclaircir,
308 1056 686 1123 Me fait ressouvenir
272 1100 900 1160 De là où tuit (tous) mi bon désir
266 1157 907 1232 Sont et seront jusqu’au mourir!
152 1247 1218 1355 Tout à coup le chevalier tressaille; un grand
112 1349 1208 1409 bruit de voix humaines se fait entendre. Il monte, il
106 1399 1207 1459 monte sans cesse, ce bruit confus et vivant, semblable
106 1462 1193 1547 au mugissement de la mer à mesure qu’on,s’en ap-
106 1502 498 1578 proche davantage :
153 1536 1208 1629 — Dieu le veut! Dieu Ie veut ! En Orient! à la
98 1610 301 1674 croisade!
146 1671 1206 1746 Adieu les tendres réveries, les charmantes tris¬
99 1731 1204 1794 tesses, les longues promenades au bord de l’eau parmi
98 1780 1199 1854 les peupliers et les saules ! Que le poète fasse place
102 1840 1196 1907 à l’homme, le trouvère au chrétien, le servant d’a¬
106 1894 1200 1955 mour au servant du Christ ! Il faut partir, sous peine
106 1947 1193 2018 de passer pour félon et pour lâche ; il faut aller là¬
106 1994 1207 2070 bas, là-bas, bien loin par delà les mers, combattre
114 2054 1203 2141 pour le triomphe de la croix et la délivrance du saint
105 2102 301 2166 tombeau.
223 2215 962 2286 Je m’en vais, dame ! A Dieu le créator
233 2268 1051 2346 Vous recommande, en quel lieu que je soie :
231 2326 898 2385 Qui sait jamais si verrez mon retor?
217 2375 977 2442 Aventure est que jamais vous revoie!...
149 2468 424 2542 Et plus loin :
217 2584 1082 2672 Hélas, Amour! com dure départie (séparation)
217 2648 882 2707 Me conviendra faire pour la meillor
222 2696 846 2757 Qui onques fust amée ne servie!
212 2743 1107 2821 Dieu me ramaint (m’attire) à lui par sa douçor,
210 2797 910 2856 Mais néanmoins je m’en pars à dolor.
208 2845 1041 2906 Dieu ! qu’ai-je dit ? jà ne m’en pars-je mie;
208 2879 1183 2963 Si mon corps va servir Nostre-Seignor, gneurie).
212 2934 1176 3012 Mon cœur remaint (reste) tout en votre baillie (sei¬
146 3041 1182 3133 C’en est fait! Les pieux élans, les pensées reli¬
100 3112 1181 3179 gieuses et sévères, doivent désormais remplir et pu¬
93 3168 1183 3238 rifier son âme. Honni soit qui restera, quand tous les
92 3210 833 3284 braves s’en vont où Dieu les attend !
202 3310 913 3416 Dieu est assis en son saint héritage...
195 3387 1168 3462 Bien sont honnis tous ceux qui remanront (resteront)
197 3438 1055 3509 Si n’ les retient pauvreté ou malage (maladie) ;
187 3475 1051 3551 Mais ceux qui riches, et sains, et forts seront,
197 3526 963 3606 Ne pourront pas demeurer sans hontage !
142 3625 1181 3741 Voilà bien le baron du douzième et du treizième
86 3714 1183 3805 siècle, le compagnon d’armes de Philippe-Auguste ou
88 3773 1175 3852 de saint Louis ; mélange, incompris de nos jours,
86 3819 1182 3921 d’héroïsme et de naïveté, de grandeur et d’enfan¬
1320 305 2415 425 tillage, aujourd’hui fredonnant en l’honneur de sa
1321 372 2427 467 dame l’éternel refrain d’une galanterie monotone....
1325 438 2425 528 demain courant sus aux infidèles avec un cri sau-
1321 489 2027 577 vage. Rossignol ici, faucon là-bas!
1427 761 2293 843 QUESNES DE BÉTHUNE ET HUES D'OISY.
1352 860 2413 948 Il serait aussi difficile d’énumérer au juste les
1310 937 2413 1008 pièces légères, les chants lyriques de toute espèce,
1306 990 2418 1058 qui remplissent les manuscrits du douzième et du
1305 1027 2403 1112 treizième siècle, que de calculer, suivant une expres-
1305 1105 2400 1165 sion virgilienne, le nombre des grains de sable sou-
1310 1137 2414 1229 levés par le vent sur les côtes de l'Afrique. On a fait
1312 1200 2397 1279 à cet égard une remarque assez curieuse : c’est qu’une
1307 1250 2400 1337 foule de nobles, de chevaliers, de comtes ou de prin¬
1309 1316 2403 1385 ces, sont les auteurs de la plupart des chansons de
1307 1356 2403 1436 cette époque qui nous sont parvenues, mais que pas
1298 1412 2403 1493 un seul n’a composé d’ouvrage de longue haleine, dans
1298 1468 2404 1553 le genre épique et narratif. Il ne fant pas trop s’en
1299 1518 2403 1596 étonner : dans aucun temps, dans ancun pays, les
1305 1579 2397 1647 vastes compositions poétiques ne peuvent être l’ou¬
1307 1642 2394 1712 vrage de ces hommes qu’absorbent leurs affaires ou
1298 1691 2406 1770 leurs plaisirs. Ni Homère, ni Virgile, ni le Tasse, ni
1306 1742 2194 1809 Milton, n’étaient d’opulents gentilshommes.
1345 1804 2397 1877 Nous réunissons ici dans une même notice deux de
1299 1862 2389 1929 ces poètes de race, Quesnes de Béthune et Hues d’Oisy.
1292 1909 2379 1992 Le premier naquit, vers le milieu du douzième siècle
1296 1971 2376 2032 d’une famille déjà illustre, et mourut selon toute ap¬
1302 2022 2389 2089 parence, avant 1224, comme l’indiquent ces deux vers
1295 2074 2020 2135 du chroniqueur Philippe Mouskes :
1392 2177 2029 2256 La terre fut pire en cest an (1224),
1390 2233 2000 2302 Car li vieux Quesnes était mort.
1334 2343 2379 2435 Un des plus grands ministres qu’ait eus la France,
1281 2403 2379 2493 Sully, se fait honneur, dans ses Mémoires, de des¬
1285 2474 2379 2534 cendre du vaillant Quesnes, qui, en effet, parait s’être
1282 2523 2379 2585 illustré plus encore par son courage que par ses vers.
1285 2573 2382 2648 Deux fois, il fit le voyage de la Terre-Sainte, et, en
1288 2638 2375 2696 1204, arbora l’un des premiers l‘étendard de la croix
1281 2691 1937 2754 sur les murs de Constantinople.
1321 2735 2375 2815 Le reste du temps, on le rencontre sans cesse, soit
1286 2781 2374 2859 à la cour de Philippe-Auguste, soit à celle du comte
1282 2842 2374 2916 de Champagne. La veuve de Louis le Jeune, la reine
1279 2898 2382 2962 Alix, voulut un jour entendre le noble trouvère; mais
1282 2959 2365 3036 elle trouva que les vers de Quesnes se sentaient trop
1277 3019 2364 3098 du langage artésien, et que rien n’y rappelait la grâce
1275 3068 2146 3147 et la pureté du dialecte de l’Ile-de-France.
1321 3093 2360 3188 Blessé au vif dans son amour-propre de poète et
1282 3168 2361 3240 d’enfant de l’Artois, le sire de Béthune essaya de se
1285 3225 2357 3303 venger par des couplets satiriques dont voici un échan¬
1270 3278 1413 3359 tillon:
1371 3359 2052 3450 La roine Alix ne fut guère courtoise,
1377 3402 2358 3521 Qui me reprit, elle et ses fleux li rois (et son fils le roi);
1374 3479 2020 3537 Encoir ne soit ma parole françoise,
1371 3511 2110 3593 Si la peut-on bien entendre en françois;
1371 3579 2082 3631 Et cils ne sont bien appris ni courtois,
1377 3618 2202 3695 Qui m’ont repris quand j’ai dit mot d’Artois,
1371 3673 2008 3738 Car je ne fus pas nourri à Pontoise.
1320 3783 2358 3845 On voit par là, — et c’est une remarque importante
1254 3829 2365 3904 à faire, — que, dès le douzième siècle, l’idiome de
