2897 4318
1226 218 1344 307 137
160 292 1233 396 pria longtemps pour le malheureux prince, et puis,
159 373 879 437 calme comme un enfant, il dormit.
202 424 1233 507 Alors le mérovingien sentit des larmes s’échapper
148 495 1241 559 de ses yeux. Une paix parfaite était dans le cœur de
151 540 1240 605 son frère ; cette paix, il ne l’avait jamais connue, lui.
154 602 1226 680 Un abîme séparait sa nature insoumise de cette na¬
152 657 433 723 ture candide.
202 702 1238 782 Frère Daniel resta longtemps éveillé sur sa couche.
154 779 1238 831 En proie à une sorte de fièvre, il repassait dans son
151 846 1237 912 esprit les faits qui composaient alors la courte his¬
154 876 495 949 toire des Francs.
196 932 1230 991 Il voyait ce peuple, amant de la conquête, s’éten¬
156 972 1238 1049 dre comme une eau dont la digue est brisée. Gaulois,
154 1037 1238 1109 Romains, Bourguignons, Visigoths, tout disparaît sous
154 1098 1238 1152 le flot envahissant; puis se mêlent à ce flot les eaux
154 1149 1233 1209 ,bienfaisantes du christianisme, dont l’écoulement fé-
154 1198 708 1275 conde une terre desséchée.
202 1256 1242 1308 La barbarie vivante encore, mais humiliée, baisse
159 1307 1241 1378 la tête, et ses clameurs se taisent devant la croix. De
171 1366 1235 1430 pieuses reines versent leur âme sur les institutions
159 1419 1053 1495 nouvelles, elles en adoucissent les rigueurs.
207 1481 1227 1539 Ici, c’est Clotilde priant pour Clovis païen, et fai
154 1545 1238 1596 sant baptiser ses fils malgré le courroux de leur père.
196 1591 1245 1650 Là, c’est Radegonde, bonne pour tous, dure à elle
156 1647 1241 1733 seule. Méprisée de l’impie Clotaire, elle s’en retourne
156 1693 602 1772 à Dieu par l'humilité.
195 1759 1241 1820 Là encore, c’est la craintive Galsuinde, qui, au
154 1811 1238 1864 sortir de Tolède, sa patrie, ne peut s’arracher des
159 1857 1238 1912 bras de sa mère, tant elle a peur du monde et de la
166 1922 1241 1968 vie. Sa mère non plus n’ose pas l’abandonner, elle
159 1953 1245 2027 l’accompagne en disant : « J’irai jusque-là. » Puis,
169 2024 1248 2079 quand la nuit vient, elle trouve que jusque-là n’est
171 2072 1235 2132 pas assez, et dit : « Je la suivrai encore demain. » Et
169 2130 1218 2180 quand on lui reproche sa faiblesse, elle répond : —
170 2187 1241 2249 « Mais vous ne savez donc pas que là où vous menez
159 2221 1083 2290 ma fille, il n’y aura pas de mère pour elle ! »
210 2280 1231 2343 Galsuinde, obéissante, s’arrête au pied des monta-
162 2339 1230 2404 gnes et dit : « Ma mère, Dieu le veut, il faut me sou¬
158 2404 1238 2460 mettre. » Puis elle s’en va vers Chilpéric ler, dont
156 2441 1240 2519 l’âme corrompue n’aimera pas son âme. La voilà
158 2509 1235 2563 reine. Au souvenir de sa patrie, Galsuinde verse des
169 2556 1238 2611 pleurs, mais dans sa prière elle confond et Tolède et
162 2600 373 2670 la France.
203 2640 1235 2736 Dieu se souviendra des prières de la reine, parce
166 2716 1238 2777 qu’elle est malheureuse et que le bras des assassins
159 2762 934 2823 va terminer sa douloureuse puissance.
203 2814 1231 2895 Plus tard, une belle esclave, née pour la liberté,
152 2878 1233 2948 attire les regards du roi. De ces regards tombe la
160 2924 1052 3007 gloire. Clovis II l’a aimée, Bathilde est reine.
200 2982 1230 3058 Au sommet des grandeurs, elle se souvient de l’es¬
162 3037 1233 3100 clavage, et, jetant ses trésors aux Francs avides, elle
169 3089 1226 3151 dit aux enfants des Gaulois : « Vous êtes libres ! »
165 3131 1237 3216 Mais le sombre Ébroïn s’attache à ses pas, la voilà
159 3202 1233 3272 malheureuse encore. Où ira-t-elle? où va tout ce qui
166 3236 483 3301 pleure ! à Dieu A
211 3292 1230 3365 Volontairement elle se fera l’esclave de celui qui
158 3332 1233 3421 seul compte les larmes des rois. Du fond des solitudes
169 3413 1237 3480 elle priera pour ses fils et pour les fils de ses flis, pour
158 3447 1225 3528 toi, infortuné Chilpéric, qui succombes sous ta gran¬
162 3512 1231 3606 deur. Bathilde a vu naître l’orage, et la foudre est
156 3557 480 3619 tombée sur toi.
199 3605 1223 3682 Ainsi rêvait le solitaire, et la gloire de sa race pas-
149 3656 1230 3731 sait devant lui comme un fantôme moqueur. Il voyait
151 3731 1233 3794 aussi les guerres civiles qui avaient accablé sa patrie
158 3774 1234 3866 depuis trois siècies. Il se rappelait avec effroi ce que
1321 300 2408 399 l’on disait de la haine que son indigne aïeule Frédé¬
1329 374 2402 484 gonde portait à Brunchaut. Ces deux noms presque
1325 446 2407 529 également terribles fatiguaient sa mémoire, il eût
1330 503 2265 572 voulu les effacer, mais le sang ne s’efface pas.
1373 540 2405 627 Il croyait entendre les vastes soupirs de la Neustrie
1322 610 2402 691 épouvantée, quand des nuées de barbares, appelés
1333 657 2402 732 par l’Austrasie, se jetaient sur elle comme des oiseaux
1326 717 2405 780 de proie. Alors tout être faible était condamné aux
1323 768 2408 827 tortures, et c’était à force de souffrances que la Neus¬
1326 820 2117 887 trie à genoux devait crier : « Grâce ! »
1364 890 2408 954 Ce mot, il ne fut pas dit; cette prière, elle ne fut
1331 941 2405 1013 pas faite, et de haine en haine, de crime en crime,
1326 989 2409 1061 de vengeance en vengeance, les royaumes croulaient.
1318 1044 2404 1108 A la mort seule fut donné le pouvoir de pacitier les
1318 1108 2408 1175 reines ennemies. La mort vint endormir Frédégonde,
1316 1146 2408 1234 la sanguinaire, et la conduire enfin aux pieds de Dieu.
1326 1207 2402 1278 Plus tard, la mort revint, mais cette fois affreuse,
1326 1252 2412 1321 échevelée, haletante ; elle vint s’abattre comme un
1329 1319 2408 1388 vautour sur la vieillesse de Brunehaut. Pliant sous
1323 1359 2402 1425 les clameurs de deux royaumes, écrasée sous le mé¬
1333 1425 2412 1477 pris de deux peuples, Brunehaut expire au paroxisme
1323 1477 2413 1537 de la douleur, et son neveu Clolaire n’apaise la haine
1325 1521 2408 1587 que lui a léguée Frédégonde qu’en se disant : « Bru¬
1321 1569 1740 1647 nehaut a souffert. »
1371 1640 2420 1711 Quand ces souvenirs assaillaient l’esprit du prince,
1321 1685 2420 1762 il avait peur. Il craignait de voir éteindre sa race
1323 1741 2420 1802 sous les efforts des maires du palais qui la narguaient
1322 1802 2408 1858 depuis cent ans. Le vieux sang de Mérovée se rani¬
1323 1855 2419 1912 mait en lui. Fier, hardi, fou d’audace, il appelait de
1326 1913 2405 1973 ses vœux le jour où il pourrait combattre corps à
1326 1966 2412 2016 corps ses rivaux, ces maires ambitieux devant qui les
1329 2018 2405 2072 princes francs n’étaient que de pauvres enfants des¬
1322 2076 2412 2138 tinés à la mollesse et montrés de loin au peuple
1318 2114 2308 2173 comme pour lui dire : « Ainsi étaient les rois. »
1366 2171 2407 2235 Et jamais dans l’âme fougueuse de Chilpéric, ja¬
1322 2221 2402 2291 mais ne cessait ce combat entre le droit et la fai¬
1322 2286 2412 2345 blesse, entre la valeur et la résignation. Si parfois il
1318 2334 2408 2398 s’abandonnait à l’espérance, tout aussitôt sa tête rasée
1321 2397 2416 2448 se penchait sur sa poitrine et le souvenir de sa cheve¬
1323 2450 2412 2507 lure d’enfant arrachait de ses yeux des larmes de
1318 2494 1458 2559 honte.
1367 2544 2405 2625 Cependant la nuit s’achevait, longue et triste comme
1311 2608 2394 2670 la nuit d’un exilé. L’heure des matines était proche.
1325 2664 2394 2722 Tout allait sortir du sommeil, et frère Daniel ne dor¬
1318 2718 2400 2773 mait pas encore. Enfin, vaincu par la fatigue, ses
1318 2763 2397 2843 membres s’engourdirent et ses yeux se fermèrent ;
1318 2817 2400 2884 mais pour l’âme passionnée, il n’est de repos que
1318 2882 2404 2950 dans le sacrifice; le sommeil n’est point un rempart
1318 2930 2401 2992 contre la crainte et le désir. Des fictions mensongères
1318 2985 2400 3041 naissent des utopies de la veille, et dans ce labyrinthe
1311 3037 2402 3094 l’homme perd sa plus belle faculté, le discernement
1316 3085 1702 3143 du vrai et du faux.
1359 3151 2387 3199 Chilpéric endormi souffrait encore. Un songe pe¬
1305 3195 2385 3259 sait sur lui de tout le poids d’un pressentiment. Il
1318 3251 2390 3309 croyait voir, toucher, entendre. Dans son rêve, il
1311 3306 2382 3361 avait atteint cette époque de la vie où toute pensée
1304 3371 2387 3421 amère a laissé au front une ride, au cœur une plaie.
1311 3399 2386 3482 Libre, il avait entendu rouler sur leurs gonds de fer
1315 3456 2387 3527 les portes du cloître; il avait paru pâle, étonné, sur
1311 3512 2113 3572 le seuil du monde, il était roi; illusion !
1356 3567 2382 3638 Un guerrier herculéen, toujours bardé de fer, tou-
1319 3615 2396 3705 jours la hache au poing, donnait des lois aux sujets
1315 3678 2394 3746 de Chilpéric. On l’appelait Charles, et, comme un
1311 3720 2391 3809 marteau, il broyait tout ce qui lui résistait. Les
1314 3792 2396 3871 Francs l’acceptaient pour leur maître, et le vieux
