2939 4158
1495 107 1621 204 354
403 200 1516 268 l'imagination populaire lui a prêtées, a inspiré les
406 261 1503 325 poètes : Otway, en anglais, Alfred, en italien, Schil¬
398 316 1509 375 ler, en allemand, ont tour à tour traité ce sujet, et,
403 358 1513 441 grâce à eux, don Carlos d’Autriche, bien coupable
391 417 1509 485 s'il n'était tout à fait privé de raison, est devenu inté¬
395 482 1513 538 ressant et célèbre, tandis que son malheureux homo¬
391 538 1505 597 nyme, dont les brillantes qualités n’ont été termies
400 587 1510 646 que par une seule faute, est resté oublié de tous. Tant
391 642 1509 702 il est vrai que le malheur comme la gloire doit son
398 695 754 771 éclat aux poètes !
440 754 1513 813 La tragédie de Schiller, dont le plan défectueux peut
403 801 1505 868 être critiqué; qui, dans le caractère principal, celui de
395 865 1517 924 don Carlos, n'offre aucune vérité historique, présente
398 922 1509 972 cependant des scènes remplies de grandeur et de
391 976 1509 1030 beauté poétique. Nous en citerons une, qui, au mérite
391 1021 1509 1092 théâtral, joint celui de l’exactitude, car les nobles
400 1078 1516 1142 paroles de Philippe II sont de l'histoire. Le duc de
391 1134 1509 1194 Medina-Sidonia, amiral de l'Armada, revient pour la
400 1190 1515 1253 première fois à la cour après la destruction de la
388 1245 1506 1307 flotte qui lui a été confiée; il tremble à la pensée de
400 1298 1509 1363 reparaître devant le roi; isolé au milieu de la foule
398 1354 1509 1437 des courtisans qui l’évitent, il se tourne vers le duc
400 1402 573 1486 d’Albe :
797 1499 1113 1592 MEDINA-SIDONIA.
440 1574 1513 1665 Vous avez parié au roi, duc ; comment l'avez-vous trouvé
391 1620 566 1708 disposé ?
894 1675 1002 1741 ALBE.
440 1710 1243 1803 Très-mal pour vous et pour vos nouvelles.
804 1777 1104 1839 MEDINA-SIDONIA.
440 1819 1509 1884 Au milieu du feu de l’artillerie anglaise, je me sentais
399 1878 1506 1930 plus à mon aise qu’en ce lieu. (Don Carlos s'approche de lui
391 1930 1031 2005 avec intérêt et lui serre la main.)
794 1978 1094 2043 MEDINA-SIDONIA.
433 2027 1509 2088 Je vous rends grâces, prince, de ces larmes généreuses.
406 2074 1520 2157 Vous voyez comme tout le monde me fuit. Ma perte est
393 2119 555 2192 résolue.
849 2159 1082 2226 SON GABLOS.
443 2204 1513 2282 Espérez mieux de la bonté de mon père et de votre inno¬
403 2262 532 2332 cence.
812 2311 1100 2374 MEDINA-SIDONIA.
438 2369 1520 2432 Je lui ai perdu une flotte telle que l’Océan n’en avait
403 2414 1517 2481 jamais vue. Qu’est-ce qu’une vie comme la mienne en com¬
409 2471 1506 2525 paraison de soixante-dix galions engloutis? Mais, prince,
403 2515 1516 2592 cinq fils de la plus belle espérance, comme vous; voilà ce
1609 195 2717 267 qui brise le cœur ! (Le roi entre. Tous se découvrent, grand
1603 244 2016 306 silence autour de lui.)
1669 292 2653 360 PHILIPPE II, parcourant le cercle d'un regard rapide.
1644 337 2716 417 Couvrez-vous. (Don Carlos et le prince de Parme s'appro¬
1597 405 2714 471 chent de lui et lui baisent la main. Il se tourne vers ce dernier.)
1605 452 2716 513 Mon neveu, votre mère désire savoir si l'on est content de
1606 490 1909 572 vous à Madrid.
2001 545 2318 614 LE DUG DE PARME.
1651 587 2719 655 Elle ne doit le demander qu’après l’issue de ma première
1603 642 1766 710 bataille.
2043 677 2270 762 PHILIPPE II.
1642 729 2717 808 Soyez tranquille, votre tour viendra. (Au duc de Feria.)
1603 790 2030 870 Que m'apportez-vous ?
1902 835 2404 910 PERIA, fléchissant le genou.
1642 887 2714 951 Le grand commandeur de l’ordre de Calatrava est mort
1606 944 2220 992 cette nuit. Je rapporte sa croix.
1623 981 2695 1068 PHILIPPE II, prenant le collier et parcourant le cercle des
2109 1045 2214 1110 yeux.
1648 1075 2716 1163 Qui, après lui, est plus digne de le porter ? (Il fait signe
1597 1123 2721 1205 au duc d'Albe.) Duc, vous êtes mon premier capitaine. Ne
1597 1193 2713 1252 soyez jamais davantage, et jamaise mes faveurs ne vous man¬
1606 1245 2707 1312 queront. (Il lui passe le collier.) Que vois-je ici, mon amiral?
1640 1290 2665 1349 MEDINA-SIDONIA, s'approchant et se mettant à genoux.
1649 1343 2717 1397 Voilà, sire, tout ce que je rapporte de l’Armada et de la
1600 1384 1973 1450 jeunesse espagnole.
2037 1433 2265 1498 PHILIPPE II.
1642 1491 2705 1553 Dieu est au-dessus de moi. Je vous ai envoyé contre des
1599 1534 2713 1592 hommes et non contre des tempêtes et des écueils. soyez
1597 1586 2716 1654 le bienvenu à Madrid. (Il lui donne sa main à baiser.) Je
1600 1626 2716 1686 vous rends grâce de m’avoir conservé en vous un digne
1600 1679 2716 1752 serviteur. Je le reconnais pour tel, messieurs, et j'entends
1609 1731 2359 1814 que vous le reconnaissiez tous pour tel.
1647 1825 2714 1928 Madame de Staël fait au sujet de cette belle scène
1597 1915 2116 1992 les réflexions suivantes :
1648 1963 2716 2029 « Voilà de la magnanimité, et cependant à quoi
1597 2022 2716 2082 tient-elle ? à un certain respect pour la vieillesse, dans
1597 2079 2713 2136 un monarque étonné que la nature se soit permis de
1600 2133 2713 2192 le faire vieux; à l’orgueil, qui ne permet pas à Philippe
1599 2192 2716 2247 de s’attribuer à lui-même ses revers en s‘accusant
1597 2247 2716 2306 d’un mauvais choix; à l’indulgence qu’il sent pour
1597 2296 2716 2362 un homme abaissé par le sort, lui qui voudrait qu’un
1609 2352 2713 2415 joug quelconque courbât tous les genre de fierté,
1600 2403 2723 2453 excepté la sienne; enfin, au caractère même d'un
1600 2463 2716 2515 despote que lesrubstacles naturels révoltent moins que
1596 2515 2376 2592 la plus faible résistance volontaire. »
1139 2925 2018 3042 BIBLIOGRAPHIE
520 3140 1390 3271 POÈSIES ET NOUVELLES
666 3285 1239 3369 de Madame d'ARBOUVILLE (1).
444 3456 1508 3550 Il y a dix ans environ, dans un bazar de charité,
400 3536 1509 3621 où d'élégantes marchandes tenaient le comptoir, on
450 3670 1515 3808 (1) 3 volumes in-8°, chez Amyot, 8, rue de la Paix. Se
391 3740 1116 3826 vend au profit d'une œuvre do charité.
1605 3132 2716 3232 vendit, parmi les broderies, les petits meubles, les
1597 3220 2716 3278 fleurs, les tableaux, un manuscrit dont le contenu
1600 3276 2713 3337 attira bientôt toute l’attention de ceux qui eurent le
1592 3330 2716 3393 bonheur de le lire. Ce manuscrit circula; les jour¬
1597 3389 2716 3445 naux s’en emparèrent et le publièrent sans solliciter
1597 3439 2724 3494 une permission qu'on ne leur eût pas accordée. Ce
1600 3496 2716 3556 succès et le nom de l'auteur occupèrent les salons
1600 3552 2713 3615 parisiens: jusqu’alors madame d’Arbouville, auteur
1597 3611 2713 3657 de ce manuscrit, n'avait été connue que par une
1597 3656 2716 3715 bonté, une simplicité extrêmes; un cercle étroit de
1600 3713 2713 3775 parentes et d’amis avait seul reçu la confidence de ses
1600 3770 2716 3836 pensées, et il avait fallu les instances d'une reine
