2897 4318
1264 243 1364 326 123
175 324 1277 382 remarquable, elle n’alla jamais en Italie, cette terre
179 382 1260 446 sainte, cette Mecque du chant, dont les artistes lyri¬
172 440 1275 507 ques se croient obligés de faire le pèlerinage une fois
177 491 1272 553 au moins dans leur vie. Mozart lui-même, son grand
175 549 1266 608 compatriote, n’étudia-t-il pas les maîtres d’au delà les
175 598 1269 663 monts, et ne fit-il pas luire dans le bleu clair de
173 656 1170 734 lune allemand un jaune rayon du soleil italien?
213 712 1265 773 Nous avons laissé madame Sontag poursuivant le
177 770 1272 825 cours de ses succès au grand théâtre de la Reine, à
165 822 1272 881 Londres. Ce ne fut que dans l’hiver de 1851 qu’elle
169 874 1262 927 reparut sur la scène des Bouffes de Paris, c’est-à-dire
177 921 1262 987 vingt quatre ans après ses premiers débuts dans cette
165 976 1264 1044 capitale qui l’avait si légitimement et si ardemment
165 1030 1257 1094 admirée. La salle Ventadour devint alors le rendez¬
172 1088 1264 1151 vous de toutes les illustrations de la grande ville, ses
175 1141 1254 1204 portes furent véritablement assiégées, et chaque soir
169 1200 1262 1260 l’auditoire enthousiaste s’étonnait de retrouver dans
165 1251 1257 1324 la voix de la cantatrice cette justesse, ce charme,
172 1306 1264 1367 cette méthode sévère que l’on avait tant applaudies au
175 1363 870 1416 temps de ses premiers triomphes.
213 1409 1264 1484 Peut-être son timbre avait-il un peu moins de
165 1455 1260 1530 fraîcheur, peut-être son gosier avait-il perdu un
172 1518 1251 1587 peu de cette agilité qui est le privilége de la jeu¬
165 1580 1264 1643 nesse; mais il y avait dans son chant quelque chose de
169 1632 1257 1697 plus posé, de plus onctueux, et chacun se demandait,
164 1697 1265 1742 après l’avoir entendue, si madame la comtesse Rossi
175 1739 1253 1811 n’était pas la digne émule de mademoiselle Sontag
208 1788 1258 1851 Elle joua successivement dans il Matrimonio se-
172 1852 1260 1910 gretto, la Tempesta, il Barbiere, la Sonnambula, la
165 1900 632 1966 Figlia del Reggimento.
213 1954 1257 2014 Nous finirions par lasser nos lectrices par cette longue
172 2010 1266 2072 biographie, si nous entreprenions de raconter, une à
172 2058 1255 2130 une, les ovations dont on se plut à entourer l’émi¬
173 2115 1253 2186 nente artiste. Disons, seulement, avec quel enthou¬
172 2174 1255 2238 siasme frénétique le public écouta les célèbres varia¬
176 2226 1260 2322 tions de Rhodes, bissées chaque soir dans il Barbiere,
1278 2235 1290 2286 1
1357 311 2448 418 puis la grande scène des adieux, et l’admirable alle¬
1363 396 2443 466 gro : Ah! viva la patria, dans l'air de la Figlia del
1363 450 2443 525 Reggimento, magnifiques créations qu’elle créait à son
1360 503 2448 576 tour avec sa voix puissante, son sentiment vrai de
1363 553 2435 630 toute chose, et l’exquise distinction de son irrépro
1360 604 1644 683 chable talent.
1408 659 2245 747 Un dernier mot sur la célèbre cantatrice.
1401 703 2448 784 La société philharmonique de la ville d’Amiens
1360 771 2453 842 avait annoncé un concert au bénéfice des pauvres. On
1358 830 2448 891 vint prier madame Rossi de vouloir bien s’y faire
1360 877 2452 942 entendre. Elle accepta, mais à la condition expresse
1365 943 2078 1000 qu’il lui serait donné 1,500 francs.
1414 990 2445 1053 1,500 francs ! pour une ville de province, c’est une
1361 1049 2439 1118 grosse somme ! les indigents la compteraient en moins,
1356 1100 2442 1155 mais la cantatrice la compterait en plus. C’était réta-
1357 1159 2435 1222 blir l’ordre des choses selon le système des compen¬
1357 1214 2439 1277 sations de M. Azaïs. Les dilettanti provinciaux ne
1360 1262 2435 1330 purent rien diminuer; il fallait en passer par les
1357 1323 2439 1374 fourches caudines de la célébrité. Le concert d’Amiens
1353 1371 2448 1431 fut admirable, madame Rossi fit une ample moisson
1353 1424 2448 1485 de fleurs et de bénédictions. Puis, après les portes
1353 1477 2445 1551 closes, elle fit venir près d’elle les organisateurs du
1357 1528 2442 1590 concert, leur remit ses 1,500 francs, et leur déclara
1360 1583 2445 1651 que cette somme devait être distribuée le lendemain
1357 1639 2445 1704 même aux pauvres de la ville. De cette façon, nuls
1352 1700 2445 1761 droits prélevés, nuls frais d’aucune espèce ne devaient
1348 1748 2448 1818 amoindrir l’offrande d’un cœur vraiment artiste et
1357 1804 1761 1877 vraiment généreux.
1396 1852 2442 1914 Les dames de la ville, vivement touchées de ce
1360 1915 2442 1976 procédé, prièrent madame Sontag d’accepter un riche
1348 1970 2435 2025 bracelet, la cantatrice n’y consentit qu’après avoir
1348 2027 2442 2069 acquis la certitude que cet hommage n’enlevait pas
1342 2069 2434 2128 une obole aux indigents qu’elle était venu secourir.
1342 2124 2442 2200 Nous avons essayé de peindre la cantatrice, ces deux
1348 2175 1918 2259 traits-là peignent la femme.
1987 2229 2338 2314 MARIE LASSAVEUR.
914 2465 1683 2574 Revue Musicale.
208 2687 1253 2778 Un des événements les plus importants de ce mois-ci, pour
164 2775 1250 2842 le monde musical, est à coup sûr la représentation d’Obé-
164 2823 1257 2881 ron au Théâtre-Lyrique. Cette œuvre magistrale, due au
165 2876 1254 2926 magnifique génie de Weber, n’était connue du public pari-
165 2912 1251 2980 sien que par son ouverture, cette préface grandiose em¬
165 2973 1260 3025 preinte de la poésie fantastique qui semble être le domaine
165 3010 1247 3070 privilégié de l’illustre maestro. Obéron n’avait jamais quitte
160 3066 1258 3120 le répertoire des scènes allemandes, où l’exécution laissait
164 3098 1260 3178 beaucoup à désirer sous le rapport vocal. M. Carvalho eut
169 3153 1248 3231 la noble ambition de doter la scène française de cet ou-
169 3204 1251 3264 vrage ; tentative dangereuse, car elle devait être faite sur
164 3263 1251 3328 un théâtre plus habitué à l’exécution de la musique de
164 3304 1247 3372 genre qu’à celle des grandes oeuvres traditionnelles. Cepen-
168 3348 1255 3411 dant, les efforts de la direction, la sollicitude du chef d’or¬
168 3387 1251 3455 chestre, M. Deloffre, ont triomphé de tout obstacle et vaincu
160 3450 1253 3506 toute difficulté. Note par note, nuance par nuance, le travail
165 3497 1251 3554 est conforme au texte original ; aussi le chef-d’œuvre de
165 3536 1251 3640 Weber a-t-il soulevé l’enthousiasme des auditeurs les plus
160 3580 330 3641 difficiles.
198 3600 1247 3699 Ecoutons cette superbe ouverture où le cor magique
164 3680 1255 3758 d'Obéron se fait entendre. Quelle belle phrase de violon-
160 3746 1248 3800 celle vient colorer cette introduction ! Elle se termine par
158 3772 1251 3849 un accord fortissimo qui nous sépare brusquement du monde
160 3827 1257 3912 fantastique pour nous faire entrer dans le domaine de la
1353 2691 2432 2793 réalité. Un mélodieux chant de clarinette, un allégro vif,
1342 2776 2435 2841 mordant, original, une vigoureuse péroraison des instru-
1342 2831 2442 2897 ments à cordes, tel est le sommaire de cette belle ouverture
1342 2875 1878 2949 que le public a redemandée.
1378 2886 2412 2970 L'introduction du premier acte, le chœur des génies, ré-
1345 2971 2420 3033 pond par sa couleur au début de l’ouverture. L’air d’Obé¬
1342 3017 2435 3065 ron qui suit, prend les proportions du récitatif. La vision
1342 3065 2430 3117 de Rézia, qu’accompagne le bruit des harpes lointaines,
1342 3114 2430 3168 produit un charmant effet. Vient ensuite l’air de Huon à
1342 3153 2430 3218 l’allure vive et chevaleresque. L’andante rappelle une jolie
1342 3209 2426 3274 phase de l’ouverture, exécutée par la clarinette. Le retour
1342 3266 2431 3323 du sujet s’opère par un crescendo, pour aboutir à un coda
1345 3294 2427 3380 qui rappelle la manière italienne. Nous avons tous entendu
1342 3359 2431 3411 au Conservatoire de Paris le final admirable qui suit le
1342 3400 2419 3465 crescendo; il est inutile d’en faire un nouvel éloge. Enfin.
1338 3440 2431 3520 la marche des gardiens du harem, combinée avec les chœurs
1338 3505 2420 3576 et les vocalises de Rézia, forme un ensemble dont les ap-
1348 3535 2269 3626 plaudissements ont interrompu la dernière partie.
1378 3587 2430 3662 L’ariette de Fatime, suivie d’un quatuor qui débute en
1342 3648 2432 3695 duo, commence le deuxième acte. Vient ensuite la grande
1338 3690 2432 3741 et admirable scène de l’invocation de Puck. Le morceau de
1338 3733 2430 3794 la tempête est un chef-d’œuvre que l’on peut comparer à
1338 3780 2420 3836 l’ouverture de Guillaume Tell et à la Symphonie pastorale ;
1338 3829 2420 3902 mais la Prière de Huon, accompagnée par des altos et des
