2946 4158
1576 104 1714 187 290.
539 192 1409 267 Il s’arrêta en les contemplant tour à tour.
535 244 1601 308 « Mon ami, dit la vertueuse femme, vous paraissez
485 301 1599 363 inquiet... Ne vous alarmez point du message que Cé¬
485 356 1597 415 sar Gratien vous envoie. Quels que soient les malheurs
493 416 1596 472 qui pourraient nous frapper, nous devons nous sou¬
490 461 1596 524 mettre à la volonté de Dieu, du Dieu bon et tout puis¬
485 525 1597 581 sant qui nous a appris à le connaître, à l’aimer, et
490 571 1599 629 nous invite à souffrir par l'exemple de ce qu'il a souf¬
494 624 802 705 fert pour nous.
592 674 1600 745 Flaccille, je ne vous le cacherai pas, de som¬
493 739 1599 802 bres pressentiments assiégeaient mon âme : le triste
489 799 1586 854 sort de mon père m'a trop bien instruit de la reconnais
489 852 1599 913 sance des maîtres du monde. Mais à présent je rougis
485 909 1603 971 de mon hésitation : lisons ensemble ce que m'écrit
493 954 656 1021 César. »
529 1012 1596 1072 La lettre était amicale et pressante. Elle invitait
486 1050 1601 1135 Théodose à se rendre le plus tôt possible à Constanti¬
485 1127 1599 1185 nople, sans lui indiquer la nature des services que
490 1170 1001 1244 Gratien attendait de lui.
526 1221 1599 1292 « Je n’hésiterai pas, dit Théodose. Je sais quels
483 1277 1601 1359 dangers menacent l’empire s’il ne s‘agit que de ma
490 1340 1599 1409 vie, je suis prêt à l’exposer pour le service de mon
500 1398 1589 1473 prince. Adieu, chère retraite où j’ai trouvé le calme,
490 1452 1589 1507 et l’oubli des agitations publiques. Te reverrai-je ja¬
490 1505 1593 1562 mais?.. Et vous, Flaccille, Arcadius, vous qui êtes
490 1558 1600 1626 toute ma joie, pourrai-je encore vous presser dans
492 1608 784 1675 mes bras?.. »
539 1658 1599 1732 Il fit à la hâte quelques dispositions, confia à un
490 1723 1597 1789 ami prudent la direction de sa maison et partit avec
490 1771 877 1841 une faible escorte.
526 1830 1592 1888 A peine arrivé, il recevait le commandement d’une
485 1877 1599 1943 armée et allait combattre sur le Danube les Goths et
493 1936 1589 2005 les Sarmates confédérés. La bataille fut acharnée,
489 1997 1596 2064 mais la victoire ne resta pas longtemps indécise : les
490 2039 1593 2105 Barbares mis en dé Maute complète furent presque
499 2105 1599 2171 tous anéantis. La nouvelle d’un triomphe si rapide
494 2151 1601 2227 fut rapportée par Théodose même, et déjà les envieux
489 2202 1593 2284 disaient que cet avantage était imaginaire, quand Gra¬
503 2263 1603 2330 tien qui, de Sirmium où il résidait alors, avait fait
496 2320 1589 2388 prendre les plus sûres informations sur la bataille,
500 2380 1582 2452 appela auprès de lui son nouveau général et lui dit
500 2423 996 2491 en présence de sa cour :
539 2486 1597 2540 « Théodose, il est vrai et très-vrai que vous avez ar¬
490 2539 1600 2603 raché la patrie à un grand péril : je rends hommage
494 2579 1589 2660 devant tous à la victoire éclatante que vous avez rem¬
500 2646 1597 2706 portée avec l’aide de Dieu. Mais tout n’est pas fini, et
500 2694 1593 2771 je sais combien nous sommes menacés de toutes parts;
503 2749 1603 2811 je sais que cette barrière du Danube n'arrête plus les
503 2800 1607 2876 Barbares, et que celle du Rhin comme celle de ligre
496 2860 1582 2916 et de l’Eughrate seront bientôt franchies. Il faut leur
500 2905 1589 2979 opposer la barrière non-seulement du nombre et de
489 2949 1583 3033 la valeur des légions, mais encore et surtout de l'ex¬
493 3020 1589 3087 périence des capitaines; il faut que l’autorité soit pré¬
490 3080 1590 3139 sente partout dans sa
493 3136 1589 3187 seul empereur assisté d'un très-jeune frère ne suffit
501 3182 1589 3240 pas : j’ai résolu d’associer à l’empire, en lui confiant
490 3236 1583 3302 l'Orient, un homme dont le nom, les exploits, les ver¬
486 3293 1586 3357 tus sont des garanties sérieuses, un homme qui, en
487 3353 1583 3407 acceptant cet honneur, sache bien que c'est une œu¬
490 3403 1587 3466 vre de dévouement qu’il accepte, puisqu’u faudra
492 3453 1589 3527 qu'il regagne pied à pied sur les Barbares le terrain
490 3508 1586 3588 perdu depuis tant d'années. Vous avez deviné déja,
485 3572 1459 3639 comte Théodose, que je voulais parler de vous?
585 3614 1360 3697 De moi !... s'écria Théodose tout ému.
590 3664 1270 3747 Oui, de vous, ajouta le prince. »
528 3721 1582 3811 Et, étendant la main vers une cassette de bois pré¬
1689 182 2784 287 cieux que tenait un grand officier du palais, il y prit
1689 252 2784 352 un diadème d'une richesse et d'uné beauté incompa¬
1690 302 1837 366 rables.
1745 358 2782 458 Théodose, au lieu de présenter son front pour y
1692 411 2791 493 laisser attacher le diadème, ne put comprimer l'ex¬
1697 479 2506 538 pression de sa tristesse et de son effroi.
1732 536 2792 604 « Ah! quel fardeau voulez-vous m’imposer, sei-
1697 581 2799 656 gneur! s'écria-t-il. Quand Votre Eternité m'a rappelé
1692 641 2799 717 de l’exil, je n’ai pas hésité à accourir; mais à présent
1699 706 2803 774 que la paix est rendue à l'empire, puisse-t-il vous
1696 762 2796 823 plaire de me laisser retourner paisiblement dans ma
1693 816 2799 888 villa auprès de ma femme et de mon fils. Daignez
1684 863 2798 936 conférer à un autre que moi ce titre d’auguste, ce
1686 925 2793 993 diadème si désiré, et que seul peut-être ici je n’ambi¬
1688 968 1924 1033 tionne pas.
1798 1028 2798 1097 Théodose, dit Gratien, vous contristeriez notre
1690 1079 2802 1140 cœur en maintenant votre refus; vous paraîtriez
1684 1145 2799 1213 mettre votre intérêt au-dessus de celui de l’empire.
1695 1186 2802 1266 N’hésitez pas davantage, et devenez souverain par un
1684 1245 2590 1312 dernier acte de soumission et d’obéissance.
1775 1309 2798 1374 - J’accepte donc, dit Théodose en s’inclinant, et
1692 1356 2580 1418 puisse Dieu bénir un aussi grand sacrifice !
1784 1415 2795 1486 - A vous l'Orient, la Thrace, la moitié de l'Illyrie
1678 1469 2385 1522 avec Thessalonique pour capitale.
1732 1521 2796 1578 — Je tâcherai de rendre bon compte de ce dépôt
1690 1565 1890 1635 précieux.
1787 1636 2792 1699 En attendant, allons demander à Dieu son appui
1684 1689 2802 1749 et ses clartés. De ce moment, Théodose, vous êtes
1690 1728 2792 1798 l’arbitre du sort de la moitié de l’empire, et vous de¬
1695 1801 2802 1863 vez songer que le sang de Trajan coule dans vos
1693 1848 2802 1906 veines. Comme lui vous aurez à vaincre souvent, et
1678 1898 2281 1970 souvent aussi à pardonner.»
2210 2041 2296 2074 III
1727 2114 2800 2183 Onze ans s’écoulèrent depuis le jour où le nouvel
1685 2175 2796 2232 empereur prit possession d’une autorité à laquelle il
1690 2229 2798 2288 devait rendre son véritable éclat. Dès les premiers
1689 2277 2796 2348 jours, le philosothe païen Libanius, ami de Julien
1688 2334 2796 2401 l’Apostat, avait osé solliciter Théodose en faveur de
1685 2378 2799 2452 l'idolâtrie, le presser de venger la mort de Julien et de
1684 2447 2791 2506 rétablir sur leurs autels les dieux du i paganisme. « Le
1681 2498 2795 2564 silence des oracles est, disait-il, une marque sensible
1688 2554 2789 2608 de la colère de ces dieux, qui ne daignent plus donner
1688 2608 2789 2665 de conseils aux hommes. » Mais Théodose méprisa
1688 2662 2789 2731 cet imposteur; car il avait pour se diriger une foi
1686 2720 2782 2786 éclairée, et il possédait l’amité précieuse d’Ambroise,
1685 2766 2793 2834 le vertueux évêque de Milan. Et vainement aussi les
1684 2828 2784 2895 courtisans disaient-ils, sur le bruit d’une conspira¬
1677 2881 2792 2945 tion : « Notre premier soin est de songer à la conser¬
1690 2937 2784 2995 vation du prince. » Théodose, enclin à la clémence,
1684 2988 2786 3057 répondait : « Songez plutôt à sa réputation; l’essentiel
1686 3043 2796 3112 pour un prince n'est pas de vivre longtemps, mais de
1685 3101 2786 3160 vivre bien. » Tout dans sa conduite répondait à ces
1681 3146 2782 3201 nobles déclarations. Veiller au choix de magistrats
1671 3187 2782 3270 intègres, diminuer les impôts, établir des lois sages,
1678 3253 2778 3310 flétrir les abus du cirque, réprimer le luxe et l'inso¬
1677 3303 2785 3378 lence des comédiens, des rhéteurs, des joueurs de
1681 3359 2774 3421 lyre, des cochers de l’hippodrome, rechercher la so¬
1681 3428 2781 3483 ciété des écrivains distingués, ouvrir son palais au
1685 3480 2771 3538 pauvre et ne renvoyer personne sans un bienfait ou
1681 3526 2767 3611 une consolation, donner l’exemple de la frugalité et
1675 3577 2771 3647 de l’économie, telles étaient les règles de sa conduite.
1672 3637 2768 3725 Et comment eût-il pu s’écarter de ces principes si pur¬
1678 3692 2771 3749 et si droits quand Flaccille, son ange gardien, ne ces¬
1667 3747 2779 3822 sait de lui répéter : « Ne perdez jamais de vue ce que
