2907 4318
1298 118 1343 202 3
128 196 1278 281 verrous grincèrent, la porte fut toute grande ouverte.
164 253 1278 339 Les compagnons, accueillis par un simple : « Ah!
122 311 1285 393 ah! très-bien! » furent invités à monter le meuble et
125 366 1284 446 à le sceller dans une muraille, sans doute la plus so¬
122 422 1276 509 lide de toute la maison. Entre cette place et le mur
132 491 1275 563 opposé se trouvait une vitrine remplie d'objets pré¬
128 551 1278 629 cieux, bureaues, calices, croix incrustées de pierres fi¬
128 603 1281 680 nes, colliers, médailles, bracelets, bagues, étoffes bro¬
131 656 1284 741 dées d’or ou d‘argent, damas d”Orient, soieries d‛Italie,
129 724 1289 789 armes curieuses; c’était comme un assemblage de
131 769 1289 848 tout ce que l’imagination de l‘homme fastueux peut
129 832 1285 891 rêver de plus rare et de plus splendide. En outre, sur
134 875 1276 957 une table oblongue, à côté de balances à pescr l’or,
129 930 1281 1005 d’innombrables pièces de métal ruisselaient dans des
122 1003 1289 1073 sébiles toutes gonflées de cette pluie si généralement
122 1042 279 1114 aimée.
172 1109 1289 1185 Maître Jacob Krukker se tint constamment debout
128 1167 1291 1233 entre ces richesses et les artisans qu’il couvait de son
122 1224 1272 1297 regard subtil et méfiant. Il n’était pas seul, du reste
126 1278 1289 1349 à faire bonne garde autour de son trésor. A deux pas
129 1336 1272 1399 de lui, sa femme Nicole, assise dans un grand fau¬
141 1394 1273 1452 teuil de bois qui avait bien vu trois générations, pa¬
129 1448 1284 1513 raissait feuilleter un gros livre à enluminures; mais,
129 1513 1291 1561 en réalité, c’était aux étrangers que son attention était
141 1564 1275 1617 vouée, et jamais Argus ne remplit plus ponctuelle¬
131 1618 443 1682 ment sa tâche.
177 1666 1288 1745 L’opération étant accomplie, et maître Krukker
129 1729 1281 1792 ayant fait jouer tous les ressorts de la machine à ser¬
129 1797 1291 1855 rer les ducats, il ne restait plus aux ouvriers qu’à se
126 1851 1281 1909 retirer. De gratification, pas l’ombre. Aussi, Claude
129 1899 1284 1979 Kluyt, Pierre Ricaert et Guillaume Bawr se tournè¬
129 1957 1287 2024 rent-ils vers la porte sans rien demander. Quant à
132 2013 901 2075 Matsys, il était demeuré immobile.
186 2064 1287 2121 « Eh bien! dit le joaillier, que veut-il donc celui¬
129 2133 1105 2188 ci, et pourquoi ne suit-il pas ses camarades?
236 2188 1289 2242 Excusez-moi, monsieur, dit Quantin, j’ai une
135 2236 759 2314 communication à vous faire.
228 2279 1289 2359 -En vérité? reprit Jacob Krukker. Je ne suppose
141 2341 1284 2420 point, mon jeune ami, que vous soyez de ces gentils-
134 2400 1282 2471 hommes qui ont besoin de se munir de bijoux pour
144 2457 1289 2530 en accompagner leurs hommages, ou bien d’anticiper
135 2528 1288 2583 sur leurs revenus épuisés d’avance en fouillant à ma
135 2572 568 2650 modeste escarcelle.
266 2630 1282 2684 Vous me jugez bien, monsieur, répondit fière¬
183 2640 233 2691 —
140 2673 1284 2756 ment Matsys, je n’ai ni besoin ni envie d’emprunter;
141 2742 1284 2816 et quant à acheter des parures de prix, il faut laisser
140 2788 1289 2862 cela aux opulents bourgeois, aux bourgmestres, aux
140 2851 1007 2935 sénateurs et autres gens de haut parage.
249 2896 1289 2967 En ce cas, mon ami, obligez-moi de vouloir
140 2948 1287 3035 bien descendre. Vous me faites perdre du temps sans
140 3027 238 3101 but.
198 3050 1289 3131 — Pardon, monsieur; il faut que je vous parle
153 3120 1215 3203 ici, à l’instant même, et que nous soyons seuls. »
195 3169 1291 3258 L’avare échangea avec sa femme un regard em¬
151 3245 865 3323 preint de trouble et de méfiance.
208 3278 1281 3371 « Qu’est-ce que ceci? dit dame Nicole; ne pouvez-
158 3332 1285 3422 vous obéir, mon garçon, du moment où le maître de
151 3400 733 3472 céans vous invite à sortir ?
254 3432 1289 3531 Madame, répondit Quantin avec un ton plein de
154 3492 1079 3592 dignité, souvenez-vous de Jeanne-Marie!...
208 3540 1289 3634 — Jeanne-Marie!...» répéta Nicole avec une espèce
154 3618 708 3714 de tremblement nerveux.
205 3640 1289 3765 Et de nouveau son regard rencontra celui de son
156 3706 1282 3810 mari, comme si leurs deux consciences avaient quel¬
150 3781 826 3887 que chose à démêler ensemble.
199 3807 1304 3943 Et Nicole, ayant interrogé d’un coup d‘œil rapide et
1377 221 2492 298 scrutateur le visage pâle de Quantin, frémit et mur-
1374 285 2498 355 mura à l’oreille de son mari quelques mots en langue
1372 342 1614 419 allemande.
1422 404 2490 472 « Oui, oui, balbutia ce dernier. Il y a de la res-
1378 462 2492 535 semblance. — Allons, jeune homme, asseyez-vous
1377 529 2444 596 sur ce tabouret. Vous autres, vous pouvez partir. »
1419 579 2483 650 Il revint après avoir reconduit les artisans et ver-
1371 637 2489 709 rouillé sur eux la porte. Pendant ce temps, Nicole et
1385 704 2496 792 Quentin, livrés chacun à leurs pensées, avaient gardé
1375 749 1592 816 le silence.
1417 789 2304 903 Ce fut maitre Krukker qui rompit la glace.
1423 885 2489 958 « Voyons, dit-il, allons au fait. Qu’y a-t-il de com¬
1380 938 2479 1021 mun entre vous et... la personne que vous avez nom-
1369 987 1534 1063 mée? »
1426 1050 2490 1130 Le front du jeune homme se couvrit d’une rougeur
1371 1105 1683 1182 d’indignation.
1425 1185 2484 1249 « Ce qu’il y a de commun, monsieur !... il y a ce
1383 1230 2479 1298 qui sur la terre est le plus sacré, car c’est l’émana-
1375 1288 2487 1346 tion de Dieu, c’est le souffle de l’amour ineffable d’en
1371 1337 2498 1403 haut, c’est la source du respect, de la confiance et du
1374 1394 2492 1462 bonheur : il y a le nom de mère et le titre de fils.
1374 1448 2492 1515 Jeanne-Marie, veuve d’un batelier de l’Escaut, est
1383 1510 2489 1566 morte il y a dix ans dans la pauvreté et la douleur.
1377 1561 2489 1627 Elle s’affligeait surtout de laisser après elle un orphe-
1369 1612 2496 1691 lin ; elle me légua pour unique bien cette croix portée
1383 1669 2486 1739 par elle, et qui n’a plus quitté ma poitrine. Elle m’
1383 1733 2496 1787 vait, à son lit de mort, fait une révélation; mais je l’ai
1383 1790 2493 1852 gardée pour moi, et sans songer qu’il y avait peut être
1377 1836 2492 1897 une fortune sous ce secret enfoui au plus profond de
1380 1894 2480 1960 mon cœur, je n’ai cherché qu’à vivre par mon travail
1446 1954 1481 2021 —
1503 1954 2477 2019 Vous vous êtes fait forgeron!... dit dédaigneuse
1380 2018 1775 2088 ment dame Nicole.
1425 2059 2496 2125 — Ah! c’est vrai, ma tante... répondit Quantin, en
1381 2117 2496 2185 appuyant sur cette appellation, c’est vrai ; mais on
1374 2182 2480 2246 n’a ni le temps ni le droit de choisir quand on a faim
1377 2232 2480 2298 J’avais erré de Berghes à Malines et à Louvain : j’ar-
1374 2285 2489 2352 rivai à Anvers, où j’entrai d’abord à la Bourse. Là,
1374 2352 2489 2394 confondu dans la foule qui encombrait la grande
1380 2400 2480 2458 cour et se pressait jusque sous les galeries couvertes,
1381 2450 2489 2525 j’étudiais les physionomies avec cette crainte sagace
1380 2502 2498 2566 que donne la misère. J’en remarquai une dont la
1378 2554 2486 2631 cordialité m’attira. Je suivis maître Liederke jusqu’à
1377 2612 2482 2687 sa boutique, où je pénétrai sans hésiter. Le forgeron
1371 2673 2477 2726 sourit avec bienveillance, et me dit : « Est-ce que tu
1383 2726 2474 2782 voudrais, par hasard, manier le marteau? — Pour¬
1380 2771 2482 2839 quoi pas? répondis-je. Je n’ai plus de famille, et il
1383 2830 2490 2897 faut que je gagne le pain de la vie. » Le marché fut
1380 2884 2480 2953 conclu, et voilà comment votre neveu est devenu un
1383 2935 2483 3001 simple artisan. Mais il songeait à sa mère, et il élu¬
1377 2989 2482 3059 diait la nuit. J’ose donc croire que vous n’auriez pas
1371 3044 1708 3121 à rougir de lui.
1428 3086 2480 3152 — Je suis charmé, dit Krukker après un moment
1383 3149 2471 3220 de silence, d’apprendre que vous vous êtes si bien tiré
1374 3201 2471 3264 du chemin de traverse. Courage, mon ami, la béné¬
1375 3251 2483 3322 diction du ciel ne vous manquera pas. Mais si, en nous
1380 3307 2484 3379 rappelant tout à coup les liens de parenté qui nous
1383 3361 2479 3441 unissent, vous avez espéré trouver ici quelque bonne
1377 3428 2474 3488 aubaine, il faut vous détromper. Nous sommes livrés
1374 3472 2474 3547 au négoce, les temps sont durs, et jamais on n’a trop
1377 3520 2256 3591 d’argent pour les nécessités du commerce.
1426 3570 2477 3645 — Arrêtez! s’écria le jeune homme; vous me for¬
1380 3639 2483 3697 ceriez de vous rappeler que la dot de ma mère fut
1377 3690 2483 3759 laissée dans vos mains et que jamais elle n’en est
1380 3739 1566 3816 sortie! »
1425 3793 2484 3861 Le joaillier se dressa sur son fauteuil, et d’un geste
1350 3821 1352 3872 D
