2959 4075
1635 45 1731 135 258
850 136 1328 236 CHARLES D’ORLÉANS.
587 250 1639 329 Charles d'Orléans, petit-fils de Charles V, père de
539 319 1640 385 Louis XII et oncle de François Ier, naquit en 1391, et
542 378 1638 436 mourut en 1466. Il se vit deux fois veut dans l'espace
535 425 1635 494 de huit à neuf ans, et devint, comme chacun sait,
544 474 1543 546 prisonnier des Anglais, à la bataille d’Azincourt.
583 524 1634 597 Ce poète de sang royal termine la période allégo¬
535 590 1635 649 rique ; il en résume, mieux que personne, les qualités
539 648 1628 708 et les défauts, et l'on voit qu'il s'est promené long¬
535 705 1627 755 temps à travers ce labyrinthe de personnifications et
535 756 1621 814 de symboles qui a nom le Roman de la Rose. Il ne
538 815 1624 869 vous dira pas : « Quand j’étais jeune. » Fi donc ! Il
535 864 1628 921 vous dira : « Du temps que dame Nature me remit
529 917 1624 972 entre les mains de dame Enfance. » Et ainsi de suite,
524 960 1628 1028 Avec lui, tous les substantifs abstraits qui désignent
524 1024 1624 1093 une qualité quelconque, perdent leur article plébéien
522 1064 1389 1144 et s’affublent d’une imposante majuscule.
571 1123 1622 1194 Cependant, soyons juste : il lui arrive parfois de
521 1187 1622 1246 renoncer à cet attirail mythologique d’une nouvelle
527 1236 1616 1299 espèce, et alors sa muse devient charmante. Elle s’ex-
531 1298 1612 1360 primé dans le plus joli langage de cour qu’il soit pos¬
527 1354 1621 1426 sible d’imaginer. Charles d‘Orléans est le Dorat du
531 1402 1617 1455 moyen âge; et il a de plus que son Bival du dix-hui¬
522 1448 1617 1526 tième siècle, la naïveté, la grâce enfamine, et cette
522 1506 1622 1585 aisance d'allure, cette élégance de mouvements, —
522 1559 1616 1634 en un mot, ce je ne sais quoi qui trahit tout de suite
525 1610 906 1688 le grand seigneur.
622 1719 1341 1790 Jeune, gente, plaisante et débonnaire,
622 1772 1346 1862 Par un prier qui vaut commandement,
617 1827 1279 1885 chargé m’avez d’une ballade faire ;
624 1870 1272 1943 Si l’ai faite de cœur joyeusement;
626 1915 1272 1981 Or la veuillez recevoir doucement;
622 1961 1330 2031 Vous y verrez, s'il vous plaît, à la lire,
617 2008 1374 2074 Le mal que j’ai, combien que vraiement
610 2064 1354 2128 J’aimasse mieux de bouche vous le dire.
626 2141 1338 2248 Votre douceur m'a su si bien attraire,
626 2215 1272 2281 Que tout vôtre je suis entièrement,
624 2255 1332 2332 Très désirant de vous servir et plaire ;
622 2300 1433 2391 Mais je souffre maint douloureux tourment,
623 2360 1411 2431 Quand à mon gré je ne vous vois souvent;
616 2408 1438 2493 Et me déplaît quand me faut vous l'écrire :
610 2456 1266 2519 Car si faire se pouvait autrement,
610 2496 1367 2597 J’aimasse mieux de bouche vous le dire.
558 2615 1605 2707 En vérité, ce ne sont pas là des vers comme on
516 2666 1605 2742 avait l’habitude d’en composer, ou plutôt d‛en aligner
513 2714 1607 2806 à cette époque; ce sont des parfums qui s'exhalent,
510 2776 1605 2849 des fleurs qui s'arrondissent en bouquets. Jamais un
513 2835 1607 2912 trouvère bourgeois n'aurait pu les eueillir : elles se
513 2898 1548 2963 seraient écrasées sous sa grosse main maladroite.
561 2944 1609 3015 Écoutons à présent le noble poète chanter la riante
509 3003 1603 3066 saison du renouveau, le beau mois printanier où les
509 3061 1605 3138 rossignols courtisent les roses, où les abeilles butinent
500 3108 1607 3184 sur les haies, où la campagne est verte comme l'es¬
514 3169 1599 3252 pérance, où le ciel est bleu comme l'infini des rêves :
619 3282 1204 3343 Le temps a laissé son manteau
623 3337 1250 3417 De vent, de froidure et de pluie,
627 3385 1097 3451 Et s’est vêtu de broderie
626 3425 1198 3490 De soleil luisant, clair et beau.
630 3477 1044 3543 Il n’y a bête ni oiseau
635 3526 1297 3596 Qu'en son jargon ne chante ou crie :
623 3560 1196 3649 Le temps a laissé son manteau
622 3612 1233 3711 De vent, do froidure et de pluie.
1852 118 2402 199 Rivière, fontaine et ruisseau,
1848 188 2262 249 Portent en livrée jolie
1848 232 2420 297 Gouttes d’argent d‘orfévrerie ;
1847 283 2420 341 Chacun s'habille de nouveau...
1852 334 2430 402 Le temps a laissé son manteau
1852 381 2443 447 De vent, de froidure et de pluie.
1785 462 2810 564 Quelques pages plus loin, c’est le tour de l’hiver.
1722 524 2817 617 Il est arrangede la belle façon, dans la chansonnette
1728 580 1943 667 que voici :
1841 661 2454 755 Hiver, vous n'êtes qu'un vilain !
1844 740 2321 802 Été est plaisant et gentil,
1841 792 2366 857 En témoin de mai et d’avril
1841 837 2625 898 Qui l'accompagnent soir et main (matin).
1847 917 2436 1011 Été revêt champs, bois et fleurs
1833 980 2280 1041 De sa livrée de verdure
1836 1026 2409 1092 Et de maintes autres couleurs,
1836 1072 2365 1151 Par l’ordonnance de Nature.
1832 1151 2446 1236 Mais vous, Hiver, trop êtes plein
1830 1218 2424 1273 De neige, vent, pluie et grésil :
1840 1269 2368 1326 On vous dût bannir en exil.
1833 1319 2571 1400 Sans point flatter, je parle plain (clair) :
1825 1365 2430 1452 Hiver, vous n'êtes qu'un vilain!
1746 1459 2797 1551 La ballade suivante, malgré quelques longueurs,
1700 1544 2798 1595 est empreinte d’une distinction bien rare à cette épo¬
1709 1591 2805 1649 que. On sent, rien qu'à la lire, qu'elle devait être dé¬
1700 1639 2804 1709 bitée par un haut et puissant personnage, vêtu de
1700 1690 2106 1760 soie et de velours :
1825 1770 2556 1871 Tant bien lui sied, à la noble princesse,
1827 1851 2497 1917 Chanter, danser et tout ébattement,
1826 1882 2541 1952 Qu'on la nomme de ce faire maîtresse.
1827 1946 2399 2005 Elle fait tout si gracieusement,
1825 1990 2549 2054 Que nul n'y sait trouver amendement:
1818 2046 2442 2105 L'école peut tenir de courtoisie;
1827 2087 2570 2149 En la voyant, apprend qui est sachant,
1830 2141 2530 2201 Et en ses faits qui va garde prenant :
1825 2181 2603 2266 De ces grands biens est ma dame garnie.
1819 2255 2585 2342 Bonté, Honneur, avecque Gentillesse (1),
1822 2325 2599 2398 Tiennent son cœur en leur gouvernement,
1820 2368 2512 2436 Et Loyauté nuit et jour ne la laisse;
1818 2419 2461 2476 nature mit tout son entendement
1819 2475 2417 2538 A la former et faire noblement ;
1819 2519 2596 2575 De point en point c’est la plus accomplie
1826 2566 2546 2629 Qui aujourd’hui soit au monde vivant.
1819 2617 2549 2665 Je ne dis rien que tous ne vont disant :
1827 2663 2585 2729 De ces grands biens est ma dame garnie.
1816 2718 2621 2806 Elle semble... mieux que femme... déesse!
1814 2795 2509 2859 Si crois que Dieu l’envoya seulement
1814 2846 2536 2907 En ce monde, pour montrer la largesse
1814 2897 2524 2951 De ses hauts dons qu'il a entièrement
1822 2952 2364 3024 En elle mis abandonnéement.
1816 3044 2782 3112 Elle n’a pair (sa pareille) ; plus ne sais que j’en die,
1814 3098 2504 3168 Pour fol me tiens de l'aller devisant,
1819 3147 2509 3215 Car moi, ni nul, n’est à ce suffisant :
1819 3190 2589 3278 De ces grands biens est ma dame garnie.
1811 3259 2529 3365 S’il est aucun qui soit pris de tristesse,
1820 3341 2577 3417 Qu’il aille voir son doux maintenement ;
1816 3391 2537 3461 Je me fais fort que le mal qui le blesse
1814 3438 2490 3508 Le laissera pour lors soudainement,
1811 3492 2435 3567 Et en oubli sera mis pleinement.
1730 3642 2549 3730 (1) Encore des personnifications abstraites!
