2939 4158
1574 63 1712 149 336
493 149 1583 221 que j’étais moi-même un peu souffrante. Le panse¬
493 214 1590 269 ment fut bien simple; je lavai la plaie avec un peu de
487 259 1589 327 vin chaud, et j'appliquai dessus une toile dont l’expé¬
484 314 1590 384 rience m'a fait reconnaître l’efficacité, le malade se
481 380 1585 445 trouva soulagé. Ces bonnes gens ne savaient que faire
490 436 1586 494 pour nous témoigner leur gratitude; sœur Benjamin
481 481 1581 533 surtout leur agréait au point que les Arabes du douar
476 542 1582 605 se réunirent pour la supplier de venir habiter parmi
481 590 1581 650 eux, lui offrant, pour l’y déterminer, tout ce qu’ils
476 636 1579 708 avaient de plus précieux dans leur pauvre demeure.
524 700 1578 764 Je jetai un coup d'œilsur sœur Benjamin, qui rac¬
479 756 1578 821 commodait les draps de l’hôpital à l‘autre bout de la
476 805 1347 883 chambre : elle était jolie comme un ange.
518 856 1575 930 « Il me semble que cet enthousiasme a dû vous
476 915 822 981 effrayer un peu.
571 966 1571 1042 Oh ! dit la sœur, nous n’avons rien à craindre,
462 1012 1578 1096 Dieu est avec nous, l’habit que nous portons nous sert
466 1085 1578 1147 de sauvegarde ; les Arabes savent que nous sommes
462 1132 1567 1216 consacrées au Seigneur, et ils nous respectent à cause
456 1185 635 1257 de cela.
566 1251 1571 1309 Mon Dieu que ces mœurs sont curieuses pour
457 1309 1562 1381 nous autres étrangers, et que je voudrais pouvoir
459 1357 1106 1417 aussi pénétrer chez les Arabes.
571 1417 1565 1485 Rien n’est plus facile, madame, vous imez voir
466 1465 1561 1536 les dames mauresques autant que vous le voudrez,
457 1524 1569 1581 bien certaine de leur faire plaisir; et, s’il vous était
463 1572 1564 1634 agréable de m’accompagner quelques fois chez mes
460 1637 1568 1693 pauvres malades, ce serait une bonne œuvre dont
457 1682 1564 1752 Dieu nous tiendrait compte. Je pars tous les jours de
452 1737 1118 1803 l’hôpital à une heure précise. »
502 1788 1565 1862 Je remerciai la sœur en prenant congé d’elle, et
455 1838 1560 1907 dès que les soins de notre installation m’eurent laissé
453 1903 1562 1978 un peu de répit, c’est-à-dire environ un mois après
450 1956 1557 2020 mon arrivée, je songeai à profiter de son offre obli¬
446 2001 612 2080 geante.
953 2059 1043 2177 111
450 2182 1558 2253 Des visites que fit l’auteur en compagnie de sœur
487 2239 1551 2310 Constance, visites qui ne lui firent point commettre
491 2286 843 2353 le péché d’envie.
1685 167 2794 238 veau, quelques poules, deux chèvres et une vingtaine
1682 213 2794 291 de bambins prenaient leurs ébats. Sept à huit fem¬
1675 277 2792 345 mes, à demi vêtues, se tenaient accroupies à l’ombre
1678 324 2788 397 de la galerie du premier étage, une autre faisait cuire
1678 388 2790 450 une galette de farine d’orge sur un réchaud, au milieu
1674 426 2790 511 de la cour; les poules gloussaient, les enfants criaient,
1668 480 2790 567 le veau mugissait, les femmes se disputaient ; c’était
1669 553 2788 611 un tintamarre à étourdir un sourd; mais, dès que la
1666 605 2787 664 sœur se fut montrée au seuil de la porte, tout ce
1669 652 2788 730 bruit cessa comme par enchantement, un seul mot se
1666 709 2780 773 fit entendre : el mma, (la mère) et femmes et enfants
1665 770 2217 826 nous entourèrent aussitôt.
1712 830 2773 894 « Eh bien, eh bien; comment allez-vous aujour¬
1665 874 2777 949 d’hui? dit la religieuse avec bonté, en écartant-dou¬
1657 936 2783 999 cement toutes ces femmes qui se pressaient autour
1657 987 2781 1049 d’elle, baisaient le bas de sa robe ou la tiraient par
1651 1029 2780 1115 la manche. Où est Larbi? que je regarde ses yeux. »
1697 1101 2769 1172 La mère de Larbi prit dans ses bras ce petit être
1657 1153 2560 1212 maigre et pâle, et le présentant à la sœur :
1700 1203 2307 1268 « Vois, dit-elle, il va mieux.
1700 1268 2778 1333 —Beaucoup mieux,» répondit celle-ci, et, tirant une
1651 1315 2780 1381 fiole du panier de Samuel, qui remplissait à merveille
1650 1367 2776 1447 ses fonctions d'interprète, elle en versa quelques gout¬
1655 1422 2777 1507 tes dans les yeux de l’enfant, le baisa au front et le
1654 1476 2006 1545 remit à sa mère.
1702 1533 2224 1600 Puis elle appela Achmet.
1697 1598 2773 1661 « Me voici, » dit un marmot de sept à huit ans, en
1652 1641 2774 1723 tendant à la sœur son petit bras décharné entouré
1651 1695 2767 1766 d’une bande. La religieuse pansa adroitement une
1644 1761 2763 1828 plaie; pendant ce temps une autre femme montrait à
1645 1817 2769 1878 son tour une petite fille, toute couverte d'une espèce
1645 1861 2187 1932 de lèpre qui la défigurait.
1688 1931 2756 1999 « Pourquoi n’as-tu pas lavé ton enfant, Fatma?
1645 1978 2771 2042 dit la sœur, je t'ai déjà dit que la saleté augmentait
1645 2038 2560 2092 son mal, s'il n'en était pas la seule cause. »
1693 2086 2759 2169 Et prenant une éponge, elle lava elle-même la
1647 2138 2481 2204 petite fille qui se laissa faire sans crier.
1693 2201 2763 2263 « Maintenant à toi, Houlou, comment se trouve ton
1647 2244 1900 2313 vieux mari?
1690 2301 2763 2376 — Toujours plus mal, c'en est fait de lui, répondit
1633 2359 2608 2422 la jeune femme avec une insouciance parfaite.
1690 2418 2359 2487 — Allons le voir, dit la sœur. »
1692 2470 2757 2545 Nous montâmes l’escalier, composé d’énormes blocs
1636 2528 2749 2588 de pierre inégaux, et nous entrâmes dans une cham¬
1640 2579 2753 2650 bre dont la puanteur était telle qu'elle me força d'a¬
1637 2635 2754 2705 bord à reculer. Un vieillard y gisait, étendu sur une
1640 2698 2752 2759 natte, dans un état d’abandon et de misère difficile à
1633 2749 2759 2816 imaginer. Sœur Constance s’agenouilla près de lui,
1648 2807 2752 2874 pansa ses plaies, tâta son pouls, lui fit avaler une po¬
1637 2860 2759 2928 tion, commanda à Houlou de parfumer la chambre
1633 2911 2752 2977 avec du vinaigre, et de laisser la porte ouverte pour
1631 2974 2750 3044 aérer autant que possible cette pièce malsaine; puis
1633 3025 2759 3089 elle gronda tout bas la jeune femme sur sa négligence
1633 3073 2752 3142 à soigner ce vieillard, lui recommandant de se mieux
1637 3133 2752 3199 conduire a l’avenir, et redescendit l‘escalier. Alors
1636 3180 2750 3267 les femmes arabes recommencèrent à nous entourer,
1636 3247 2752 3325 questionnant toutes à la fois, les unes pour savoir
1638 3303 2750 3374 pourquoi mon coutume était différent de celui de la
1626 3355 2745 3433 sœur, les autres demandant si j’étais sa fille. Je tirai
1624 3423 2745 3495 ma bourse pour distribuer quelque chose à ces pau¬
1626 3465 2743 3540 vres créatures qui me tiraillaient dans tous les sens,
1630 3523 2735 3595 examinant l'une le tissu de ma robe, l'autre les fleurs
1621 3585 2738 3640 de mon chapeau, mais sœur Constance m'arrêta d'un
1609 3629 1785 3700 regard.
1668 3699 2739 3765 « L'argent que vous leur donneriez serait de suite
1620 3745 2733 3851 dissipé en folles dépenses, me dit-elle, il vaut beau¬
490 2396 1548 2473 Je me rendis à l’hôpital un peu avant l‘heure indi¬
452 2441 1554 2528 quée; sœur Constance était encore à la salle des pan¬
448 2498 1554 2576 sements, le nombre des blessés, des infirmes de toute
448 2560 1554 2628 sorte qui s’y rendaient tous les jours ayant été plus
448 2615 1560 2687 considérable que de coutume. La bonne religieuse ne
443 2666 1552 2752 sortit de cette salle que pour dîner à la hâte; puis,
443 2719 1554 2794 m’ayant aperçue au parloir, elle me salua avec sa
453 2764 1552 2861 bienveillance accoutumée, me demandant pardon de
442 2836 1551 2897 m'avoir fait attendre, et, chargeant Samuel d'un gros
452 2888 1548 2975 panier qui contenait du linge et des médicaments,
446 2936 1073 3008 elle se mit en route avec moi.
450 2995 1555 3077 jeuNous longeâmes la rue d'Aumale, puis, tournant à
738 3054 837 3092 eod
455 3058 1544 3130 Arabe à peine ou voûte sombre et prolongée, nous
459 3113 1545 3182 pieds nus, dans la boue, udes Juifs, et de là au quar¬
455 3173 1540 3257 uns de ces malheureux bourr. de rues sales et tor¬
1115 3227 1540 3301 ignent; puant laby¬
1164 3275 1476 3353 er sans guide.
1179 3337 1541 3406 me dit la sœur,
1197 3398 1550 3472 Cour passer par
1274 3447 1543 3519 ans eût été
1234 3553 1534 3631 dans un es¬
1316 3623 1527 3695 après une
1351 3678 1522 3752 ne mé¬
1374 3736 1527 3820 elle un
487 3332 1179 3400 (1) Le pont d’Aumale a été construit
441 3429 760 3500 de Philippeville).
438 3371 1197 3471 le Rummel, au pied de la montagne de
438 3533 1234 3614 cove plus ou moins grande dont le sol est
498 3478 1274 3550 (2) Ici le mot marabout (gaubba) signifie
438 3578 1268 3661 dessus du niveau du reste de la pièce. On
439 3626 1112 3702 presque toutes les chambres arabes.
