2907 4318
1363 189 1431 280 7
277 283 1346 358 En achevant cette mercuriale, maître Krukker lâcha
240 356 1350 410 le collet du manteau. Quant au jeune homme, il ne
237 413 1350 475 s’amusa pas à faire une réponse inutile, à se donner
240 457 1343 521 une justification qui eût compromis son secret ; il se
237 518 1346 584 contenta de saluer très-poliment l’avare et reprit sa
237 579 1349 632 course. En quelques bonds il fut arrivé chez Van
237 629 348 701 Hoëf.
288 675 1099 750 A sa vue, Simonne recula de surprise.
284 753 1356 801 «Voulez-vous, dit le jeune homme, me permettre
243 794 1087 862 d’attendre votre maitre dans son atelier?
344 851 810 920 Mais...... je ne sais......
294 912 1354 966 — Je vous en supplie. J’ai besoin de causer avec
237 959 348 1031 lui.»
284 1022 884 1077 La servante s’inclina et dit :
290 1074 718 1135 «Venez, monsieur. »
290 1119 1353 1189 Gertrude avait entendu et reconnu la voix de
258 1185 431 1264 Quentin.
290 1232 1357 1289 « Vous! s’écria-t-elle, au moment où il arrivait au
251 1299 392 1375 palier.
356 1331 1359 1411 Mademoiselle, dit-il d’un ton de vivacité mêlée
254 1404 1360 1465 de respect, ne vous étonnez point de ma visite. Il y a
258 1454 1361 1519 un an passé, votre père m’annonça qu’il ne prendrait
258 1505 1360 1580 pour gendre qu’un peintre. Je me retirai en empor¬
254 1557 1359 1630 tant la determination de me transformer, de faire un
251 1623 1354 1679 artiste de l’humble artisan. J’ai rejeté ce marteau
254 1673 1357 1734 trop lourd désormais pour ma main; j’ai demanndé au
254 1727 1368 1785 travail opiniâtre de réparer la lacune des années; en
258 1783 1367 1845 un mot j’ai accepté courageusement une lutte où
258 1831 1367 1905 beaucoup d’autres peut-être se fussent arrêtés. Je
254 1889 1354 1952 crois avoir réussi puisque, aujourd’hui, à cette heure
254 1955 1357 2017 même, toute la ville d’Anvers applaudit à mon tableau
254 2010 786 2082 du Christ au tombeau!....
302 2045 1365 2125 « Quoi! murmura Gertrude avec autant de joie
261 2122 991 2190 que de stupéfaction, cette oeuvre...
315 2167 1357 2261 —Est de moi. Permettez que j’achève, mademoi¬
263 2243 1368 2312 selle: grâce à vous, je suis devenu artiste ; j’ose croire
263 2297 1364 2357 que j’ai acquis quelque talent... Me refuseriez-vous
263 2346 1359 2422 le plus grand bonheur auquel j’aspire en ce monde?»
305 2402 1109 2486 La jeune fille se taisait. Matsys insista.
302 2473 1367 2542 « Je n’ai pas, dit-elle alors, d’autre volonté que
261 2533 650 2599 celle de mon père.
369 2567 1368 2652 Ah! je n’aurai donc que lui à fléchir! s’écria le
265 2642 1217 2720 jeune peintre. Eh bien! le ciel m’inspire!.... »
305 2705 1372 2753 Et s’emparant de la palette et des pinceaux de Van
263 2752 1364 2822 Hoëf, il exécuta avec une merveilleuse précision une
266 2804 1367 2882 grosse mouche sur le bras d’une Madone que le
263 2863 883 2928 maître avait presque achevée.
302 2906 1354 2983 A peine avait-il fini, qu’on entendit plusieurs per¬
261 2972 754 3037 sonnes gravir l’escalier.
319 3008 1365 3094 Quentin se jeta derrière un grand rideau de toile
272 3089 1206 3138 verte qui abritait des esquisses et des plâtres.
308 3134 1367 3199 C’était bien Van Hoëf. Il amenait deux personnages
272 3187 1360 3241 auxquels il paraissait témoigner beaucoup de considé¬
266 3237 1364 3297 ration. A la suite de la compagnie venait maître
272 3292 1367 3355 Krukker qui écoutait curieusement le discours de ces
270 3345 481 3413 étrangers.
326 3398 1372 3452 « C’est un grand honneur pour moi, dit M. Van
276 3439 1360 3510 Hoëf, que de recevoir dans mon humble logis la visite
272 3509 1352 3559 de l’illustre Erasme et du célèbre Albert Durer. Je se¬
272 3560 1278 3615 rais ravi d’avoir votre jugement sur ma Vierge. »
323 3628 1363 3692 Albert Durer répondit d’un ton de bonhomie par¬
272 3671 403 3747 faite:
320 3726 1367 3787 « L’échantillon que nous venons de voir à la cathé-
272 3775 1359 3859 drale me donne la plus haute idée des peintres d’An¬
280 3844 381 3918 vers.
1489 268 2541 341 — Il est vrai, dit Van Hoëf, que c’est un morceau
1438 327 2534 419 distingué, et je serais curieux de connaître le con¬
1432 394 2308 451 frère qui l’a exécuté... Mais voici ma toile.
1503 444 2529 513 — Sublime!» s’écria Krukker qui ne négligeait au¬
1438 517 2262 568 cune occasion de flatter un riche client.
1479 556 2542 632 Apercevant la mouche posée sans façon sur le bras
1438 615 2545 674 de sa Madone, Van Hoëf voulut la chasser. L’insecte
1438 679 2542 735 ne bougea pas. Van Hoëf souffla de nouveau pour
1443 719 2538 782 écarter l’animal importun; mais n’y ayant point réussi.
1438 778 2549 847 il se pencha et reconnut que la mouche était peinte. Il
1438 833 2219 887 se retourna vivement vers Gertrude...
1494 862 2297 943 « Qu’est-ce que cela ?» dit-il vivement.
1492 941 2221 1015 La jeune fille répondit avec calme :
1494 999 2547 1052 « Mon père, trouvez-vous que celui qui a peint
1443 1047 1963 1121 cette mouche soit habile?
1550 1115 2547 1163 Comment donc!... mais certainement, puisque
1440 1142 1816 1237 j’y ai été trompé.
1526 1214 2541 1273 — Eh bien, mon père, c’est l’artiste qui a fait le ta¬
1440 1271 2549 1345 bleau que vous admiriez tout à l’heure à Notre-Dame.
1543 1322 1871 1397 Est-il possible?
1492 1374 2447 1450 — Et cet artiste se nomme Quantin Matsys. »
1490 1432 2562 1501 Au cri poussé par Van Hoëf, le jeune homme sortit
1443 1483 2430 1547 de sa cachette. Il se jeta aux pieds du vieillard.
1492 1537 2562 1615 « Maître, dit-il d’une voix supplianfe, veuillez vous
1443 1605 2556 1662 rappeler vos paroles et reconnaître que je me suis
1443 1662 2551 1720 efforcé de devenir le peintre rêvé par vous pour votre
1453 1711 2555 1780 gendre. J’ai rempli la tâche et j’implore la récom¬
1453 1772 1587 1837 pense.
1554 1809 2448 1880 J’ai bien envie de résister...» dit Van Hoëf.
1492 1866 2552 1928 Mais Érasme et Albert Durer, charmés de l’inci¬
1453 1927 2556 1991 dent, plaidèrent la cause de l’ex-forgeron, et le con¬
1442 1978 1923 2053 sentement fut accordé.
1499 2029 2547 2095 « Ami, ajouta Albert Durer, crois en ma prédic-
1443 2103 2300 2153 tion, tu as le bonheur, tu auras la gloire.
1536 2138 2553 2206 — J’accepte votre prophétie, dit modestement
1456 2190 2553 2268 Quentin; mais dès à présent je possède un bien qui
1458 2260 2555 2314 vaut mieux que la gloire : c’est le bonheur, et il me
1450 2314 1622 2382 suffit. »
1500 2350 2551 2419 Cependant maître Krukker, qui d’abord avait gardé
1456 2419 2553 2483 un silence prudent, lâcha la bride à son enthousiasme
1453 2465 2562 2537 lorsqu’il vit que le jeune homme avait atteint le but
1450 2531 2379 2591 et qu’il n’aurait jamais besoin de ses florins.
1497 2563 2545 2638 « Quantin! s’écria-t-il, mon cher Quentin, em¬
1453 2630 2556 2700 brasse-moi. Messieurs, j’ai la satisfaction d’être
1453 2685 2555 2750 l’oncle de cet artiste qui illustrera sa famille. Ah!
1461 2743 2552 2810 que le ciel soit loué!... Je puis me reposer en paix,
1453 2786 2553 2870 j’ai marié mon neveu ! Cependant, mon ami, tu aurais
1456 2854 2552 2910 tort de compter sur un riche cadeau de noces... Les
1458 2899 2538 2972 temps sont durs et nous imposent une stricte éco¬
1450 2971 1598 3029 nomie.
1558 3010 2556 3075 Soyez tranquille, mon oncle, répondit Quantin en
1499 3037 1542 3076 —
1456 3059 2494 3134 souriant; c’est moi qui veux vous faire un cadeau.
1568 3123 1820 3195 Ah! bah!...
1505 3159 2555 3234 — Oui, votre portrait et celui de ma tante. Je vous
1454 3222 2128 3294 ai réunis sur la même toile... (1)
1550 3284 2548 3344 — Et tu nous donnerais cette précieuse peinture!...
1500 3308 1540 3342 —
1505 3345 1865 3412 — Avec le cadre.
1497 3387 2551 3474 — Généreux garçon!... décidément tu seras un
1458 3449 1802 3527 grand homme! »
1966 3477 2390 3553 ALFRED DES ESSARTS.
1500 3703 2555 3776 (1) La gravure de ce tableau, intitulé : Le Banquier et sa
1462 3765 2552 3861 femme, et que possède le Musée du Louvre, accompagne ce
1461 3833 1619 3891 numéro.
