2897 4318
1261 234 1360 338 265
210 344 1267 416 qu’elle courait et que sa mère n’avait pu la suivre, la
225 401 1267 473 jeune fille se trouva bientôt devant la portière d’où
207 463 1265 518 s’élançaient quelques voyageurs. Une seule femme des¬
207 523 1272 566 cendit, et c'était une de ces grosses mères dont les
213 564 1275 627 proportions effrayantes font pousser à leurs voisins
207 615 1276 697 de diligence de sourds gémissements et d’inutiles
210 671 380 740 soupirs.
253 696 1264 777 « Il y a encore quelqu’un dans l’intérieur, dit Lau¬
209 773 1265 835 rence en poussant le vieux Maugan devant elle. Peut-
207 823 1269 881 être Agathe est-elle endormie dans ce coin. Vois,
207 871 1264 936 Maugan, avance la tête, et appelle doucement made¬
210 936 618 992 moiselle Brémont. »
249 955 1265 1038 Le vieux cocher grimpa sur le marche-pied, et se
213 1031 1265 1109 penchant vers ce quelque chose de couleur blanche
207 1087 662 1156 entrevu dans l’ombre :
254 1122 1136 1192 « N'êtes-vous pas mademoiselle Brémont? »
254 1190 1051 1249 Un grognement formidable lui répondit.
247 1251 1257 1301 « Qui êtes-vous pour réveiller ainsi les gens par de
207 1297 1176 1351 sottes questions ? Qui êtes-vous? qui êtet-vous ? »
246 1338 1263 1407 Maugan avait reculé. Une face joufflue et rubiconde,
210 1396 1263 1457 vaguement éclairée par la lanterne d'un garçon d'é¬
213 1449 1263 1505 curie, se montra brusquement à la portière. L’homme
213 1498 1261 1557 ainsi dérangé dans son sommeil était coiffé du casque
205 1553 1233 1608 à mèche si anticipathique au célèbre Jérôme Paturot.
245 1594 1263 1664 Informations prises, mademoiselle Brémont n’était
202 1657 639 1723 pas dans la diligence.
241 1712 1257 1776 « Elle n’aura pu trouver de place, disait son amie :
199 1760 674 1830 ce sera pour demain. »
242 1800 1264 1870 Madame de Kersaliou ne répliqua rien. L’air était
202 1870 1260 1930 vif; elle souffrait aussi d’une veille prolongée, si peu
205 1923 1257 1985 en rapport avec les habitudes bretonnes. Pourtant,
207 1973 1263 2033 pouvait-elle refuser à sa fille de l’accompagner encore
210 2018 1259 2081 la nuit suivante ? Elle se résigna, et dormit une
210 2076 1263 2139 grande partie de la matinée pour se préparer à la
202 2136 970 2180 nouvelle course projetée pour la nuit.
250 2169 1263 2252 Si, la veille, le claquement du fouet et le bruit
207 2226 1257 2302 des roues avaient fait battre le cœur de Laurence,
202 2283 1263 2345 l’émotion et l’anxiété redoublèrent cette fois. Le
202 2334 1255 2391 résultat fut le même : un mécompte après une at¬
207 2395 1253 2445 tente pénible. Laurence ne savait qu'imaginer pour
210 2441 1252 2501 expliquer ce retard; un malheur imprévu avait frap¬
211 2494 1255 2549 pé son amie, elle était malade, mourante peut-être!
254 2543 1267 2603 La journée du lendemain fut triste. Madame de
207 2592 1260 2655 Kersaliou, fatiguée et mécontente, avait déclaré qu’il
206 2638 1257 2712 fallait renoncer maintenant à ces promenades noc¬
209 2696 1253 2773 turnes. La pluie tombait à torrents, le vent était gla¬
207 2751 1260 2807 cial, et Laurence s'était vainement efforcée d'obtenir
210 2794 1253 2865 l’autorisation de retourner une troisième et dernière
206 2850 1263 2914 fois à Saint-Jouan, escortée de Maugan et d’une vieille
211 2902 605 2960 femme de confiance.
254 2953 1257 3019 « Non, non, avait répondu la dame du manoir; la
207 3011 1257 3070 santé de ma fille ne m'est pas moins précieuse que la
213 3056 1253 3124 mienne. Je défends absolument qu'on sorte cette
215 3098 354 3156 nuit. »
253 3154 1259 3242 Depuis la veille, l’imagination de la jeune fille était
222 3211 1253 3285 vivement surexitée, et passait alternativement de
206 3264 1253 3334 l'idée d'une catastrophe à la presque certitude, aussi
211 3302 1260 3400 très-douloureuse, que la première diligence amènerait
214 3354 1259 3435 Agathe sans que personne se trouvât à Saint-Jouan
218 3417 1251 3495 pour elle. Laurence se demandait avec amertume
210 3476 1253 3535 comment serait interprétée son absence. Donner prise
209 3519 1247 3587 à l'accusation de froideur et d’ingratitude, lui parais¬
202 3575 1253 3643 sait un affreux malheur, et elle eût fait beaucoup pour
207 3623 1247 3710 l'éviter. Obsédée par ces pensées; égarée par cel en¬
209 3678 1252 3754 traînement irréfféchi qui, pour éviter l’apathie et
209 3717 1253 3808 l'égoïsme, nous pousse quelquefois à des actions im¬
1355 332 2414 435 prudentes, l’amie d’Agathe, à mesure que la nuit
1340 415 2413 495 avançait, se sentait moins disposée à se soumettre à
1342 456 1808 534 la volonté maternelle :
1390 498 2413 587 « Je suis forte, disait-elle ; ma santé n’a rien à
1348 558 2412 637 craindre d'une soirée pluvieuse et un peu froide, et
1342 618 2412 687 c'est bien à tort que ma bonne mère s'alarme d'un
1351 670 2413 741 danger qui n’existe pas. Ne puis-je lui épargner des
1342 725 2402 786 inquiétudes et, néanmoins, remplir un devoir d’ami¬
1342 781 2371 832 tié? Si j'allais en secret cette nuit à Saint-Jouan? »
1392 837 2408 889 Cette pensée, écartée d'abord comme une tentation
1344 896 2418 942 mauvaise, devint si pressante, s’empara si bien de
1347 935 2412 995 l’esprit de la jeune fille, que celle-ci ne résista plus et
1342 995 2412 1049 se décida, malgré les marmures de sa conscience, à
1342 1050 2406 1109 rendre complice de sa désobéissance un vieux et fi¬
1340 1083 2413 1174 dèle serviteur. Elle confia son projet à Maugan et
1342 1146 2412 1221 trouva des raisons spécieuses pour justifier ce qu'elle
1354 1206 2418 1277 voulait faire. Prendre la voiture à l'insu de la dame
1352 1240 2409 1332 du manoir était impossible; mais combien de fois
1343 1312 2403 1367 mademoiselle de Kersaliou, chaussée de lourds sa¬
1351 1352 2412 1424 bots, n’avait-elle pas bravé la pluie et la boue des
1350 1403 2414 1481 chemins pour aller soigner un malade ou porter des
1340 1458 2412 1539 secours à quelque pauvre famille? Il fut convenu
1351 1521 2412 1585 qu’à onze heures le jardinier serait prêt à suivre sa
1355 1561 2414 1640 jeune maîtresse. Pour plus de sûreté, un des chiens
1351 1616 2412 1687 de garde devait être aussi du voyage. Ce plan bien
1342 1665 2236 1727 arrêté, Laurence rejoignit sa mère au Salon.
1386 1724 2399 1792 Le front ordinairement si calme de l’amie d’A¬
1351 1786 2401 1836 gathe était couvert de rougeur; son trouble étai vi¬
1343 1831 2409 1905 sible, mais au lieu d'en soupçonner la véritable
1350 1875 2406 1953 cause, madame de Kersaliou l’attribuait au chagrin
1344 1935 2395 2010 qu’éprouvait sa fille de ne pouvoir se rendre à Saint-
1342 1986 2398 2065 Jouan comme elle en avait le désir. La mère se re¬
1340 2032 2399 2112 tira de bonne heure. Lorsqu’elle eut quitté le saion,
1351 2091 2397 2172 Laurence prit son bougeoir, et rentra aussi dans sa
1344 2136 1537 2199 chambre.
1383 2163 2394 2263 Il pleuvait toujours, et le vent redoublait de vio¬
1344 2235 2401 2310 lence. Laurence s’assit près de la fenêtre, et mit sa
1344 2288 2397 2354 tête entre ses mains. Elle tremblait... non que sa
1344 2350 2402 2420 course nocturne lui inspirât la moindre terreur, mais
1344 2402 2399 2461 elle frémissait à l’idée qu’elle venait de trom er sa
1336 2457 2398 2525 mère pour la première fois. Ses réflexions étaient
1336 2512 2398 2579 d’une nature si poignante qu’elle voulut leur échap¬
1350 2549 2402 2613 per en essayant de lire. Elle prit, dans la chambre
1342 2609 2389 2680 voisine de la sienne, sur la tablette dont il a été ques¬
1344 2656 2397 2722 tion, l’admirable livre de Silvio. En ouvrant le vo¬
1343 2702 2401 2787 lume au hasard, ses yeux s'arrêtèrent d'abord à ce
1348 2762 1530 2842 passage :
1378 2836 2397 2908 » Notre père et notre mère sont naturellement nos
1339 2896 2394 2949 » premiers amis; ce sont, de tous les hommes, ceux
1342 2930 1939 3008 » à qui nous devons le plus. »
1376 2987 1648 3067 Et plus loin :
1378 3040 2390 3122 » Ces têtes blanches qui sont là devant nous, qui
1339 3118 2387 3169 » sait si bientôt elles ne dormiront pas dans la tombe?
1329 3163 2387 3231 » Ah ! tandis que nous avons le bonheur de les voir,
1329 3225 2385 3272 » honorons-les, et cherchons-leur des consolations à
1332 3269 2387 3341 » ces maux de la vieillesse dont le nombre est si
1332 3326 1572 3396 » grand ! »
1379 3391 2378 3448 Laurence ferma le volume, et parcourut sa cham¬
1329 3432 2184 3496 bre dans une indécision pleine d’angoisses.
1375 3491 2383 3552 » Non, murmura-t-elle enfin, je n’ai pas à discu¬
1329 3544 2385 3609 ter la cause qui a dicté l’ordre de ma mère ; que
1336 3606 2385 3665 cette cause soit ou ne soit pas une crainte exagérée
1343 3653 2373 3721 pour ma santé, l’ordre existe et je dois m’y soumet¬
1336 3708 2375 3762 tre, sous peine de me condamner moi-même à d'a¬
1336 3757 2386 3804 mers et longsdapentirs. Ma mère est bien réellement
