<?xml version="1.0" encoding="UTF-8" standalone="yes"?><PcGts xmlns="http://schema.primaresearch.org/PAGE/gts/pagecontent/2013-07-15"><Metadata><Creator>prov=READ-COOP:name=TrHtr:version=2.44.0:model_id=51170:date=15_06_2026_19:41</Creator><Created>2026-06-09T10:09:25.285335</Created><LastChange>2026-06-20T13:26:28.062+02:00</LastChange><TranskribusMetadata docId="14756063" pageId="115166694" pageNr="408" userId="187713" imgUrl="https://files.transkribus.eu/Get?fileType=view&amp;id=RONJXPPHWUYMCAFMNJPDJXFY" imageId="97254502"/></Metadata><Page imageFilename="20144531_408.jpg" imageWidth="2939" imageHeight="4158"><TextRegion id="tr_1780992610" custom="readingOrder {index:0;} structure {type:page-number;score:0.99;}"><Coords points="1527,80 1656,80 1656,158 1527,158"/><TextLine id="tr_1780992610_tl_1" custom="readingOrder {index:0;}"><Coords points="1532,147 1561,157 1572,169 1582,161 1595,169 1613,160 1627,166 1641,154 1654,156 1657,75 1650,75 1633,92 1623,82 1615,89 1603,82 1590,91 1569,78 1534,72"/><Baseline points="1540,137 1570,137 1614,137 1659,134"/><TextEquiv><Unicode>378</Unicode></TextEquiv></TextLine><TextEquiv><Unicode></Unicode></TextEquiv></TextRegion><TextRegion id="tr_1780992608" custom="readingOrder {index:1;} structure {type:paragraph;score:0.99;}"><Coords points="395,160 1547,160 1556,1335 390,1346"/><TextLine id="tr_1780992608_tl_1" custom="readingOrder {index:0;}"><Coords points="425,238 1542,235 1542,178 1293,197 1061,152 882,194 425,177"/><Baseline points="432,211 477,217 522,217 567,217 611,217 656,217 701,217 746,214 791,217 835,217 880,217 925,217 970,217 1014,220 1059,220 1104,220 1149,223 1193,223 1238,223 1283,223 1328,223 1373,223 1417,223 1462,223 1507,223 1546,220"/><TextEquiv><Unicode>vraiment! De l'esprit, une chose si indépendante et si</Unicode></TextEquiv></TextLine><TextLine id="tr_1780992608_tl_2" custom="readingOrder {index:1;}"><Coords points="415,292 1528,293 1483,232 415,234"/><Baseline points="423,271 456,271 501,274 546,271 591,271 635,271 680,271 725,268 770,271 814,271 859,274 904,274 949,274 993,274 1038,277 1083,277 1128,277 1173,277 1217,277 1262,280 1307,280 1352,280 1396,280 1441,277 1486,271 1531,265"/><TextEquiv><Unicode>fugace! De l'esprit, cet éclair qui jaillit quand on s'y</Unicode></TextEquiv></TextLine><TextLine id="tr_1780992608_tl_3" custom="readingOrder {index:2;}"><Coords points="415,353 1534,343 1534,289 415,290"/><Baseline points="423,328 468,331 513,328 558,328 602,328 647,331 692,328 737,328 782,328 826,331 871,328 916,331 961,331 1005,334 1050,334 1095,337 1140,337 1185,337 1229,337 1274,337 1319,334 1364,334 1408,331 1453,328 1498,328 1537,328"/><TextEquiv><Unicode>attend le moins, et qui reste sourd à tout appel! Dites</Unicode></TextEquiv></TextLine><TextLine id="tr_1780992608_tl_4" custom="readingOrder {index:3;}"><Coords points="415,391 1532,389 1503,337 415,351"/><Baseline points="423,382 459,385 504,385 549,385 594,382 638,382 683,385 728,385 773,382 817,385 862,382 907,385 952,388 996,391 1041,391 1086,394 1131,394 1176,391 1220,391 1265,388 1310,388 1355,385 1399,382 1444,382 1489,382 1534,379"/><TextEquiv><Unicode>à deux personnes d'esprit d'avoir de l'espit, cela suf¬</Unicode></TextEquiv></TextLine><TextLine id="tr_1780992608_tl_5" custom="readingOrder {index:4;}"><Coords points="415,453 1534,465 1534,389 1129,432 415,409"/><Baseline points="423,438 462,438 507,435 552,438 596,438 641,438 686,438 731,438 776,438 820,438 865,441 910,444 955,447 999,447 1044,447 1089,447 1134,444 1179,444 1223,441 1268,438 1313,438 1358,435 1402,435 1447,435 1492,435 1537,432"/><TextEquiv><Unicode>fira pour qu'elles restent muettes, et, si elles veulent</Unicode></TextEquiv></TextLine><TextLine id="tr_1780992608_tl_6" custom="readingOrder {index:5;}"><Coords points="425,521 1535,507 1535,466 1391,442 1088,477 425,455"/><Baseline points="432,486 477,495 522,495 567,492 611,495 656,495 701,498 746,498 791,501 835,501 880,501 925,501 970,501 1014,501 1059,501 1104,498 1149,498 1193,498 1238,495 1283,492 1328,492 1373,489 1417,489 1462,492 1507,492 1537,492"/><TextEquiv><Unicode>pourtant ne point mentir à leur renommée, tout ce</Unicode></TextEquiv></TextLine><TextLine id="tr_1780992608_tl_7" custom="readingOrder {index:6;}"><Coords points="428,571 1528,555 1528,510 428,518"/><Baseline points="435,549 456,549 501,549 546,546 591,549 635,552 680,555 725,555 770,558 814,558 859,558 904,558 949,555 993,555 1038,552 1083,549 1128,549 1173,549 1217,549 1262,546 1307,546 1352,549 1396,549 1441,549 1486,546 1531,546"/><TextEquiv><Unicode>qu'elles diront ne pourra être qu'alambiqué, et, par</Unicode></TextEquiv></TextLine><TextLine id="tr_1780992608_tl_8" custom="readingOrder {index:7;}"><Coords points="428,616 1531,627 1531,554 428,571"/><Baseline points="435,602 480,605 525,605 570,605 614,605 659,611 704,611 749,614 793,614 838,611 883,608 928,608 973,605 1017,605 1062,605 1107,605 1152,602 1196,602 1241,602 1286,602 1331,602 1376,602 1420,602 1465,602 1510,602 1534,602"/><TextEquiv><Unicode>conséquent, manquera à la première condition de</Unicode></TextEquiv></TextLine><TextLine id="tr_1780992608_tl_9" custom="readingOrder {index:8;}"><Coords points="421,667 521,690 1079,671 1079,625 1051,616 817,643 756,622 593,642 421,622"/><Baseline points="429,659 456,659 501,659 546,662 591,665 635,665 680,665 725,665 770,665 814,665 859,665 904,662 949,662 993,659 1038,659 1083,656"/><TextEquiv><Unicode>l'esprit, c'est-à-dire au naturel.</Unicode></TextEquiv></TextLine><TextLine id="tr_1780992608_tl_10" custom="readingOrder {index:9;}"><Coords points="463,738 1534,724 1534,678 1212,657 463,683"/><Baseline points="471,713 513,719 558,719 602,719 647,719 692,719 737,716 782,716 826,713 871,716 916,716 961,716 1005,716 1050,713 1095,713 1140,716 1185,713 1229,716 1274,713 1319,716 1364,713 1408,716 1453,713 1498,716 1537,716"/><TextEquiv><Unicode>Il y aura dans le Club une place, la meilleure, la</Unicode></TextEquiv></TextLine><TextLine id="tr_1780992608_tl_11" custom="readingOrder {index:10;}"><Coords points="425,782 1528,787 1528,735 425,748"/><Baseline points="432,773 456,773 501,776 546,773 591,773 635,773 680,770 725,770 770,770 814,767 859,767 904,770 949,767 993,770 1038,770 1083,770 1128,773 1173,770 1217,773 1262,770 1307,770 1352,770 1396,770 1441,770 1486,770 1531,770"/><TextEquiv><Unicode>seule que l’on pourrait ambitionner, si elle ne devait</Unicode></TextEquiv></TextLine><TextLine id="tr_1780992608_tl_12" custom="readingOrder {index:11;}"><Coords points="431,843 1528,847 1494,780 431,786"/><Baseline points="438,826 456,829 501,826 546,826 591,820 635,820 680,823 725,820 770,823 814,823 859,823 904,823 949,823 993,823 1038,826 1083,826 1128,826 1173,826 1217,826 1262,826 1307,826 1352,826 1396,823 1441,826 1486,826 1531,823"/><TextEquiv><Unicode>être payée 500 francs par séance : ce sera celle d’un</Unicode></TextEquiv></TextLine><TextLine id="tr_1780992608_tl_13" custom="readingOrder {index:12;}"><Coords points="431,891 1525,902 1487,836 431,843"/><Baseline points="438,877 483,880 528,880 573,880 617,877 662,877 707,877 752,877 796,880 841,880 886,883 931,880 976,880 1020,880 1065,883 1110,883 1155,883 1199,883 1244,883 1289,883 1334,880 1379,883 1423,883 1468,883 1513,883 1528,886"/><TextEquiv><Unicode>curieux qui, pour son argent, aura le droit d'écouter,</Unicode></TextEquiv></TextLine><TextLine id="tr_1780992608_tl_14" custom="readingOrder {index:13;}"><Coords points="428,946 1538,950 1538,906 1319,889 428,894"/><Baseline points="435,931 480,931 525,931 570,931 614,934 659,934 704,934 749,934 793,937 838,937 883,937 928,937 973,937 1017,937 1062,937 1107,940 1152,937 1196,940 1241,937 1286,940 1331,940 1376,940 1420,940 1465,937 1510,937 1540,937"/><TextEquiv><Unicode>de gloser à part lui, et de ne rien dire! A la bonne</Unicode></TextEquiv></TextLine><TextLine id="tr_1780992608_tl_15" custom="readingOrder {index:14;}"><Coords points="425,1000 1528,1017 1528,960 1450,949 425,945"/><Baseline points="432,988 477,988 522,988 567,988 611,988 656,988 701,988 746,988 791,990 835,990 880,990 925,990 970,990 1014,988 1059,990 1104,990 1149,990 1193,990 1238,990 1283,993 1328,993 1373,996 1417,993 1462,993 1507,993 1531,990"/><TextEquiv><Unicode>heure! Du moins, pour occuper cette place-là, il ne</Unicode></TextEquiv></TextLine><TextLine id="tr_1780992608_tl_16" custom="readingOrder {index:15;}"><Coords points="416,1065 504,1052 598,1074 637,1051 854,1062 853,1018 820,1023 802,1007 688,1014 646,997 608,1018 576,997 415,1000"/><Baseline points="423,1041 468,1041 513,1041 558,1041 602,1041 647,1041 692,1041 737,1041 782,1044 826,1047 856,1044"/><TextEquiv><Unicode>faudra qu'être riche.</Unicode></TextEquiv></TextLine><TextLine id="tr_1780992608_tl_17" custom="readingOrder {index:16;}"><Coords points="460,1120 1528,1113 1503,1040 1307,1078 1140,1042 460,1062"/><Baseline points="468,1095 513,1092 558,1095 602,1098 647,1098 692,1098 737,1101 782,1101 826,1101 871,1101 916,1101 961,1104 1005,1104 1050,1104 1095,1104 1140,1104 1185,1101 1229,1104 1274,1104 1319,1104 1364,1104 1408,1104 1453,1101 1498,1101 1531,1104"/><TextEquiv><Unicode>Assez causé, mademoiselle; et ne vous semble-t-il</Unicode></TextEquiv></TextLine><TextLine id="tr_1780992608_tl_18" custom="readingOrder {index:17;}"><Coords points="425,1175 1525,1177 1535,1115 423,1100"/><Baseline points="432,1155 477,1152 522,1152 567,1152 611,1149 656,1155 701,1152 746,1155 791,1155 835,1158 880,1158 925,1155 970,1158 1014,1155 1059,1158 1104,1158 1149,1158 1193,1158 1238,1158 1283,1158 1328,1158 1373,1158 1417,1158 1462,1158 1507,1158 1537,1158"/><TextEquiv><Unicode>pas que je me sois oubliée? Voilà ce que c’est que</Unicode></TextEquiv></TextLine><TextLine id="tr_1780992608_tl_19" custom="readingOrder {index:18;}"><Coords points="421,1221 1488,1238 1531,1187 419,1177"/><Baseline points="429,1202 474,1205 519,1208 564,1208 608,1208 653,1208 698,1208 743,1208 788,1208 832,1208 877,1211 922,1214 967,1214 1011,1211 1056,1214 1101,1214 1146,1217 1190,1214 1235,1214 1280,1214 1325,1214 1370,1214 1414,1214 1459,1211 1504,1211 1534,1208"/><TextEquiv><Unicode>d’avoir un aimable et indulgent partner! Mais, pre¬</Unicode></TextEquiv></TextLine><TextLine id="tr_1780992608_tl_20" custom="readingOrder {index:19;}"><Coords points="418,1268 1191,1306 1535,1277 1535,1228 1372,1221 418,1232"/><Baseline points="426,1262 471,1262 516,1262 561,1265 605,1265 650,1262 695,1265 740,1265 785,1265 829,1265 874,1268 919,1268 964,1271 1008,1271 1053,1271 1098,1271 1143,1271 1188,1271 1232,1271 1277,1271 1322,1271 1367,1271 1411,1271 1456,1271 1501,1271 1537,1271"/><TextEquiv><Unicode>nous nos planches et commençons notre besogne</Unicode></TextEquiv></TextLine><TextLine id="tr_1780992608_tl_21" custom="readingOrder {index:20;}"><Coords points="415,1331 459,1344 494,1343 530,1328 555,1340 596,1333 619,1344 632,1333 659,1334 659,1293 602,1273 571,1292 537,1282 518,1294 415,1276"/><Baseline points="423,1316 468,1319 513,1319 558,1316 602,1319 647,1319 662,1319"/><TextEquiv><Unicode>mensuelle.</Unicode></TextEquiv></TextLine><TextEquiv><Unicode></Unicode></TextEquiv></TextRegion><TextRegion id="tr_1780992614" custom="readingOrder {index:2;} structure {type:heading;score:0.99;}"><Coords points="683,1380 1271,1380 1271,1473 683,1473"/><TextLine id="tr_1780992614_tl_1" custom="readingOrder {index:0;}"><Coords points="728,1456 925,1470 966,1456 991,1474 1064,1456 1232,1459 1231,1408 1204,1416 1157,1392 1123,1411 1062,1396 949,1418 850,1387 727,1402"/><Baseline points="734,1441 779,1444 823,1444 868,1444 913,1444 958,1444 1002,1444 1047,1444 1092,1447 1137,1447 1182,1447 1226,1447 1235,1444"/><TextEquiv><Unicode>COTÉ DES BRODERIES.</Unicode></TextEquiv></TextLine><TextEquiv><Unicode></Unicode></TextEquiv></TextRegion><TextRegion id="r_1" custom="readingOrder {index:3;} structure {type:paragraph;}"><Coords points="360,3657 379,1496 1543,1494 1540,2468 1539,3846 365,3857 360,3824"/><TextLine id="r_1_tl_1" custom="readingOrder {index:0;}"><Coords points="466,1564 1419,1586 1534,1575 1534,1524 465,1513"/><Baseline points="474,1555 519,1555 564,1558 608,1555 653,1558 698,1561 743,1558 788,1561 832,1561 877,1561 922,1561 967,1564 1011,1561 1056,1564 1101,1564 1146,1564 1190,1564 1235,1564 1280,1564 1325,1567 1370,1567 1414,1567 1459,1567 1504,1567 1537,1564"/><TextEquiv><Unicode>1, MOUCHOIR, plumetis et œillets ou pois; dans le</Unicode></TextEquiv></TextLine><TextLine id="r_1_tl_2" custom="readingOrder {index:1;}"><Coords points="415,1633 1532,1630 1532,1592 1450,1578 415,1578"/><Baseline points="423,1608 468,1611 513,1611 558,1611 602,1611 647,1611 692,1614 737,1614 782,1614 826,1614 871,1614 916,1614 961,1617 1005,1617 1050,1617 1095,1617 1140,1620 1185,1617 1229,1620 1274,1620 1319,1620 1364,1617 1408,1620 1453,1620 1498,1620 1534,1623"/><TextEquiv><Unicode>bord, un feston feuille de rose est surmonté d'un</Unicode></TextEquiv></TextLine><TextLine id="r_1_tl_3" custom="readingOrder {index:2;}"><Coords points="415,1681 1528,1697 1528,1647 1428,1622 1304,1653 415,1633"/><Baseline points="423,1665 468,1668 513,1665 558,1668 602,1668 647,1668 692,1671 737,1668 782,1668 826,1671 871,1668 916,1671 961,1671 1005,1674 1050,1674 1095,1671 1140,1674 1185,1674 1229,1677 1274,1674 1319,1674 1364,1674 1408,1674 1453,1674 1498,1677 1531,1677"/><TextEquiv><Unicode>cordonnet mat. Ce dessin, d’une grande simplicité,</Unicode></TextEquiv></TextLine><TextLine id="r_1_tl_4" custom="readingOrder {index:3;}"><Coords points="426,1741 1534,1743 1532,1705 1440,1685 425,1683"/><Baseline points="432,1719 477,1722 522,1722 567,1722 611,1722 656,1722 701,1722 746,1722 791,1725 835,1725 880,1725 925,1725 970,1728 1014,1728 1059,1728 1104,1731 1149,1731 1193,1731 1238,1731 1283,1731 1328,1731 1373,1731 1417,1731 1462,1731 1507,1731 1537,1731"/><TextEquiv><Unicode>pourrait se simplifier encore, en faisant toutes les</Unicode></TextEquiv></TextLine><TextLine id="r_1_tl_5" custom="readingOrder {index:4;}"><Coords points="418,1797 1532,1809 1484,1742 418,1746"/><Baseline points="426,1776 471,1776 516,1776 561,1773 605,1776 650,1776 695,1776 740,1776 785,1779 829,1779 874,1779 919,1782 964,1782 1008,1782 1053,1784 1098,1784 1143,1784 1188,1784 1232,1784 1277,1784 1322,1787 1367,1784 1411,1787 1456,1784 1501,1787 1534,1787"/><TextEquiv><Unicode>feuilles feudues en broderie à la minute, ou point de</Unicode></TextEquiv></TextLine><TextLine id="r_1_tl_6" custom="readingOrder {index:5;}"><Coords points="415,1857 432,1855 455,1874 497,1848 514,1847 528,1854 535,1845 545,1844 544,1790 520,1801 503,1792 499,1796 489,1792 479,1800 470,1797 446,1807 428,1800 415,1806"/><Baseline points="423,1832 468,1832 513,1832 549,1835"/><TextEquiv><Unicode>poste.</Unicode></TextEquiv></TextLine><TextLine id="r_1_tl_7" custom="readingOrder {index:6;}"><Coords points="457,1936 1525,1949 1525,1899 1436,1877 947,1906 649,1855 457,1868"/><Baseline points="465,1922 510,1919 555,1922 599,1919 644,1922 689,1922 734,1925 779,1922 823,1925 868,1925 913,1925 958,1925 1002,1928 1047,1928 1092,1928 1137,1928 1182,1928 1226,1928 1271,1928 1316,1928 1361,1928 1405,1931 1450,1931 1495,1931 1528,1931"/><TextEquiv><Unicode>2 et 3, PASSE et ROND d’un bonnet de baptême,</Unicode></TextEquiv></TextLine><TextLine id="r_1_tl_8" custom="readingOrder {index:7;}"><Coords points="412,1990 1534,1994 1532,1942 411,1945"/><Baseline points="420,1973 465,1976 510,1976 555,1976 599,1973 644,1976 689,1976 734,1976 779,1976 823,1979 868,1981 913,1981 958,1981 1002,1981 1047,1981 1092,1981 1137,1981 1182,1981 1226,1981 1271,1981 1316,1981 1361,1981 1405,1981 1450,1981 1495,1984 1537,1981"/><TextEquiv><Unicode>allant avec le dessin de la robe que tu as reçue le</Unicode></TextEquiv></TextLine><TextLine id="r_1_tl_9" custom="readingOrder {index:8;}"><Coords points="415,2045 1510,2056 1532,1994 414,1995"/><Baseline points="423,2029 468,2029 513,2026 558,2029 602,2029 647,2029 692,2032 737,2032 782,2032 826,2035 871,2035 916,2035 961,2035 1005,2035 1050,2035 1095,2032 1140,2035 1185,2035 1229,2035 1274,2035 1319,2035 1364,2038 1408,2038 1453,2041 1498,2041 1534,2038"/><TextEquiv><Unicode>mois dernier. Le bonnet doit-être doublé et orné</Unicode></TextEquiv></TextLine><TextLine id="r_1_tl_10" custom="readingOrder {index:9;}"><Coords points="418,2097 1521,2105 1520,2055 416,2052"/><Baseline points="426,2086 471,2086 516,2086 561,2086 605,2086 650,2086 695,2086 740,2089 785,2089 829,2089 874,2089 919,2089 964,2089 1008,2089 1053,2092 1098,2089 1143,2092 1188,2092 1232,2092 1277,2092 1322,2095 1367,2092 1411,2095 1456,2092 1501,2095 1525,2089"/><TextEquiv><Unicode>comme la robe. Le mois prochain tu recevras le pa¬</Unicode></TextEquiv></TextLine><TextLine id="r_1_tl_11" custom="readingOrder {index:10;}"><Coords points="421,2158 1528,2163 1497,2103 942,2129 421,2097"/><Baseline points="429,2140 474,2140 519,2140 564,2140 608,2140 653,2143 698,2140 743,2146 788,2143 832,2146 877,2146 922,2146 967,2146 1011,2146 1056,2146 1101,2149 1146,2146 1190,2149 1235,2149 1280,2149 1325,2149 1370,2149 1414,2149 1459,2146 1504,2149 1531,2149"/><TextEquiv><Unicode>tron d’une pelisse toute nouvelle, complément de</Unicode></TextEquiv></TextLine><TextLine id="r_1_tl_12" custom="readingOrder {index:11;}"><Coords points="415,2226 476,2208 608,2221 687,2205 782,2224 877,2211 877,2165 813,2147 664,2168 622,2154 600,2167 565,2147 517,2163 415,2156"/><Baseline points="423,2193 468,2196 513,2196 558,2193 602,2193 647,2196 692,2196 737,2196 782,2196 826,2199 871,2202 880,2199"/><TextEquiv><Unicode>cette éleganteawtoilette.</Unicode></TextEquiv></TextLine><TextLine id="r_1_tl_13" custom="readingOrder {index:12;}"><Coords points="456,2303 1528,2307 1527,2258 1375,2239 455,2252"/><Baseline points="462,2280 507,2283 552,2280 596,2283 641,2280 686,2283 731,2286 776,2286 820,2286 865,2289 910,2286 955,2286 999,2286 1044,2289 1089,2292 1134,2292 1179,2292 1223,2292 1268,2292 1313,2292 1358,2292 1402,2292 1447,2292 1492,2292 1531,2295"/><TextEquiv><Unicode>4, Le dessin indiqué par ce numéro, appartenant</Unicode></TextEquiv></TextLine><TextLine id="r_1_tl_14" custom="readingOrder {index:13;}"><Coords points="418,2342 1528,2368 1527,2317 416,2299"/><Baseline points="426,2334 471,2337 516,2337 561,2337 605,2340 650,2337 695,2337 740,2337 785,2340 829,2340 874,2340 919,2340 964,2343 1008,2343 1053,2346 1098,2343 1143,2346 1188,2346 1232,2346 1277,2346 1322,2346 1367,2343 1411,2346 1456,2349 1501,2349 1531,2346"/><TextEquiv><Unicode>au bonnet, n’est placé là que pour te dire que tu</Unicode></TextEquiv></TextLine><TextLine id="r_1_tl_15" custom="readingOrder {index:14;}"><Coords points="421,2410 1449,2439 1521,2427 1521,2368 419,2359"/><Baseline points="429,2390 474,2390 519,2390 564,2390 608,2390 653,2390 698,2390 743,2393 788,2393 832,2396 877,2396 922,2396 967,2396 1011,2396 1056,2396 1101,2399 1146,2399 1190,2399 1235,2399 1280,2399 1325,2399 1370,2402 1414,2399 1459,2399 1504,2399 1525,2396"/><TextEquiv><Unicode>pourrais, avec cette simple guirlande, faire de très¬</Unicode></TextEquiv></TextLine><TextLine id="r_1_tl_16" custom="readingOrder {index:15;}"><Coords points="418,2493 448,2477 524,2480 568,2460 758,2466 758,2422 690,2423 667,2403 640,2425 576,2409 530,2420 483,2402 418,2410"/><Baseline points="426,2447 471,2444 516,2444 561,2447 605,2444 650,2447 695,2447 740,2450 761,2450"/><TextEquiv><Unicode>jolis entre-deux.</Unicode></TextEquiv></TextLine><TextLine id="r_1_tl_17" custom="readingOrder {index:16;}"><Coords points="456,2553 1521,2562 1520,2471 1314,2511 455,2483"/><Baseline points="462,2531 507,2531 552,2534 596,2534 641,2534 686,2537 731,2537 776,2537 820,2537 865,2537 910,2537 955,2537 999,2540 1044,2540 1089,2540 1134,2540 1179,2540 1223,2540 1268,2540 1313,2543 1358,2543 1402,2540 1447,2543 1492,2546 1525,2546"/><TextEquiv><Unicode>5 à 7, COURONNES POUR MOUCHOIRS de divers genres.</Unicode></TextEquiv></TextLine><TextLine id="r_1_tl_18" custom="readingOrder {index:17;}"><Coords points="453,2646 1531,2647 1530,2592 452,2579"/><Baseline points="459,2620 504,2617 549,2623 594,2623 638,2623 683,2623 728,2623 773,2623 817,2623 862,2626 907,2626 952,2626 996,2626 1041,2626 1086,2626 1131,2626 1176,2629 1220,2629 1265,2629 1310,2632 1355,2629 1399,2632 1444,2629 1489,2632 1534,2632"/><TextEquiv><Unicode>8, BAS DE JUPON, composé de plumetis, de jours, et</Unicode></TextEquiv></TextLine><TextLine id="r_1_tl_19" custom="readingOrder {index:18;}"><Coords points="412,2691 460,2711 599,2694 980,2705 969,2638 865,2655 816,2633 591,2651 507,2636 484,2655 412,2641"/><Baseline points="420,2674 465,2674 510,2674 555,2680 599,2677 644,2677 689,2677 734,2680 779,2677 823,2680 868,2680 913,2680 958,2683 982,2683"/><TextEquiv><Unicode>de festons feuille de rose.</Unicode></TextEquiv></TextLine><TextLine id="r_1_tl_20" custom="readingOrder {index:19;}"><Coords points="456,2765 1524,2779 1522,2706 1251,2739 455,2705"/><Baseline points="462,2755 507,2758 552,2761 596,2761 641,2761 686,2761 731,2761 776,2764 820,2764 865,2764 910,2767 955,2767 999,2767 1044,2767 1089,2767 1134,2767 1179,2767 1223,2770 1268,2770 1313,2767 1358,2767 1402,2770 1447,2770 1492,2770 1528,2770"/><TextEquiv><Unicode>9, ÉCUSSON DE MOUCHOIR, renfermant le chiffre</Unicode></TextEquiv></TextLine><TextLine id="r_1_tl_21" custom="readingOrder {index:20;}"><Coords points="404,2817 1531,2841 1521,2774 1316,2807 404,2763"/><Baseline points="411,2808 456,2811 501,2814 546,2814 591,2817 635,2817 680,2817 725,2817 770,2817 814,2817 859,2820 904,2820 949,2820 993,2820 1038,2823 1083,2823 1128,2823 1173,2823 1217,2823 1262,2826 1307,2823 1352,2823 1396,2826 1441,2823 1486,2826 1531,2823 1534,2823"/><TextEquiv><Unicode>E. P., plumetis ordinaire, plumetes fendu, points de</Unicode></TextEquiv></TextLine><TextLine id="r_1_tl_22" custom="readingOrder {index:21;}"><Coords points="411,2889 516,2875 647,2917 857,2876 1262,2889 1215,2835 409,2824"/><Baseline points="417,2865 462,2865 507,2868 552,2868 596,2868 641,2865 686,2868 731,2871 776,2871 820,2871 865,2874 910,2874 955,2874 999,2877 1044,2874 1089,2877 1134,2877 1179,2877 1223,2877 1265,2877"/><TextEquiv><Unicode>plumes et jours dans le cœur des fleurs.</Unicode></TextEquiv></TextLine><TextLine id="r_1_tl_23" custom="readingOrder {index:22;}"><Coords points="453,2991 609,2993 657,3014 738,2985 980,2998 979,2959 887,2920 778,2936 753,2917 677,2930 557,2909 486,2926 452,2909"/><Baseline points="459,2975 504,2978 549,2978 594,2978 638,2978 683,2975 728,2978 773,2978 817,2978 862,2978 907,2981 952,2984 982,2981"/><TextEquiv><Unicode>Ici finit la petite édition.</Unicode></TextEquiv></TextLine><TextLine id="r_1_tl_24" custom="readingOrder {index:23;}"><Coords points="457,3107 575,3117 600,3104 698,3120 731,3099 772,3114 795,3099 861,3107 861,3063 766,3036 683,3035 613,3066 545,3034 457,3052"/><Baseline points="465,3089 510,3092 555,3092 599,3092 644,3092 689,3092 734,3089 779,3089 823,3089 865,3092"/><TextEquiv><Unicode>10, Jane, plumetis.</Unicode></TextEquiv></TextLine><TextLine id="r_1_tl_25" custom="readingOrder {index:24;}"><Coords points="452,3209 1473,3208 1473,3145 1432,3137 452,3138"/><Baseline points="459,3175 504,3181 549,3181 594,3181 638,3181 683,3181 728,3181 773,3181 817,3181 862,3181 907,3178 952,3181 996,3181 1041,3178 1086,3178 1131,3178 1176,3178 1220,3181 1265,3181 1310,3181 1355,3181 1399,3181 1444,3184 1477,3184"/><TextEquiv><Unicode>11, Mary, plumetis ordinaire et plumetes feudu.</Unicode></TextEquiv></TextLine><TextLine id="r_1_tl_26" custom="readingOrder {index:25;}"><Coords points="448,3287 1524,3289 1524,3226 1360,3212 1290,3250 448,3232"/><Baseline points="456,3256 501,3268 546,3265 591,3268 635,3268 680,3268 725,3271 770,3271 814,3271 859,3271 904,3271 949,3271 993,3271 1038,3271 1083,3271 1128,3271 1173,3268 1217,3271 1262,3268 1307,3271 1352,3271 1396,3271 1441,3274 1486,3274 1528,3274"/><TextEquiv><Unicode>12 et 13, Col et MANCHETTE. Ces deux objets sont</Unicode></TextEquiv></TextLine><TextLine id="r_1_tl_27" custom="readingOrder {index:26;}"><Coords points="404,3338 1524,3341 1524,3287 1452,3283 404,3289"/><Baseline points="411,3322 456,3322 501,3322 546,3322 591,3322 635,3325 680,3322 725,3325 770,3328 814,3328 859,3328 904,3325 949,3328 993,3328 1038,3328 1083,3328 1128,3328 1173,3328 1217,3328 1262,3328 1307,3328 1352,3325 1396,3325 1441,3328 1486,3325 1528,3325"/><TextEquiv><Unicode>assortis au dessin du n° 8 et à celui du nº 35; ils doi¬</Unicode></TextEquiv></TextLine><TextLine id="r_1_tl_28" custom="readingOrder {index:27;}"><Coords points="412,3395 1522,3400 1522,3342 412,3348"/><Baseline points="420,3375 465,3375 510,3378 555,3378 599,3378 644,3378 689,3381 734,3381 779,3381 823,3381 868,3381 913,3381 958,3384 1002,3384 1047,3384 1092,3384 1137,3384 1182,3384 1226,3381 1271,3384 1316,3384 1361,3381 1405,3384 1450,3381 1495,3384 1525,3384"/><TextEquiv><Unicode>vent, avec l’aide de ces deux derniers, composer un</Unicode></TextEquiv></TextLine><TextLine id="r_1_tl_29" custom="readingOrder {index:28;}"><Coords points="404,3446 1521,3456 1521,3400 1474,3396 404,3403"/><Baseline points="411,3432 456,3429 501,3432 546,3432 591,3432 635,3435 680,3435 725,3435 770,3435 814,3438 859,3438 904,3438 949,3438 993,3438 1038,3438 1083,3438 1128,3438 1173,3438 1217,3441 1262,3438 1307,3438 1352,3438 1396,3438 1441,3438 1486,3438 1525,3435"/><TextEquiv><Unicode>très-élégant peignoir. Pour une camisole, le dessin du</Unicode></TextEquiv></TextLine><TextLine id="r_1_tl_30" custom="readingOrder {index:29;}"><Coords points="406,3500 1524,3514 1524,3451 406,3450"/><Baseline points="414,3483 459,3486 504,3486 549,3486 594,3489 638,3489 683,3492 728,3492 773,3495 817,3495 862,3495 907,3495 952,3495 996,3495 1041,3498 1086,3495 1131,3495 1176,3498 1220,3498 1265,3495 1310,3495 1355,3495 1399,3495 1444,3492 1489,3495 1528,3495"/><TextEquiv><Unicode>n° 35 suffirait; enfin, le col et la manchette peuvent</Unicode></TextEquiv></TextLine><TextLine id="r_1_tl_31" custom="readingOrder {index:30;}"><Coords points="409,3545 693,3579 1520,3555 1446,3504 409,3504"/><Baseline points="417,3534 462,3540 507,3543 552,3546 596,3546 641,3549 686,3549 731,3549 776,3546 820,3549 865,3552 910,3552 955,3549 999,3549 1044,3549 1089,3552 1134,3552 1179,3555 1223,3552 1268,3555 1313,3552 1358,3552 1402,3552 1447,3549 1492,3546 1522,3546"/><TextEquiv><Unicode>aussi être employés isolément; dans ce cas, tu les bro¬</Unicode></TextEquiv></TextLine><TextLine id="r_1_tl_32" custom="readingOrder {index:31;}"><Coords points="409,3597 1521,3634 1521,3575 1430,3559 1044,3590 409,3551"/><Baseline points="417,3587 462,3590 507,3593 552,3596 596,3599 641,3602 686,3605 731,3605 776,3605 820,3605 865,3602 910,3605 955,3605 999,3605 1044,3605 1089,3605 1134,3608 1179,3608 1223,3608 1268,3608 1313,3608 1358,3608 1402,3608 1447,3608 1492,3608 1525,3602"/><TextEquiv><Unicode>derais sur mousseline claire, et les garnirais d'une</Unicode></TextEquiv></TextLine><TextLine id="r_1_tl_33" custom="readingOrder {index:32;}"><Coords points="412,3655 1038,3709 1513,3699 1471,3623 412,3599"/><Baseline points="420,3647 465,3644 510,3647 555,3650 599,3653 644,3656 689,3659 734,3659 779,3659 823,3662 868,3662 913,3662 958,3659 1002,3659 1047,3656 1092,3659 1137,3662 1182,3659 1226,3665 1271,3665 1316,3665 1361,3665 1405,3665 1450,3665 1495,3665 1516,3662"/><TextEquiv><Unicode>valencienne de trois centimètres, légèrement froncée.</Unicode></TextEquiv></TextLine><TextLine id="r_1_tl_34" custom="readingOrder {index:33;}"><Coords points="449,3753 1517,3759 1487,3691 1418,3720 448,3694"/><Baseline points="456,3734 501,3734 546,3734 591,3737 635,3737 680,3740 725,3740 770,3746 814,3749 859,3749 904,3749 949,3749 993,3752 1038,3752 1083,3752 1128,3752 1173,3755 1217,3755 1262,3755 1307,3755 1352,3755 1396,3758 1441,3758 1486,3755 1519,3749"/><TextEquiv><Unicode>14, Écusson pour mouchoir d’homme, plumetis</Unicode></TextEquiv></TextLine><TextLine id="r_1_tl_35" custom="readingOrder {index:34;}"><Coords points="394,3810 406,3805 429,3815 462,3803 484,3822 503,3815 534,3834 551,3834 565,3828 566,3756 530,3740 493,3762 457,3743 436,3754 416,3747 394,3760"/><Baseline points="402,3796 435,3796 480,3793 525,3793 570,3793"/><TextEquiv><Unicode>simple.</Unicode></TextEquiv></TextLine><TextEquiv><Unicode></Unicode></TextEquiv></TextRegion><TextRegion id="tr_1780992613" custom="readingOrder {index:4;} structure {type:paragraph;score:0.99;}"><Coords points="1615,173 2772,164 2781,1950 1595,1932"/><TextLine id="tr_1780992613_tl_1" custom="readingOrder {index:0;}"><Coords points="1673,234 2457,242 2457,187 2393,171 1783,184 1673,160"/><Baseline points="1680,214 1725,214 1770,214 1814,214 1859,211 1904,214 1949,214 1993,214 2038,214 2083,211 2128,214 2173,214 2217,214 2262,214 2307,214 2352,214 2396,214 2441,214 2459,214"/><TextEquiv><Unicode>15 et 16, COURONNES, plumetis facile.</Unicode></TextEquiv></TextLine><TextLine id="tr_1780992613_tl_2" custom="readingOrder {index:1;}"><Coords points="1675,314 2743,329 2715,262 2595,249 1848,280 1675,246"/><Baseline points="1683,298 1728,304 1773,304 1817,304 1862,301 1907,301 1952,304 1996,301 2041,304 2086,301 2131,301 2176,304 2220,301 2265,301 2310,301 2355,301 2399,304 2444,304 2489,304 2534,304 2578,304 2623,307 2668,307 2713,307 2746,307"/><TextEquiv><Unicode>17, Anne, plumetis orninaire et plumetes à la mi¬</Unicode></TextEquiv></TextLine><TextLine id="tr_1780992613_tl_3" custom="readingOrder {index:2;}"><Coords points="1623,377 1634,371 1646,377 1656,375 1664,382 1671,374 1698,372 1712,378 1724,368 1736,371 1735,321 1722,326 1714,321 1702,327 1690,319 1666,316 1651,329 1646,324 1620,326"/><Baseline points="1629,355 1674,355 1719,358 1740,358"/><TextEquiv><Unicode>nute.</Unicode></TextEquiv></TextLine><TextLine id="tr_1780992613_tl_4" custom="readingOrder {index:3;}"><Coords points="1666,466 1748,450 1818,474 1895,448 1977,470 2181,462 2181,398 2139,387 2092,411 2010,382 1954,415 1882,392 1746,408 1697,384 1666,402"/><Baseline points="1674,435 1719,435 1764,435 1808,435 1853,438 1898,438 1943,438 1987,438 2032,438 2077,435 2122,435 2167,438 2184,435"/><TextEquiv><Unicode>18, COURONNE, plumetis.</Unicode></TextEquiv></TextLine><TextLine id="tr_1780992613_tl_5" custom="readingOrder {index:4;}"><Coords points="1666,552 1753,552 1783,531 1852,562 1915,547 1963,558 2015,533 2068,530 2106,551 2143,540 2143,484 2106,470 2014,491 1735,470 1698,486 1666,470"/><Baseline points="1674,513 1719,516 1764,516 1808,516 1853,516 1898,516 1943,516 1987,516 2032,516 2077,519 2122,519 2146,519"/><TextEquiv><Unicode>19, Princes, plumetis.</Unicode></TextEquiv></TextLine><TextLine id="tr_1780992613_tl_6" custom="readingOrder {index:5;}"><Coords points="1670,649 1756,630 1850,646 1885,622 1980,642 2054,616 2163,636 2256,615 2256,586 2207,562 2069,561 2045,579 1973,552 1807,575 1772,542 1670,551"/><Baseline points="1677,596 1722,602 1767,605 1811,605 1856,605 1901,605 1946,605 1990,605 2035,605 2080,605 2125,605 2170,608 2214,605 2259,605"/><TextEquiv><Unicode>20, H., G., plumetis facile.</Unicode></TextEquiv></TextLine><TextLine id="tr_1780992613_tl_7" custom="readingOrder {index:6;}"><Coords points="1670,712 2112,729 2212,698 2477,702 2477,647 2429,640 1670,644"/><Baseline points="1677,680 1722,686 1767,686 1811,686 1856,686 1901,686 1946,686 1990,686 2035,686 2080,686 2125,683 2170,686 2214,686 2259,686 2304,689 2349,686 2393,686 2438,686 2480,686"/><TextEquiv><Unicode>21 et 22, COURONNES, plumetis simple.</Unicode></TextEquiv></TextLine><TextLine id="tr_1780992613_tl_8" custom="readingOrder {index:7;}"><Coords points="1673,778 2749,785 2748,724 1671,715"/><Baseline points="1680,752 1725,761 1770,761 1814,764 1859,764 1904,764 1949,764 1993,764 2038,767 2083,767 2128,767 2173,767 2217,767 2262,764 2307,767 2352,767 2396,767 2441,767 2486,764 2531,764 2575,767 2620,767 2665,764 2710,767 2752,767"/><TextEquiv><Unicode>23 et 24, Coll et MANCHETTE, plumetis ordinaire ou</Unicode></TextEquiv></TextLine><TextLine id="tr_1780992613_tl_9" custom="readingOrder {index:8;}"><Coords points="1622,834 2742,833 2715,776 1622,783"/><Baseline points="1629,817 1674,817 1719,817 1764,814 1808,814 1853,814 1898,817 1943,817 1987,817 2032,817 2077,817 2122,820 2167,820 2211,820 2256,820 2301,820 2346,823 2390,817 2435,814 2480,820 2525,820 2570,820 2614,820 2659,820 2704,820 2746,817"/><TextEquiv><Unicode>mélangé de plumetis point de poste, pour les feuilles</Unicode></TextEquiv></TextLine><TextLine id="tr_1780992613_tl_10" custom="readingOrder {index:9;}"><Coords points="1619,882 2746,888 2746,844 2587,831 1619,840"/><Baseline points="1626,874 1671,874 1716,874 1761,871 1805,874 1850,871 1895,871 1940,874 1984,871 2029,871 2074,871 2119,874 2164,874 2208,871 2253,874 2298,874 2343,874 2387,874 2432,874 2477,874 2522,874 2567,874 2611,877 2656,877 2701,877 2746,874 2749,874"/><TextEquiv><Unicode>fendues; au bord est un feston feuille de rose avec</Unicode></TextEquiv></TextLine><TextLine id="tr_1780992613_tl_11" custom="readingOrder {index:10;}"><Coords points="1627,955 2746,939 2712,887 1627,895"/><Baseline points="1635,934 1674,931 1719,928 1764,925 1808,928 1853,928 1898,925 1943,928 1987,928 2032,928 2077,928 2122,928 2167,931 2211,931 2256,928 2301,928 2346,928 2390,931 2435,931 2480,928 2525,931 2570,928 2614,931 2659,931 2704,931 2749,925"/><TextEquiv><Unicode>pois. Pour rentrer dans la mode du moment, je t'en¬</Unicode></TextEquiv></TextLine><TextLine id="tr_1780992613_tl_12" custom="readingOrder {index:11;}"><Coords points="1627,1013 2752,1004 2716,940 1627,955"/><Baseline points="1635,988 1680,982 1725,982 1770,982 1814,985 1859,985 1904,985 1949,985 1993,985 2038,985 2083,985 2128,982 2173,985 2217,985 2262,985 2307,985 2352,985 2396,982 2441,985 2486,985 2531,985 2575,985 2620,988 2665,985 2710,985 2755,985"/><TextEquiv><Unicode>gage à placer ton étoffe double sous les chaînes de</Unicode></TextEquiv></TextLine><TextLine id="tr_1780992613_tl_13" custom="readingOrder {index:12;}"><Coords points="1630,1058 2748,1062 2748,1008 2698,996 1630,1011"/><Baseline points="1638,1038 1674,1038 1719,1038 1764,1038 1808,1041 1853,1041 1898,1041 1943,1038 1987,1038 2032,1038 2077,1038 2122,1038 2167,1041 2211,1041 2256,1041 2301,1038 2346,1038 2390,1038 2435,1038 2480,1038 2525,1035 2570,1038 2614,1038 2659,1041 2704,1041 2749,1035"/><TextEquiv><Unicode>pois qui relient les écussons aux feuilles ; cette dif¬</Unicode></TextEquiv></TextLine><TextLine id="tr_1780992613_tl_14" custom="readingOrder {index:13;}"><Coords points="1619,1116 2602,1110 2602,1061 2534,1045 1619,1061"/><Baseline points="1626,1095 1671,1092 1716,1092 1761,1095 1805,1095 1850,1095 1895,1098 1940,1098 1984,1098 2029,1098 2074,1095 2119,1098 2164,1095 2208,1098 2253,1098 2298,1098 2343,1095 2387,1095 2432,1095 2477,1095 2522,1098 2567,1098 2605,1095"/><TextEquiv><Unicode>férence du mat au clair est d’un bon effet.</Unicode></TextEquiv></TextLine><TextLine id="tr_1780992613_tl_15" custom="readingOrder {index:14;}"><Coords points="1666,1214 1755,1218 1868,1185 1909,1211 1942,1192 2157,1217 2249,1191 2249,1149 2198,1132 2168,1150 2054,1129 2021,1150 1899,1150 1726,1105 1666,1139"/><Baseline points="1674,1175 1722,1176 1767,1176 1811,1176 1856,1176 1901,1176 1946,1173 1990,1176 2035,1176 2080,1176 2125,1176 2170,1176 2214,1176 2253,1176"/><TextEquiv><Unicode>25, Sophie, plumetis facile.</Unicode></TextEquiv></TextLine><TextLine id="tr_1780992613_tl_16" custom="readingOrder {index:15;}"><Coords points="1666,1270 2742,1266 2742,1217 2701,1212 1666,1214"/><Baseline points="1674,1253 1719,1253 1764,1253 1808,1253 1853,1253 1898,1256 1943,1253 1987,1256 2032,1253 2077,1253 2122,1253 2167,1256 2211,1256 2256,1256 2301,1256 2346,1256 2390,1256 2435,1256 2480,1256 2525,1256 2570,1256 2614,1256 2659,1256 2704,1256 2746,1256"/><TextEquiv><Unicode>26, 27, et 28, MOUCHOIR SIMPLE, avec un écusson</Unicode></TextEquiv></TextLine><TextLine id="tr_1780992613_tl_17" custom="readingOrder {index:16;}"><Coords points="1615,1314 2749,1319 2728,1266 1615,1277"/><Baseline points="1623,1310 1668,1307 1713,1310 1758,1310 1802,1310 1847,1310 1892,1310 1937,1307 1981,1310 2026,1310 2071,1310 2116,1310 2161,1310 2205,1313 2250,1313 2295,1313 2340,1313 2384,1313 2429,1313 2474,1310 2519,1313 2564,1313 2608,1313 2653,1313 2698,1310 2743,1313 2752,1313"/><TextEquiv><Unicode>renfermant les lettres J. C., le tout au plumetis et</Unicode></TextEquiv></TextLine><TextLine id="tr_1780992613_tl_18" custom="readingOrder {index:17;}"><Coords points="1615,1399 1673,1408 1745,1379 1794,1392 1884,1370 1956,1394 2062,1381 2062,1347 2017,1328 1615,1333"/><Baseline points="1623,1364 1668,1367 1713,1367 1758,1367 1802,1367 1847,1364 1892,1367 1937,1367 1981,1364 2026,1367 2065,1364"/><TextEquiv><Unicode>feston feuile de rose.</Unicode></TextEquiv></TextLine><TextLine id="tr_1780992613_tl_19" custom="readingOrder {index:18;}"><Coords points="1664,1452 1943,1470 2173,1457 2173,1413 2136,1405 2086,1420 2024,1398 1797,1416 1770,1395 1664,1415"/><Baseline points="1672,1440 1719,1444 1764,1444 1808,1444 1853,1444 1898,1444 1943,1444 1987,1441 2032,1444 2077,1444 2122,1444 2167,1444 2176,1444"/><TextEquiv><Unicode>29, COURONNE, plumetis.</Unicode></TextEquiv></TextLine><TextLine id="tr_1780992613_tl_20" custom="readingOrder {index:19;}"><Coords points="1657,1534 2505,1539 2505,1484 2386,1447 2020,1488 1925,1459 1811,1494 1755,1464 1657,1474"/><Baseline points="1665,1510 1710,1513 1755,1513 1799,1516 1844,1513 1889,1516 1934,1516 1979,1516 2023,1513 2068,1513 2113,1513 2158,1513 2202,1516 2247,1513 2292,1516 2337,1516 2381,1519 2426,1516 2471,1519 2507,1522"/><TextEquiv><Unicode>30, A., L., plumetis fin et points sablés.</Unicode></TextEquiv></TextLine><TextLine id="tr_1780992613_tl_21" custom="readingOrder {index:20;}"><Coords points="1657,1615 1830,1599 1872,1619 1889,1605 2072,1630 2130,1609 2174,1629 2174,1559 2139,1551 1796,1564 1748,1537 1657,1535"/><Baseline points="1665,1587 1710,1590 1755,1590 1799,1590 1844,1590 1889,1590 1934,1590 1979,1593 2023,1590 2068,1590 2113,1590 2158,1593 2178,1593"/><TextEquiv><Unicode>31, COURONNE, plumetis.</Unicode></TextEquiv></TextLine><TextLine id="tr_1780992613_tl_22" custom="readingOrder {index:21;}"><Coords points="1660,1692 1779,1700 1848,1681 1906,1704 1966,1678 2095,1690 2093,1626 2011,1619 1950,1644 1850,1626 1811,1644 1769,1623 1739,1643 1658,1626"/><Baseline points="1668,1665 1713,1671 1758,1671 1802,1671 1847,1671 1892,1671 1937,1671 1981,1671 2026,1671 2071,1671 2098,1671"/><TextEquiv><Unicode>32, Louise plumetis.</Unicode></TextEquiv></TextLine><TextLine id="tr_1780992613_tl_23" custom="readingOrder {index:22;}"><Coords points="1657,1775 1772,1758 1920,1789 2032,1759 2113,1797 2195,1762 2314,1767 2314,1694 2146,1700 2090,1736 1827,1688 1657,1694"/><Baseline points="1665,1749 1710,1749 1755,1749 1799,1749 1844,1749 1889,1749 1934,1749 1979,1749 2023,1749 2068,1749 2113,1749 2158,1749 2202,1749 2247,1752 2292,1755 2316,1755"/><TextEquiv><Unicode>33 et 34, COURONNES, plumetis.</Unicode></TextEquiv></TextLine><TextLine id="tr_1780992613_tl_24" custom="readingOrder {index:23;}"><Coords points="1660,1844 2419,1851 2419,1796 2388,1789 1660,1800"/><Baseline points="1668,1829 1713,1826 1758,1829 1802,1829 1847,1829 1892,1829 1937,1829 1981,1829 2026,1829 2071,1829 2116,1829 2161,1832 2205,1832 2250,1832 2295,1832 2340,1832 2384,1832 2423,1835"/><TextEquiv><Unicode>35, DESSIN allant avec celui du n° 8.</Unicode></TextEquiv></TextLine><TextLine id="tr_1780992613_tl_25" custom="readingOrder {index:24;}"><Coords points="1666,1937 1801,1918 1848,1945 1895,1925 1973,1945 2039,1918 2170,1945 2158,1858 2089,1878 2012,1861 1898,1884 1865,1865 1831,1882 1772,1862 1666,1875"/><Baseline points="1674,1907 1719,1907 1764,1910 1808,1910 1853,1910 1898,1910 1943,1910 1987,1910 2032,1910 2077,1910 2122,1910 2167,1910 2173,1910"/><TextEquiv><Unicode>36, COURONNE, plumetis.</Unicode></TextEquiv></TextLine><TextEquiv><Unicode></Unicode></TextEquiv></TextRegion><TextRegion id="tr_1780992615" custom="readingOrder {index:5;} structure {type:heading;score:0.99;}"><Coords points="1875,1978 2457,1978 2457,2072 1875,2072"/><TextLine id="tr_1780992615_tl_1" custom="readingOrder {index:0;}"><Coords points="1939,2061 2156,2063 2182,2046 2229,2062 2408,2059 2408,2010 2351,1994 2246,2004 2208,1980 2140,2003 1939,2001"/><Baseline points="1946,2041 1990,2041 2035,2044 2080,2044 2125,2041 2170,2044 2214,2044 2259,2044 2304,2044 2349,2044 2393,2044 2411,2044"/><TextEquiv><Unicode>COTÉ DES PARTIONS.</Unicode></TextEquiv></TextLine><TextEquiv><Unicode></Unicode></TextEquiv></TextRegion><TextRegion id="r" custom="readingOrder {index:6;} structure {type:paragraph;}"><Coords points="1586,3653 1600,3224 1604,2097 2774,2106 2781,3222 2781,3690 1604,3688"/><TextLine id="r_tl_1" custom="readingOrder {index:0;}"><Coords points="1651,2167 1731,2205 1820,2174 2731,2177 2731,2124 2399,2103 1651,2110"/><Baseline points="1659,2164 1704,2167 1749,2170 1793,2167 1838,2167 1883,2170 1928,2167 1973,2167 2017,2167 2062,2170 2107,2170 2152,2170 2196,2170 2241,2170 2286,2170 2331,2170 2376,2170 2420,2173 2465,2170 2510,2170 2555,2173 2599,2170 2644,2170 2689,2170 2734,2167"/><TextEquiv><Unicode>37, 38 et 39, MoITIÉ D'UN MANTRAU CABAN avec capu¬</Unicode></TextEquiv></TextLine><TextLine id="r_tl_2" custom="readingOrder {index:1;}"><Coords points="1615,2235 2736,2229 2501,2185 1615,2194"/><Baseline points="1623,2220 1668,2223 1713,2223 1758,2223 1802,2223 1847,2220 1892,2220 1937,2223 1981,2223 2026,2223 2071,2223 2116,2223 2161,2223 2205,2226 2250,2226 2295,2223 2340,2226 2384,2226 2429,2226 2474,2226 2519,2226 2564,2226 2608,2226 2653,2226 2698,2226 2740,2223"/><TextEquiv><Unicode>chon, pour petit garçon de trois à cinq ans; ce mo¬</Unicode></TextEquiv></TextLine><TextLine id="r_tl_3" custom="readingOrder {index:2;}"><Coords points="1609,2293 2740,2297 2740,2258 2629,2236 1609,2241"/><Baseline points="1617,2274 1662,2277 1707,2277 1752,2277 1796,2277 1841,2274 1886,2274 1931,2277 1976,2280 2020,2280 2065,2280 2110,2280 2155,2280 2199,2277 2244,2280 2289,2280 2334,2280 2378,2280 2423,2280 2468,2280 2513,2280 2558,2280 2602,2283 2647,2280 2692,2283 2737,2283 2743,2280"/><TextEquiv><Unicode>dèle, un des plus heureux que nous ayons vus chez</Unicode></TextEquiv></TextLine><TextLine id="r_tl_4" custom="readingOrder {index:3;}"><Coords points="1609,2341 2743,2361 2742,2304 2587,2289 1609,2293"/><Baseline points="1617,2328 1662,2331 1707,2331 1752,2331 1796,2331 1841,2331 1886,2331 1931,2334 1976,2334 2020,2334 2065,2334 2110,2334 2155,2334 2199,2334 2244,2334 2289,2334 2334,2334 2378,2334 2423,2337 2468,2337 2513,2337 2558,2337 2602,2337 2647,2337 2692,2337 2737,2337 2746,2340"/><TextEquiv><Unicode>madame Havez (1), si féconde en jolies inventions, se</Unicode></TextEquiv></TextLine><TextLine id="r_tl_5" custom="readingOrder {index:4;}"><Coords points="1612,2401 2736,2405 2736,2362 2648,2345 1612,2345"/><Baseline points="1620,2384 1665,2387 1710,2387 1755,2387 1799,2387 1844,2384 1889,2387 1934,2387 1979,2387 2023,2387 2068,2387 2113,2387 2158,2384 2202,2387 2247,2384 2292,2387 2337,2387 2381,2390 2426,2390 2471,2390 2516,2390 2561,2393 2605,2393 2650,2393 2695,2393 2740,2393 2743,2390"/><TextEquiv><Unicode>fait en drap épais, en drop léger doublé et piqué, en</Unicode></TextEquiv></TextLine><TextLine id="r_tl_6" custom="readingOrder {index:5;}"><Coords points="1609,2452 2740,2460 2740,2409 1609,2398"/><Baseline points="1617,2438 1662,2441 1707,2441 1752,2441 1796,2441 1841,2441 1886,2444 1931,2441 1976,2441 2020,2441 2065,2441 2110,2444 2155,2444 2199,2441 2244,2444 2289,2444 2334,2444 2378,2444 2423,2444 2468,2447 2513,2444 2558,2447 2602,2447 2647,2447 2692,2444 2737,2447 2743,2447"/><TextEquiv><Unicode>loutre, en peluche de laine, ou enfin en velours; si</Unicode></TextEquiv></TextLine><TextLine id="r_tl_7" custom="readingOrder {index:6;}"><Coords points="1619,2504 2733,2515 2722,2457 1619,2454"/><Baseline points="1626,2492 1671,2495 1716,2495 1761,2495 1805,2498 1850,2498 1895,2498 1940,2498 1984,2498 2029,2495 2074,2498 2119,2498 2164,2498 2208,2498 2253,2501 2298,2501 2343,2501 2387,2501 2432,2501 2477,2501 2522,2504 2567,2504 2611,2501 2656,2504 2701,2501 2737,2498"/><TextEquiv><Unicode>l'on choisit du drap, il sera de préférence d’une cou¬</Unicode></TextEquiv></TextLine><TextLine id="r_tl_8" custom="readingOrder {index:7;}"><Coords points="1615,2561 2733,2565 2664,2514 1615,2504"/><Baseline points="1623,2549 1668,2552 1713,2552 1758,2552 1802,2552 1847,2552 1892,2552 1937,2552 1981,2552 2026,2555 2071,2555 2116,2555 2161,2555 2205,2555 2250,2555 2295,2555 2340,2555 2384,2555 2429,2555 2474,2555 2519,2555 2564,2558 2608,2558 2653,2558 2698,2558 2737,2555"/><TextEquiv><Unicode>leur foncée. Autour du caban, des poches, des man¬</Unicode></TextEquiv></TextLine><TextLine id="r_tl_9" custom="readingOrder {index:8;}"><Coords points="1619,2616 2739,2629 2725,2565 1619,2568"/><Baseline points="1626,2605 1671,2605 1716,2605 1761,2605 1805,2608 1850,2605 1895,2608 1940,2608 1984,2608 2029,2611 2074,2608 2119,2608 2164,2608 2208,2608 2253,2608 2298,2611 2343,2608 2387,2611 2432,2611 2477,2611 2522,2608 2567,2611 2611,2611 2656,2611 2701,2614 2743,2614"/><TextEquiv><Unicode>ches et du capuchon, on posera, à cheval, un petit</Unicode></TextEquiv></TextLine><TextLine id="r_tl_10" custom="readingOrder {index:9;}"><Coords points="1622,2664 2733,2687 2733,2636 2687,2620 1622,2619"/><Baseline points="1629,2659 1674,2662 1719,2662 1764,2662 1808,2662 1853,2662 1898,2662 1943,2662 1987,2659 2032,2662 2077,2659 2122,2662 2167,2662 2211,2662 2256,2662 2301,2665 2346,2662 2390,2662 2435,2662 2480,2662 2525,2662 2570,2662 2614,2665 2659,2665 2704,2668 2737,2665"/><TextEquiv><Unicode>velours écossais; ce même velours, qui est parfois</Unicode></TextEquiv></TextLine><TextLine id="r_tl_11" custom="readingOrder {index:10;}"><Coords points="1615,2729 2733,2745 2733,2689 2630,2675 1615,2684"/><Baseline points="1623,2713 1668,2719 1713,2716 1758,2716 1802,2716 1847,2716 1892,2719 1937,2719 1981,2719 2026,2719 2071,2719 2116,2719 2161,2719 2205,2716 2250,2719 2295,2719 2340,2716 2384,2719 2429,2719 2474,2719 2519,2719 2564,2719 2608,2719 2653,2722 2698,2722 2737,2722"/><TextEquiv><Unicode>remplacé par un galon rouge uni, vert ou gros bleu,</Unicode></TextEquiv></TextLine><TextLine id="r_tl_12" custom="readingOrder {index:11;}"><Coords points="1609,2779 2733,2784 2699,2740 2418,2725 1609,2753"/><Baseline points="1617,2770 1662,2770 1707,2770 1752,2770 1796,2770 1841,2772 1886,2770 1931,2772 1976,2770 2020,2772 2065,2770 2110,2770 2155,2770 2199,2772 2244,2770 2289,2770 2334,2770 2378,2772 2423,2772 2468,2772 2513,2772 2558,2772 2602,2775 2647,2772 2692,2772 2737,2775 2740,2772"/><TextEquiv><Unicode>ou par une ganse en passementerie, doit remonter sur</Unicode></TextEquiv></TextLine><TextLine id="r_tl_13" custom="readingOrder {index:12;}"><Coords points="1615,2838 2728,2845 2719,2797 1946,2782 1902,2816 1615,2780"/><Baseline points="1623,2823 1668,2823 1713,2823 1758,2823 1802,2823 1847,2826 1892,2826 1937,2826 1981,2826 2026,2823 2071,2823 2116,2826 2161,2826 2205,2826 2250,2826 2295,2826 2340,2826 2384,2826 2429,2826 2474,2829 2519,2829 2564,2829 2608,2829 2653,2829 2698,2829 2731,2826"/><TextEquiv><Unicode>les manches, jusqu’à la saignée. Au bout du capu¬</Unicode></TextEquiv></TextLine><TextLine id="r_tl_14" custom="readingOrder {index:13;}"><Coords points="1610,2896 2738,2896 2709,2847 1609,2838"/><Baseline points="1617,2877 1662,2877 1707,2877 1752,2877 1796,2877 1841,2880 1886,2877 1931,2877 1976,2877 2020,2877 2065,2877 2110,2880 2155,2880 2199,2880 2244,2880 2289,2880 2334,2880 2378,2883 2423,2880 2468,2883 2513,2886 2558,2883 2602,2886 2647,2886 2692,2886 2737,2883 2740,2883"/><TextEquiv><Unicode>chon est un gland en laine du Thibet, ou mieux en¬</Unicode></TextEquiv></TextLine><TextLine id="r_tl_15" custom="readingOrder {index:14;}"><Coords points="1615,2947 2733,2956 2733,2896 1615,2909"/><Baseline points="1623,2931 1668,2934 1713,2934 1758,2934 1802,2931 1847,2934 1892,2934 1937,2934 1981,2934 2026,2934 2071,2931 2116,2934 2161,2934 2205,2937 2250,2937 2295,2937 2340,2937 2384,2937 2429,2937 2474,2937 2519,2940 2564,2940 2608,2940 2653,2943 2698,2940 2737,2940"/><TextEquiv><Unicode>core en passementerie de laine ou de soie, rappelant</Unicode></TextEquiv></TextLine><TextLine id="r_tl_16" custom="readingOrder {index:15;}"><Coords points="1609,2995 2731,3019 2731,2967 2524,2946 1609,2943"/><Baseline points="1617,2987 1662,2990 1707,2987 1752,2987 1796,2987 1841,2987 1886,2987 1931,2987 1976,2987 2020,2990 2065,2990 2110,2990 2155,2990 2199,2990 2244,2993 2289,2993 2334,2993 2378,2993 2423,2993 2468,2993 2513,2993 2558,2996 2602,2993 2647,2993 2692,2996 2734,2993"/><TextEquiv><Unicode>le galon du tour. Ce caban, lorsqu’il se fait en ve¬</Unicode></TextEquiv></TextLine><TextLine id="r_tl_17" custom="readingOrder {index:16;}"><Coords points="1612,3062 2738,3059 2736,3019 2668,3010 1612,3000"/><Baseline points="1620,3041 1665,3044 1710,3041 1755,3041 1799,3044 1844,3044 1889,3044 1934,3044 1979,3041 2023,3044 2068,3044 2113,3044 2158,3044 2202,3047 2247,3047 2292,3047 2337,3047 2381,3047 2426,3047 2471,3047 2516,3050 2561,3050 2605,3050 2650,3050 2695,3047 2740,3047"/><TextEquiv><Unicode>lours, se double de soie ouatée et piquée ou de fla¬</Unicode></TextEquiv></TextLine><TextLine id="r_tl_18" custom="readingOrder {index:17;}"><Coords points="1612,3113 2739,3134 2729,3070 1612,3065"/><Baseline points="1620,3098 1665,3095 1710,3098 1755,3098 1799,3098 1844,3098 1889,3098 1934,3098 1979,3098 2023,3101 2068,3101 2113,3101 2158,3101 2202,3101 2247,3104 2292,3104 2337,3104 2381,3104 2426,3104 2471,3104 2516,3104 2561,3104 2605,3107 2650,3104 2695,3107 2740,3107 2743,3107"/><TextEquiv><Unicode>nelle unie, rouge ou bleue, ou enfin d’une fourrure</Unicode></TextEquiv></TextLine><TextLine id="r_tl_19" custom="readingOrder {index:18;}"><Coords points="1615,3161 2733,3182 2733,3130 2599,3114 1929,3144 1615,3109"/><Baseline points="1623,3152 1668,3149 1713,3149 1758,3152 1802,3152 1847,3152 1892,3152 1937,3155 1981,3155 2026,3155 2071,3158 2116,3158 2161,3158 2205,3158 2250,3158 2295,3158 2340,3158 2384,3158 2429,3158 2474,3158 2519,3161 2564,3161 2608,3164 2653,3164 2698,3164 2737,3167"/><TextEquiv><Unicode>très-ordinaire, ce qui n’en constitue pas moins un</Unicode></TextEquiv></TextLine><TextLine id="r_tl_20" custom="readingOrder {index:19;}"><Coords points="1620,3240 1683,3213 1749,3225 1824,3208 1962,3218 1993,3242 2100,3226 2099,3182 2068,3174 2025,3187 1952,3164 1915,3184 1804,3162 1766,3182 1619,3164"/><Baseline points="1626,3202 1671,3202 1716,3205 1761,3205 1805,3208 1850,3208 1895,3205 1940,3211 1984,3208 2029,3211 2074,3211 2101,3211"/><TextEquiv><Unicode>vêtement très-élégant.</Unicode></TextEquiv></TextLine><TextLine id="r_tl_21" custom="readingOrder {index:20;}"><Coords points="1653,3308 2304,3315 2303,3256 2170,3242 1971,3270 1685,3246 1651,3266"/><Baseline points="1659,3280 1704,3280 1749,3286 1793,3289 1838,3289 1883,3289 1928,3289 1973,3292 2017,3292 2062,3292 2107,3292 2152,3292 2196,3292 2241,3292 2286,3292 2307,3292"/><TextEquiv><Unicode>40, CROQUIS DU CABAN, terminé.</Unicode></TextEquiv></TextLine><TextLine id="r_tl_22" custom="readingOrder {index:21;}"><Coords points="1651,3371 2728,3389 2726,3327 2311,3348 1651,3308"/><Baseline points="1659,3361 1704,3364 1749,3366 1793,3366 1838,3366 1883,3369 1928,3369 1973,3369 2017,3369 2062,3369 2107,3372 2152,3369 2196,3372 2241,3372 2286,3372 2331,3375 2376,3375 2420,3375 2465,3375 2510,3375 2555,3375 2599,3375 2644,3375 2689,3375 2731,3375"/><TextEquiv><Unicode>41 à 43, HATRON D'UNE MANCHE DE ROBE fermant au poi¬</Unicode></TextEquiv></TextLine><TextLine id="r_tl_23" custom="readingOrder {index:22;}"><Coords points="1612,3443 2725,3443 2725,3389 1612,3385"/><Baseline points="1620,3420 1665,3423 1710,3423 1755,3426 1799,3423 1844,3426 1889,3426 1934,3426 1979,3426 2023,3426 2068,3426 2113,3426 2158,3426 2202,3426 2247,3429 2292,3429 2337,3429 2381,3429 2426,3429 2471,3432 2516,3429 2561,3429 2605,3432 2650,3432 2695,3432 2728,3429"/><TextEquiv><Unicode>gnet; innovation qui nous permettra de braver impuné¬</Unicode></TextEquiv></TextLine><TextLine id="r_tl_24" custom="readingOrder {index:23;}"><Coords points="1609,3487 2736,3504 2716,3447 1609,3439"/><Baseline points="1617,3474 1662,3477 1707,3480 1752,3480 1796,3480 1841,3480 1886,3480 1931,3480 1976,3483 2020,3483 2065,3483 2110,3483 2155,3483 2199,3483 2244,3483 2289,3483 2334,3486 2378,3486 2423,3486 2468,3483 2513,3486 2558,3486 2602,3486 2647,3486 2692,3486 2737,3486 2740,3486"/><TextEquiv><Unicode>ment le froid, sans marmurer contre les rigueurs de</Unicode></TextEquiv></TextLine><TextLine id="r_tl_25" custom="readingOrder {index:24;}"><Coords points="1603,3543 2739,3562 2739,3505 1603,3490"/><Baseline points="1611,3531 1656,3534 1701,3534 1746,3537 1790,3534 1835,3537 1880,3537 1925,3537 1970,3537 2014,3540 2059,3537 2104,3537 2149,3540 2193,3540 2238,3540 2283,3540 2328,3540 2373,3540 2417,3543 2462,3543 2507,3543 2552,3543 2596,3543 2641,3543 2686,3543 2731,3543 2743,3540"/><TextEquiv><Unicode>la mode; du reste, nos petits bonheurs ne s'arrêteront</Unicode></TextEquiv></TextLine><TextLine id="r_tl_26" custom="readingOrder {index:25;}"><Coords points="1622,3610 2600,3620 2733,3610 2732,3562 1620,3556"/><Baseline points="1629,3587 1674,3590 1719,3590 1764,3593 1808,3593 1853,3593 1898,3593 1943,3596 1987,3593 2032,3593 2077,3593 2122,3593 2167,3596 2211,3596 2256,3596 2301,3596 2346,3599 2390,3599 2435,3599 2480,3599 2525,3599 2570,3599 2614,3599 2659,3599 2704,3596 2737,3599"/><TextEquiv><Unicode>point en si beau chemin, puisque les manches places,</Unicode></TextEquiv></TextLine><TextLine id="r_tl_27" custom="readingOrder {index:26;}"><Coords points="1606,3651 2126,3699 2732,3665 2731,3611 1606,3614"/><Baseline points="1614,3638 1659,3644 1704,3644 1749,3647 1793,3650 1838,3650 1883,3653 1928,3653 1973,3653 2017,3650 2062,3653 2107,3653 2152,3653 2196,3653 2241,3653 2286,3653 2331,3653 2376,3653 2420,3656 2465,3656 2510,3656 2555,3656 2599,3653 2644,3653 2689,3650 2734,3650 2737,3647"/><TextEquiv><Unicode>mais tout à fait places, reprennent faveur; aussi</Unicode></TextEquiv></TextLine><TextEquiv><Unicode></Unicode></TextEquiv></TextRegion><TextRegion id="tr_1780992612" custom="readingOrder {index:7;} structure {type:footnote;score:0.99;}"><Coords points="1623,3757 2057,3757 2057,3854 1623,3854"/><TextLine id="tr_1780992612_tl_1" custom="readingOrder {index:0;}"><Coords points="1646,3835 1687,3830 1735,3856 1762,3841 1869,3854 1940,3825 1994,3849 2011,3835 2048,3851 2046,3760 1977,3752 1909,3783 1864,3759 1773,3774 1750,3754 1718,3773 1687,3754 1644,3767"/><Baseline points="1653,3814 1698,3814 1743,3814 1787,3817 1832,3817 1877,3817 1922,3817 1967,3817 2011,3817 2050,3820"/><TextEquiv><Unicode>(1) 23, rue Vivienne.</Unicode></TextEquiv></TextLine><TextEquiv><Unicode></Unicode></TextEquiv></TextRegion></Page></PcGts>