2959 4075
1742 113 1888 193 224
1629 320 1973 437 Mosaïque.
724 526 1757 601 Henri IV avait un grand épagneul, qui, pendant
680 589 1757 665 quelque temps, avait été son favori, couchant à ses
682 649 1761 709 pieds et nourri de sa main. Le pauvre chien perdit
672 706 1752 769 les bonnes grâces de son maître, et, par conséquent,
672 751 1764 810 tous l’abandonnèrent. Agrippa d’Aubigné le trouva
675 809 1752 881 demi-mort de maladie et de faim. Il en eut pitié, le
665 855 1757 948 soigna, le rétablit, et le renvoya au roi, portant un
663 922 1634 1010 collier sur lequel était gravé le sonnet suivant :
698 985 1466 1060 Sire, votre Citron, qui couchait autrefois
693 1040 1486 1112 Sur votre lit paré, couche ores sur la dure
704 1088 1461 1163 C’est ce fidèle chien qui apprit de nature
690 1146 1444 1224 A faire des amis et des traîtres le choix.
697 1217 1518 1290 C’est lui qui effrayait les brigands de sa voix,
694 1264 1738 1347 Et de dents les meurtriers. D’où vient donc qu’il endure
693 1317 1635 1398 La faim, le froid, les coups, les dédains et l'injure,
697 1359 1456 1437 Paiement coutumier du service des rois ?
693 1435 1452 1532 Sa fierté, sa beauté, a jeunesse agréable,
689 1503 1481 1577 Le fit chérir de vous ; mais il fut redoutable
686 1567 1474 1652 A vos haineurs, aux siens, par sa dextérité.
689 1637 1485 1702 Courtisans, qui jetez vos dédaigneuses vues
689 1680 1586 1758 Sur ce chien délaissé, mort de faim par les rues,
679 1737 1261 1810 Attedez ce loyer de la fidélité.
679 1798 1726 1899 « Le roi, ajoute d’Aubigné, changea de couleur à
635 1876 1715 1958 cette lecture et resta tout confus. » Il rendit ses bon¬
635 1918 1719 2036 nes grâces à l’auteur, qui, depuis quelque temps, était
1840 519 2920 667 aussi laissé à l’écart; mais l‘histoire ne dit pas si le
1850 608 2917 710 pauvre épagneul reprit sa place au service de son
1839 678 2921 773 maître; le but du sonnet était rempli, puisqu'il avait
1838 710 2917 807 rétabli le courtisan dans la faveur royale : le chien
1838 776 2916 866 qui avait servi au spirituel d'Aubigné de messager et
1835 820 2642 919 de symbolle ne fut-il pas alors oublié?
1880 910 2910 1025 Une pensée infaillible me saisit chaque soir, à l'in¬
1824 991 2905 1090 stant où je mets la main sur le premier bouton de
1824 1047 2916 1141 mon habit pour me deshabiller, et me dit : Voilà ta
1825 1108 2917 1206 démission d'un des jours qui te furent donnés: qu'en
1828 1142 2052 1232 as-tu fait ?
2174 1185 2847 1301 Lettres du marquis de Mirabeau.
1859 1279 2906 1410 Si chacun de nous se donnait pour tâche de rendre
1813 1374 2911 1456 la vie un peu douce aux cinq ou six personnes qui
1816 1421 2906 1527 dépendent de lui, le grand problème du bien-être uni¬
1818 1469 2405 1571 versel serait presque résolu.
2336 1537 2779 1631 Mme E. DE GIRARDIN.
1857 1604 2891 1737 Le corps est l'instrument de l'âme, et l’âme l‘in¬
1810 1682 2194 1777 strument de Dieu.
2510 1754 2761 1832 PLUTARQUE.
1842 1855 2891 1951 Ta destinée fût-elle de vivre un siècle, apprends
1803 1905 1997 1980 toujours.
2463 1963 2787 2051 Maxime russe.
1538 2163 1957 2211 REBUS
1262 3692 2160 3779 Paris. — Typ. Morris et comp., rue Amelot, 64.
