2939 4158
1558 45 1684 138 344
466 141 1575 218 qu'en 1720 que l’Opéra italien fut ouvert de nouveau
466 202 1578 264 sous le titre d'Acadèmie royale de musique, à l'imita¬
466 260 1574 322 tion de l’Opéra de Paris. Une souscription avait été
463 308 1576 374 faite, parmi les premiers personnages du royaume,
475 363 1569 442 pour l'entretien de cet établissement, et cette sous¬
463 411 1574 480 cription avait été portée jusqu'à la somme de 50,000 li¬
470 462 1572 533 vres sterling. Le roi s'était inscrit pour mille guinées.
460 530 1576 592 Ilaendel avait été engagé comme compositeur; peu
468 586 1571 648 de temps après, on lui donna pour rivaux Bononcini,
466 638 1574 716 qu'on avait fait venir de Bologne, et Attilio Ariosti, qui
469 684 1566 773 précédemment était à Berlin. Mais ces deux musiciens,
472 754 1574 822 quel que fût leur talent, ne pouvaient lutter contre
463 807 1569 869 un homme de génie tel que Haendel; la lutte fut
458 862 1562 928 bientôt terminée, et Bononcini finit même par tomber
455 922 1138 980 dans un état voisin de la misère.
506 938 1566 1033 Haendel avait été chargé du soin de choisir les
469 1020 1562 1081 chanteurs : parmi ceux qu'il engagea se trouvait Se¬
463 1078 1568 1141 nesino, alors le premier contraltiste de l’Italie, et l‘un
458 1129 1568 1194 des chanteurs les plus parfaits qu'il y eût au monde
455 1184 1558 1243 dans le genre d’expression. La saison ouvrit par
455 1240 1564 1300 Numitor, opéra de G. Porta; puis Haendel donna son
451 1294 1566 1352 Radamiste, où se font remarquer plusieurs airs et un
455 1349 1564 1417 duo de la plus grande beauté. L’Angleterre allait
458 1404 1566 1475 offrir alors le premier exemple d’une de ces guerres
458 1461 1565 1521 musicales qui se sont reproduites depuis dans divers
460 1516 1558 1582 pays et en diverses circonstances : il s'agissait de deux
451 1575 1559 1630 cantatrices pour lesquelles tous les amateurs se divi¬
448 1614 1551 1685 sèrent en deux partis et se rangèrent sous deux ban¬
451 1682 1558 1736 nières distinctes. L'une était la Cuzzoni, qui étai née
451 1730 1562 1792 à Parme, et qui arriva à Londres au commencement
451 1785 1551 1840 de l’année 1723. L’autre s’était déjà fait une réputa¬
451 1838 1569 1910 tion brillante sous le nom de Faustina : elle était
458 1891 1561 1958 Vénitienne. Lorsqu’elle vint en Angleterre, en 1726,
445 1942 1559 2006 la Cuzzoni était déjà en possession de toute la faveur
455 2003 1555 2062 du public. La violence des débats qui eurent lieu à
448 2054 1555 2117 l’Opéra entre les partisans de ces deux cantatrices,
445 2110 1561 2179 dont les talents étaient également remarquables dans
451 2167 1557 2225 des genre différents, ne put être calmée que par le
455 2226 900 2287 départ de la Cuzzoni.
1699 124 2774 203 La tranquillité ne fut cependant pas rétablie entre
1657 199 2780 250 les amateurs de musique, car il existait aussi une
1664 246 2768 309 rivalité très-ardente entre Haendel et Bononcini : les
1660 295 2771 362 effets de cette lutte furent tels qu’ils se firent sentir
1664 356 2770 410 longtemps encore après le départ de Bononcini, en
1664 403 2776 469 1727. Les partisants de celui-ci, mécontents de ce qu'il
1651 455 2776 517 avait été obligé de quitter l’Angleterre, refusèrent de
1651 509 2774 569 souscrire pour le maintien de l’Opéra-Italien. En
1651 573 2774 627 1728, la somme de 50,000 livres sterling s’était trou¬
1660 613 2774 684 vée insuffisante, malgré l’addition du prix des billets
1651 685 2776 742 vendus à la porte; personne ne voulait engager sa
1651 742 2774 802 respondabilité, et le théâtre fut fermé. La salle de
1646 791 2773 853 l’Opéra appartenait alors à un M. Heidegger qui était
1654 843 2776 908 connu à Londres sous le nom du comte Suisse; cet
1657 898 2774 969 étranger s’associa avec Haendel, dans l’automne de
1646 953 2767 1014 1728, pour faire revivre l’Opera Italien, et ce dernier
1657 1018 2773 1081 partit pour aller engager des chanteurs en Italie;
1654 1061 2771 1141 parmi ceux qu’il choisit on remarquait Bernacchi,
1651 1124 2768 1186 grand professeur dans son art. Haendel fit pour
1646 1185 2768 1236 l’ouverture de son théâtre un de ces cours de force
1646 1230 2767 1290 dont les hommes de génie sont seuls capables; son
1651 1280 2768 1352 opéra de Lothaire fut composé, répété et joué en
1636 1332 2768 1398 moins de quinze jours, et son succès fut tel qu’il suffit
1654 1400 2763 1462 pour toute la saison. De retour en Angleterre, en 1730,
1643 1449 2764 1521 Senesino et ensuite la Cuzzoni s’engagèrent à l’Opéra,
1643 1503 2764 1568 dirigé par Haendel, mais ils ne purent s’entendre avec
1643 1562 2757 1633 lui : dans cette querelle, une partie de la noblesse
1648 1617 2770 1681 prit parti pour les chanteurs, et, Haendel se voyant
1648 1674 2767 1737 privé du secours de ces deux artistes célèbres, fut
1647 1737 2757 1784 obligé de faire un second voyage en Italie pour y re¬
1640 1784 2757 1836 cruter sa troupe. Là, il eut occasion d’entendre Fari¬
1636 1832 2754 1891 nelli, et, par une singularité inexplicable, cet admi¬
1633 1886 2763 1952 rable chanteur ne lui plut pas. Il préféra Carestini,
1643 1948 2764 2002 et écrivit pour celui-ci son Caius Fabricius, dans
1633 1996 2572 2066 lequel il le fit débuter le 14 décembre 1733.
2266 2102 2643 2191 MARIE LASSAVEUR.
1979 2208 2623 2283 (La suite au prochain numéro.)
1199 2432 1986 2554 Revue Musicale.
489 2665 1562 2753 Nous avons dit que le Cheval de Bronze avait eu à
445 2729 1552 2790 l’Opéra un excellent accueil. Il était de notre devoir de
439 2788 1555 2842 rendre compte à nos lectrices des sympathies du public
448 2843 1545 2898 pour l’illustre maître qui a, par tant de charmantes com¬
451 2884 1548 2944 positions, honoré la science musicale et charmé nos longues
442 2942 1558 2999 soirées d'hiver. Mais s'il nous est permis d'émettre une fois
442 2983 1557 3041 par hasard notre opinion personnelle, nous dirons qu'il est
436 3038 1555 3093 à regretter que cette jolie fleur, transplantée sur une autre
432 3086 1547 3146 terre, ait perdu sa simplicité primitive. Donner à la féerie
439 3132 1542 3191 du Cheval de Bronze toutes les splendeurs que le sujet com¬
445 3185 1545 3239 porte, y joindre l’élément chorégraphique, si étroitement
439 3226 1540 3284 uni à la fiction théâtrale, c’était le but qu’on se proposait.
442 3273 1540 3332 L'a-t-on atteint? C’est ce dont je doute. Sous le rapport
439 3328 1537 3382 de la représentation, du luxe des costumes, de la richesse
445 3373 1542 3432 des décors, on pourra répondre oui; mais sous le rapport
442 3427 1545 3480 bien plus important de la musique, la question ne peut
439 3472 1542 3527 être résolue que d'une façon négative. En effet, les quel¬
442 3526 1540 3581 ques motifs que M. Auber a ajoutés à son opéra comique,
445 3568 1547 3630 n'ont pas suffi pour donner à la pièce le caractère élevé
439 3623 1542 3691 d'un grand opéra. La portion est restée la même ; nous
441 3661 1541 3733 l’avons entendue souvent, nous l’ avons gardée dans notre
435 3723 1545 3795 souvenir, et de quelque vêtements simples ou splendides
1644 2644 2752 2753 qu’on la décore, elle n’en reste pas moins ce que nous l’a¬
1640 2737 2754 2794 vons connue. Pourquoi donc cette ambition éternelle des
1633 2787 2752 2845 hommes, de vouloir faire de grandes choses avec les pe¬
1633 2832 2768 2886 tites ? Ce vieil adage, tant de fois répété : Tel brille au
1636 2889 2759 2937 second rang qui s'éclipse au premier, ne serait-il pas appli¬
1633 2928 1993 2996 cable dans ce cas ?
1670 2990 2757 3050 Il n’en saurait être de même de l’apparition d’Euryanthe
1633 3043 2753 3103 au Théâtre-Lyrique ; les chefs-d’œuvre sont destinés à faire
1636 3086 2760 3143 école, et la magnifique trilogie de Weber, Freyschütz, Oberon
1633 3136 2757 3191 et Euryanthe, devait essentiellement se populariser dans un
1640 3182 2756 3259 pays où tout ce qui est beau, noble et intelligent trouve des
1627 3228 2122 3287 admirateurs et des échos.
1672 3287 2752 3355 Après six mois de sieste poétique sous les ombrages cen¬
1631 3331 2754 3406 tenaires des vieux châteaux, ou de pérégrination à travers
1634 3384 2752 3449 les itses pyrénéens, on retrouve avec plaisir sa bonne ville
1627 3427 2752 3499 de Paris, toujours fringante, tou jours joyeuse, toujeurs ar¬
1633 3490 2752 3552 tiste ; aussi, lorsqu’on est arrivé, encore imprégné de la
1634 3535 2754 3612 poussière des grandes route, a-t-on soif d’un peu de musi¬
1630 3591 2744 3641 que nouvelle, d’un peu de bonne musique surtout. Malheur
1634 3640 2746 3706 eusement, l’heure solennelle n’a pas sonné, et si quelques
1627 3681 2749 3740 bruits avant-coureurs se font entendre de loin en loin, il
1631 3740 2752 3815 faut avouer qu’ils ne valent pas la peine d’abandonner la
