2897 4318
1214 232 1353 315 169
136 337 1224 406 à ne pas laisser déchoir, et que, d’ailleurs, je possé¬
144 393 1222 462 dasse par moi-même assez de bien pour vivre à dix,
142 447 1226 513 au lieu de marier ma fille à un marchand de drap,
142 509 1231 569 je la marierais à un homme de mon métier, aussi
144 562 1225 620 savant que moi, qui, n’ayant rien, prendrait avec
144 613 1224 675 reconnaissance la moitié de ma place d’abord, ma
150 671 1224 727 place tout entière après, continuant la bonne renom¬
142 725 1231 785 mée que j’aurais su acquérir, et surtout, surtont ne
144 778 982 847 me séparant pas de mon unique enfant !
241 821 1224 903 Quelque chose va t'étonner, toi qui es mon inspi¬
142 881 1224 943 ration chérie, dit M. Meyer en caressant les cheveux
144 939 1218 1038 de sa fille, cette fois je t’avais devancée; cette idée
139 986 362 1056 je l'ai eue.
235 1024 1199 1110 En vérité ! fit Camille rougissante et souriante.
246 1093 1222 1169 Mais Parmentier, car c’est bien de Parmentiers
144 1154 1210 1254 qu’il est question, n’est-ce pas? Parmentier, fort dif-
136 1218 1229 1280 férent en cela de son ami Cistac, s'ouvre si peu, que...
236 1277 1209 1374 Sa réserve est la preuve d'une honorable dis¬
146 1328 297 1402 crétion.
242 1392 791 1466 Et puis, il est si soucieux!
246 1429 444 1508 Un exilé!
236 1490 462 1561 Si rêveur!
236 1539 1218 1618 Ses rêves sont productifs, vous en savez quelque
129 1598 268 1679 chose !
234 1621 868 1727 Plus âgé que toi de beaucoup !
231 1704 781 1778 De quinze ans seulement.
231 1761 1220 1832 Fort bien! mais que Parmentier soit le mari qui
131 1830 1217 1893 plaise à ta jeune imagination, que ce soit le gendre
129 1880 1210 1952 qui me convienne, nous ne pouvons cependant pas
124 1918 736 1988 l'aller demander en mariage!
234 1969 333 2036 Oh!
179 2023 522 2100 — Tu vois bien !
227 2078 1216 2141 Sans demander les gens en mariage, on les
117 2144 1210 2211 sonde, on les interroge, on les encourage ; moins ils
124 2200 1206 2263 sont riches, plus l’on est explicite; cela, adroitement,
129 2251 1207 2307 et en ayant soin de sauvegarder l’amour-propre de sa
117 2294 271 2360 fille! —
296 2300 1194 2365 Je crois monsieur Parmentier très-pauvre
116 2342 715 2423 conclut mademoiselle Meyer.
219 2405 1202 2470 Jentends; mais si l'on répondait par une fran¬
117 2446 411 2515 che négation ?
223 2514 1203 2585 J'y ai songé, fit la jeune fille, sa voix prenant
111 2568 1196 2630 l'accent d'une mélancolie touchante; il est question,
121 2618 1199 2687 dit-on, d’un échange de prisonniers; dans le cas dont
122 2669 1199 2740 vous parlez, vous seriez assez bon pour usur de votre
111 2713 1194 2793 influence, afin que monsieur Parmentier et monsieu
120 2766 935 2852 Cistac fussent compris dans l'échange. »
160 2832 1191 2894 M. Meyer serra sa fille dans ses bras; lorsqu’elle
111 2879 1181 2962 releva la tête, ses yeux brillaient d’un éclat inaccou¬
116 2933 1191 3015 tumé; quelques pleurs s’en étaient-ils échappés? le re¬
117 2992 1189 3055 tour de monsû Cistac ne tarda pas à venir mettre fin
118 3030 432 3113 à leur émotion.
161 3106 1194 3183 « Quel terroir pour la barbe, que celui de l'antique
125 3143 1188 3230 Germanie! disait le Gascon ; ce n’est pas précisément
126 3213 1188 3284 qu’elle y pousse plus qu’en d’autres lieux, mais plus
126 3259 1188 3345 qu’en d’autres lieux il me semble qu’on tienne à se
122 3307 1187 3407 débarrasser de celle qu'on a ; ferai-je la vôtre, cher
122 3350 478 3422 monsieur Meyer ?
214 3417 1191 3499 - Non, cher monsieur Cistac; en ce moment j'ai
113 3464 289 3527 à sortir.
205 3519 1187 3622 - Nous eussions repris notre petite conversation
107 3571 320 3640 de tantôt.
214 3623 1187 3732 Je vous permets de la continuer avec Camille,
110 3671 671 3758 dit M. Meyer avec malice.
206 3748 1178 3835 Mais, mais, cher monsieur Meyer, criait le Gas¬
113 3790 1188 3879 con en suivant M. Meyer jusque dans la rue, je ne
1305 311 2406 403 puis comme cela... il me faudrait, du moins, un in¬
1309 385 1529 459 terprète. »
1357 426 2409 518 Et comme M. Meyer était déjà loin, et qu’en se re¬
1305 494 2410 564 tournant Cistac se trouva nez à nez avec Parmentier :
1353 561 2406 624 « Eh donc! voici mon affaire, s'écria-t-il. Mon cher,
1312 610 2410 679 un mot ! Tu sais, non, tu ne sais pas, je n’en avais
1305 672 2404 722 encore fait confidence à personne, mais je vais t'ou¬
1314 726 2406 788 vrir toute mon âme. Mon cher, l’antique Germanie
1305 781 2395 843 a pour moi un irrésistible attrait; je songe à y fixer
1305 839 2401 895 mes pénates; pour cela, j’ai jeté les yeux sur la petite
1304 886 2397 965 Meyer ; ce matin je l’ai laissé entendre au papa; il
1305 943 2401 1013 m’agrée, ou c’est tout comme, puisqu’il me permet
1304 983 2391 1067 de me déclarer à Camille; seulement, moi, le brave
1309 1048 2391 1115 parM Excellence, je suis gêné devant cette petite; rends¬
1304 1110 2387 1187 moi un service d'ami, rends-moi le service de parler
1312 1148 1512 1221 pour moi.
1409 1209 2387 1286 Moi! s’écria Parmentier dont l’âme se trouva
1299 1254 2096 1317 saisie d'une vive et soudaine douleur.
1407 1319 2387 1392 Toi-même; va! l’instant est favorable, et j’ai
1302 1371 2377 1446 quelque lieu de penser que tu ne seras point mal ac¬
1298 1415 1449 1484 ßeneilli.
1394 1471 1500 1530 Ah!
1396 1522 2386 1596 - Oui. Va donc ! sois éloquent, parle de mes petits
1294 1581 1935 1650 mérites, de mes petits talents...
1408 1649 2386 1709 De tes nouveaux talents ? demanda Parmentier
1292 1694 1904 1752 avec un sourire un peu triste.
1401 1742 2387 1815 Mauvais plaisant! riposta le Gascon. N’oublie
1294 1794 2387 1858 rien, poursuivit-il ; je reviendrai dans un quart
1295 1844 1510 1911 d’heure. »
1335 1902 2382 1965 Sans se consulter, car il avait jusqu’à ce jour évité
1294 1955 2376 2028 d’interroger son cœur, et plus que jamais il craignait
1291 2018 2377 2075 d’y lire, debout auprès de Camille, dont l’aiguille
1287 2065 2365 2133 martyrisait quelque bel ouvrage de fine longerie,
1295 2119 2375 2177 Parmentier essaya de remplir la mission dont on
1286 2175 2361 2241 l'avait si intempestivement chargé; mais aux pre¬
1286 2223 2362 2295 miers mots qui sortirent de ses lèvres, soit qu’il s’ex¬
1290 2276 2373 2342 primât d’une façon ambiguë, soit que Camille fût
1286 2338 2368 2386 disposée à se méprendre étrangement, toujours est-il
1290 2387 2373 2446 qu’elle traduisit ce qui lui était dit de la façon qui lai
1292 2448 2368 2504 plaisait le mieux, et qu’ensuite, craignant de s’être
1284 2493 2370 2560 laissé deviner, elle s'enfuit dans sa chambre, avant
1286 2551 2365 2600 que Parmentier eût pu expliquer au nom de qui il
1290 2590 1445 2655 parlait.
1332 2641 2365 2713 Parmentier n’était pas revenu de sa stupeur, que
1286 2696 2358 2762 M. Meyer, auquel Camille avait pu dire un mot, ren¬
1276 2749 2354 2809 tra l’embrasser comme gendre, avec une telle cordia¬
1276 2809 2362 2867 lité, qu’il ne savait plus, vraiment, s’Il n’était pas le
1276 2853 2365 2932 jouet d'un rêve, et que, seule, la présence du Gascon
1276 2916 2200 2982 put rétablir quelque équilibre dans ses idées.
1317 2970 2354 3029 M. Meyer s’était éloigné pour aller préparer, avait-il
1283 3020 2039 3074 dit, la minute du contrat de mariage.
1317 3070 2347 3128 « Eh bien! eh bien, mon petit ! faisait Cistac en se
1273 3124 2347 3182 frottant les mains, mon bonheur est assuré, n’est-il
1270 3176 2342 3248 pas vrai? Tu as été éloquent, pathétique? Merci! A
1270 3234 2343 3294 charge de revanche ! Si tu m'en crois, tu feras comme
1270 3293 2339 3345 ton competriole et ami, tu te choisira: une épouse
1276 3340 2342 3407 parmi les blanches filles de l’antique Germanie, et tu
1270 3387 2344 3458 diras pour jamais adieu à la France. Avec cela qu'il
1266 3432 2329 3524 y fait bon, en France, pour le quart d’heure! La ga¬
1265 3499 2344 3554 zette annonce une famine atroce, une famme comme
1270 3546 2335 3616 on n’en aura pas vu depuis des siècles; tout a man¬
1273 3611 2347 3674 qué, tout manque; ils vont se manger les uns les
1268 3653 1574 3736 autres, là-bas !
1383 3697 2031 3770 Que dis-tu? s'écria Parmentier.
1386 3765 2347 3832 Que les blés sont perdus, les seigles aventurés,
1265 3812 2347 3895 à ce que dit toujours la gazette; que le contenu des
