2822 3966
1554 103 1712 185 100
986 179 1153 249 LE DOGE.
578 243 1601 285 Je savais que mon cœur ne vous traiterait jamais avec
542 269 1601 334 dureté, je savais que mes jours ne vous importuneraient
538 325 1601 389 pas longtemps, et après mon trépas, la fille de mon ami,
544 370 1597 427 sa vertueuse fille, dans la fleur de l'âge, héritière du nom
542 417 1600 464 et des biens d’un prince, et, pour prix de son indulgence
546 473 1596 520 envers un vieillard pendant quelques étés, la fille de mon
546 510 1600 571 meilleur ami pourrait encore user de ses droits, trouver un
546 564 1600 621 époux dont l'âge fût plus assorti au sien, et un cœur digne
544 609 794 681 de sa fidélité.
966 643 1162 702 ANGIOLINA.
587 690 1596 748 Seigneur, pour remplir tous mes devoirs et me montrer
542 741 1594 801 la vertueuse épouse de celui qui possède ma main, je n'ai
542 788 1594 848 écouté que mon cœur; une espérance ambitieuse ne troubla
539 831 1594 893 jamais mes songes, et, si l’heure dont vous parlez arrivait,
535 879 1590 935 je saurais le prouver... vous serez toujours honoré par moi ;
538 935 1590 980 mais puissent vos jours être nombreux encore... et plus
539 968 1588 1025 heureux qu'aujourd'hui ! vous redeviendrez calme, ce que
538 1011 1180 1069 vous devez être, ce que vous fûtes...
978 1067 1144 1122 LE DOGE.
578 1107 1588 1170 Je serai ce que je dois être, ou rien; mais jamais, oh !
532 1148 1594 1209 jamais la douce paix de l’âme ne versera ses rayons sur le
539 1206 1582 1259 peu de jours ou d'heures réservés à la triste vieillesse de
530 1244 1217 1305 Faliero... Que ne suis-je mort à Zara!
956 1304 1164 1356 ANGIOLINA.
566 1343 1589 1404 C’est à Zara que vous sauvâtes la République : vivez
530 1391 1585 1446 donc pour la sauver encore : un seul jour comme celui-là
535 1440 1164 1501 serait une vengeance digne de vous.
975 1482 1142 1542 LE DOGE.
566 1527 1588 1596 Un jour semblable ne luit qu’une fois dans un siècle... et
530 1580 1582 1640 Venise a oublié ce jour... pourquoi donc m'en souvien¬
1676 173 2723 268 drais-je ? Adieu, tendre Angiolina, il faut que je me retire,
1671 235 2723 306 j'ai encore beaucoup à faire, et l'heure court à grands pas.
2107 288 2306 344 ANGIOLINA.
1712 326 2723 403 Permettez-moi de rester avec vous un instant, encore un
1673 380 2436 443 seul instant, je ne puis vous laisser ainsi.
2119 432 2280 487 LE DOGE.
1716 465 2728 535 Viens donc, ma tendre fille. Pardonne-moi, tu naquis
1673 519 2723 583 pour un sort plus heureux que celui que tu partages avec
1673 562 2719 622 moi. Ma fortune devient plus sombre à l’approche de cette
1671 614 2723 671 profonde vallée, où la mort est assise enveloppée de vastes
1671 662 2716 712 ténèbres qui s'étendent sur tout. Quand j'aurai cessé d'être.
1665 705 2720 766 et peut-être sera-ce bientôt, car je sens au dedans de moi
1668 757 2723 815 une agitation qui peuplera les tombeaux de cette cité d'au¬
1668 801 2724 863 tant de victimes que la guerre ou la peste... quand je ne
1664 835 2714 904 serai plus, que mon nom soit prononcé par tes douces lè¬
1673 893 2726 958 vres, que ta pensée accorde un souvenir à ce que je fus. Je
1665 940 2716 992 ne veux point de pleurs, je ne te demande qu'un souvenir.
1665 987 2349 1057 Allons! ma fille... le temps presse!...
1711 1045 2723 1129 Nous avons donné, dans cet article, une plus large
1681 1110 2727 1169 part au drame qu'à l'histoire, parce que l'Histoire est
1679 1166 2728 1217 peu explicite sur le crime et la mort de Faliero. Il
1671 1214 2723 1267 semble que les vieux chroniqueurs de Venise aient
1665 1251 2723 1325 rougi de cet attentat d'un prince contre ses sujets,
1668 1312 2714 1375 de cet acte de démence qui couronnait une vie hono¬
1661 1366 2716 1423 rable et pure, et qu'ils n'aient pas voulu insister, dans
1668 1419 2716 1486 leurs annales, sur les détails de la conjuration qui
1665 1478 2720 1529 mena le vainqueur de Zara du trône à l'échafaud. La
1671 1523 2712 1581 patriotique fierté de Venise se retrouve dans ce si¬
1671 1576 1792 1657 lence.
1748 1765 1969 1844 M
1261 1783 1997 1907 IBUBLIOGIRAN MALE.
645 1986 1440 2085 VIE DE LA SOEUR ROSALIE,
794 2086 1304 2191 FILLE DE LA CHARITÉ,
746 2188 1343 2263 Par M. le vicomte de MELUN (1).
555 2358 1573 2444 Nous ne croyons pouvoir mieux faire connaître le
515 2424 1577 2506 livre que nous indiquons à nos lectrices qu'en citant
518 2496 1576 2559 quelques fragments d'une lettre d'un homme du
515 2548 1578 2607 monde, à qui la Vie de la sœur Rosalie était tombée
519 2599 1570 2664 sous la main. « Je ne sais, écrivait-il, quelle bonne
520 2643 1572 2719 inspiration j'ai eue d'ouvrir ce livre dimanche matin ;
520 2696 1570 2762 je ne l'ai quitté qu'après l'avoir achevé. Je ne pour¬
519 2751 1576 2818 rais vous dire tout le bien que j'en pense, ni tout les
516 2790 1582 2882 bien qu'il m'a fait : il me paraît impossible de le lire
511 2844 1574 2929 sans avoir les yeux pleins de larmes, le cœur plein
504 2906 1576 2988 de bons sentiments et de bonnes résolutions. Bref, ce
512 2956 1570 3028 livre a été pour moi une excellente prédication,
515 3021 1573 3078 celle de l'exemple, et cette pauvre Sœur m'a guéri de
514 3072 1577 3135 presque tout le mal que le monde m'a fait. On sent, au
520 3124 1576 3175 récit de cette vie, combien il doit y avoir de bonheur à
511 3169 1576 3227 se dévouer ainsi. Je demande à Dieu de me maintenir
520 3213 1573 3280 jusqu'à mon dernier jour dans l'état moral où m'a
523 3270 1576 3364 mis cette lecture, et je vous suis bien reconnaissant
516 3318 1023 3403 de me l'avoir indiquée. »
566 3358 1577 3475 On ne saurait mieux louer ce livre, ni rendre un
567 3495 1568 3607 (1) Paris, chez Mme Poussielgue-Rusand, 23, rue Saint¬
512 3528 1519 3657 Sulpice. Un volume in-8°, avec portrait, prix : 5 francs.
1660 2017 2723 2066 plus digne hommage à la mémoire de cette sainte
1658 2065 2723 2113 fille, qui, même après sa mort, fait encore du bien.
1664 2107 2728 2180 Le récit des vertus, la manifestation des bonnes
1658 2156 2731 2222 œuvres, sont une leçon éloquente et le plus puissant
1665 2218 2727 2271 des encouragements, et lors même que la main est
1665 2270 2727 2334 glacée et la voix éteinte, le récit des actions et des
1658 2325 2718 2385 paroles agit et enseigne encore. Sous ce rapport,
1658 2382 2723 2434 nulle vie ne pouvait être plus utile à publier que
1661 2424 2168 2492 celle de la Sœur Rosalie.
1701 2482 2724 2537 Elle était de notre temps, elle a habité au milieu
1658 2532 2723 2585 de nous; chacun a pu la voir, l'interroger à toute
1665 2575 2723 2638 heure ; elle a vécu en contact intime avec son siècle
1660 2642 2723 2702 et son pays, et chaque personne, quelle que soit sa
1665 2686 2723 2746 position, sa fortune et sa destinée, trouvera, dans la
1665 2739 2726 2795 vie de cette fille de Saint-Vincent-de-Paul, quelque
1658 2793 2727 2846 chose d’applicable à la sienne. Le riche y apprendra
1652 2840 2723 2901 l'usage qu'il doit faire de ses richesses; le pauvre, de
1665 2896 2715 2951 sa pauvreté; l’heureux, de ses joies; l'affligé, de sa
1658 2948 2718 3009 douleur ; le sceptique et l'égoïste, comment on croit,
1661 3000 2724 3059 on aime et on se sacrifie, et à quelle source divine se
1671 3052 2714 3107 puisent la foi et la charité. El cet enseignement pa¬
1657 3112 2723 3171 raîtra si simple et si facile, que chacun éprouvera le
1665 3148 2720 3207 désir de le voir mettre en pratique, et de faire un peu
1661 3214 2719 3264 quelquefois ce que la Sœur Rosalie faisait si bien et
1657 3258 1953 3326 tous les jours.
1701 3312 2716 3369 La Sœur Rosalie, dont la vertu, pour emprunter
1661 3368 2711 3419 une expression de madame de Sévigné, était devenue
1661 3421 2716 3495 une dignité, dont la mort a été pleurée comme une
1658 3465 2720 3523 calamité publique, n'avait cependant autour d'elle
1661 3524 2711 3574 aucun prestige de puissance, de richesse ou de posi¬
1668 3575 2719 3645 tion : elle ne fut qu’une fille de la charité, une servante
