2959 4075
1581 160 1744 243 194 —
506 222 1578 306 » rins, où le roi l’attendait, et, le lendemain, premier
495 299 1234 366 » de janvier, il épousa Madeleine. »
547 348 1576 409 Les ducs de Guise et tous les princes de la maison
506 406 1570 450 de Lorraine habitèrent tour à tour l’hôtel Cluny pen¬
502 455 1570 536 dant les guerres de religion. Vers 1665, l'illustre ab¬
506 505 1578 564 besse de Port-Royal-des-Champs, la mère Angélique
506 559 1581 616 Arnauld, y vint défendre les droits de son couvent
510 614 690 683 dispersé.
550 666 1571 728 Malgré cette succession d’hôtes diversement célè¬
499 706 1578 784 bres, l'hôtel Cluny demeurait toujours la propriété
506 764 1576 825 des puissants abbés qui l'avaient fait construire. Ils
506 825 1459 883 le louaient à bail, souvent aux rois eux-mêmes.
550 873 1578 942 Le plus récent des titres de propriété des abbés de
506 931 1578 997 Cluny, date du 25 juillet 1789; ce sont des lettres
511 991 1580 1045 patentes signées par Louis XVI, qui reconnaissent le
496 1035 1576 1102 cardinal de Larochefoucauld, archevêque de Rouen,
499 1089 1576 1146 abbé de Cluny, comme possédant en cette dernière
506 1144 1576 1198 qualité une maison appelée l’Hôtel de Cluny, sise à
499 1186 1576 1256 Paris, rue des Mathurins-Saint-Jacques, et qui l'au¬
499 1249 1578 1299 torisent, « vu que les abbés de Cluny ne font pas
501 1300 1577 1356 dans ladite ville un séjour assez long pour veiller
501 1353 1578 1423 eux-mêmes aux réparations de cette maison, » à cé¬
502 1408 1573 1478 der ledit hôtel à titre de bail emphytéotique, moyen¬
509 1464 1573 1525 nant une redevance annuelle de 4,500 livres, et au¬
507 1514 1131 1570 tres conditions portées à l’acte.
559 1567 1580 1622 Vers cette époque, voici à peu près, selon Piganiol
499 1617 1543 1683 de la force, l'aspect d'une partie de l'hôtel Cluny :
553 1726 1581 1791 « Tout ce qui reste entier de remarquable dans
499 1784 1581 1833 » l’hôtel de Cluny, c’est la chapelle qui est au pre¬
494 1833 1591 1881 » mier étage sur le jardin. Le gothique de l'architec¬
502 1877 1588 1950 » ture et de la sculpture en est très-bien travaillé,
499 1939 1578 1994 » quoique sans aucun goût pour le dessin. Un pilier
502 1991 1588 2053 » rond, élevé dans le milieu, en soutient toute la
499 2046 1578 2099 » voûte très-chargée debringing, et c'est de ce pi¬
496 2091 1592 2151 » lier que naissent toutes les arêtes. Contre les murs
499 2150 1581 2215 » sont placées par groupes, en forme de mausolées,
499 2204 1576 2257 » les figures de toute la famille de Jacques d’Am¬
509 2254 1588 2311 » boise, entre autres du Cardinal ; la plupart sont à
509 2311 1577 2378 » genoux, avec les habillements de leur siècle, très¬
499 2360 1094 2416 » singuliers et bien scriptés.
550 2418 1592 2471 » L'autel est placé contre le mur du jardin qui est
499 2468 1591 2533 » ouvert dans le milieu par une demi-tourelle en
502 2522 1581 2581 » saillie, fermée par de grands vitraux dont les vi¬
502 2581 1581 2638 » tres, assez bien peintes, répandent beaucoup d'ob¬
498 2627 691 2686 » scurité.
544 2682 1585 2737 » En dedans de cette tourelle, devant l'autel, on
501 2733 1577 2788 » voit un groupe de quatre figures, de grandeur natu¬
502 2786 1582 2845 » relle, où la sainte Vierge est représentée tenant le
496 2837 1585 2897 » corps de Jésus-Christ détaché de a croix, et couché
496 2886 1592 2965 » sur ses genoux ; ces figures sont d'une bonne main
487 2950 1576 3004 » et fort bien dessinées pour le temps. On y voit en¬
487 2998 1589 3065 » core, comme dans tout cet hôtel, un nombre infini
487 3052 1589 3121 » d'écussons aux armes de Clermont et beaucoup de
494 3115 1582 3174 » coquilles et de bourdons, par une froide allusion
481 3169 1581 3235 » au nom de Jacques. On montre dans la cour de cet
481 3224 1577 3277 » hôtel le diamètre de la cloche appelée Georges
491 3279 1576 3340 » d'Amboise, qui est dans une des tour» de la cathé¬
481 3332 1581 3401 » drale de Rouen, et qui est tracé sur la muraille de
491 3384 1581 3450 » cette cour, où l’on assure qu’elle a été jetée en
485 3438 694 3509 » fonte. »
1244 3446 1377 3517 .
528 3556 1578 3624 La révolution passa, à l’hôtel Cluny comme ailleurs,
483 3594 1580 3679 le marteau des démolisseurs à la main. Les mignon¬
481 3668 1580 3727 nes scriptures que Piganiol de la force apprécie selon
479 3712 1576 3811 le goût de son temps, furent mutilées. On décou¬
1661 230 2725 324 ronna le portail de ses riches ornements, on abattit
1658 306 2722 374 les créneaux du mur, et l'on écrivit en lettres rouges
1656 350 2715 429 sur la façade de la maison de Jean de Bourbon et de
1651 413 2561 468 Jacques d'Amboise : « PROPRIÉTÉ NATIONALE. »
1703 465 2721 539 Les Statues de la famille d’Amboise qui se rangeaient
1663 510 2712 588 autour des murs de la chapelle, comme de muets té¬
1650 570 2722 644 moins du passé, furent hachées et employées en guise
1658 617 2721 690 de matériaux de construction pour bâtir un mur dans
1655 662 2721 736 la salle basse qui est au-dessous de la chapelle. Ce
1659 720 2719 795 mur avait pour but de dissimuler le charmant esca¬
1658 776 2725 847 lier qui décore cette salle et qui a été découvert lors
1661 834 2482 893 des travaux pour l’installation du musée.
1711 882 2723 950 Vers la fin de la révolution, l’hôtel Cluny fut acheté
1651 935 2726 1000 à la nation par un nommé Baudot, médecin et ancien
1658 1000 2722 1054 représentant. Ensuite il passa entre les mains d'un
1655 1037 2723 1102 libraire bien connu, M. Leprieur, qui le vendit enfin
1654 1089 2264 1148 à M. du Sommerard, en 1833.
1695 1149 2726 1223 Alexandre du Sommerard, né à Bar-sur-Aube en
1728 1196 2729 1270 9, et mort à Saint-Cloud en 1842, fut un de ces
1661 1256 2734 1318 génies patients et infatigables qui écrivent l'histoire
1659 1312 2664 1371 intime avec les épaves de l'art et de l’industrie.
1703 1362 2734 1418 Ils glanent çà et là un meuble, une tenture, une
1661 1419 2730 1466 statue, un tableau, une poterie, un émail, un usten¬
1658 1475 2730 1526 sile de ménage, et avec cela ils reconstruisent tout un
1659 1512 2263 1589 intérieur et toute une époque.
1707 1567 2729 1637 Au milieu des bahuts scuptés, des tentures de cuir,
1656 1619 2730 1691 des dressoirs chargés de faïences à fleurs, des immenses
1658 1670 2733 1741 lits à colonnes qui accrochent leurs ciels aux solives
1656 1733 2733 1788 noircies des plafonds, on se représente les ménagères
1658 1780 2304 1836 soigneuses et les nobles dames
2330 1784 2737 1846 portant à leur cein¬
1662 1836 2733 1902 ture des aumônières ciselées et des clefs si mignon¬
1666 1891 2737 1943 nement ornées d’arabesques, si joliment fleuries de
1661 1942 2740 1995 trèfles, si fièrement armoriées, qu’elles devenaient
1656 1988 2082 2062 des bijoux précieux.
1706 2050 2740 2108 C'étaient comme les breloques de montre de nos
1661 2093 2733 2158 arrière-grand mères , et « madame la royne Marie »
1663 2145 2732 2209 devait en porter un trousseau de pareilles sur ses vê¬
1661 2206 2733 2258 tements de laine blanche, alors qu’elle habitait à
1658 2258 2671 2322 l'hôtel Cluny la chambre qui précède la chapelle.
1706 2312 2733 2378 Dans ces bancs d’œuvre de chêne dont les sculp¬
1669 2361 2737 2420 tures raccontent toute une légende, sur ces stalles ca¬
1673 2420 2741 2478 pitulaires, sauvées des ruines de quelque basilique
1663 2470 2727 2527 écroulée, se groupent ou se rangent d’illustres sei¬
1669 2526 2737 2579 gneurs entourés de leur maison ou des moines à la
1663 2582 2205 2633 tête rase et aux pieds nus.
1709 2629 2732 2690 Sous les manteaux de ces vastes cheminées où brû¬
1663 2682 2732 2742 lait un fagot entier en travers des landiers (1) de fer
1663 2733 2732 2797 forgé, s’abrite toute une famille de riches bourgeois.
1713 2788 2733 2845 Sur les balcons brodés des tourelles gothiques pas¬
1663 2847 2738 2902 sent les châtelaines, le faucon au poing ou le reli¬
1673 2891 2625 2961 quaire au cou et le missel enluminé à la main.
1721 2951 2741 3004 Voici pour les chapelles en renom les ex-voto d’i¬
1673 3002 2741 3061 voire aux fines sculptures, ou même les châsses d'or
1666 3055 2741 3109 repoussé au marteau, les ostensoirs de filigrane aux
1666 3111 2734 3166 fleurs d’émail ou de pierres précieuses qui raccontent
1663 3166 2733 3224 les longues dévitions de nos pères, leurs Saints en¬
1669 3213 2737 3275 thousiasmes, leurs pieuses fondations. Enfin, au mi¬
1663 3269 2738 3334 lieu de ces débris, apparaît une époque disparue,
1669 3318 2737 3388 toute une civilisation, toute une société qui se meut,
1665 3373 2737 3446 s'agite, respire, marche et se transforme de siècle en
1666 3439 2519 3504 siècle, d'année en année, de jour en jour.
1711 3472 2726 3558 Alexandre du Sommerard fut un des premiers ad¬
1663 3528 2727 3619 mirateurs passionnés de l'art du moyen âge et de la
1706 3723 1946 3805 (1) Chenets.
