2822 3966
1566 185 1683 270 188
527 246 982 346 31, Elodie; plumetis.
529 323 1064 399 32, Élise; plumetis riche.
536 387 1113 453 33, F. S. enlacés; plumetis.
536 430 1244 495 34, A. T. enlacés; plumetis feudu.
536 484 1293 559 35, J. G.; plumetis simple ou feston.
538 527 1551 596 36, ENTRF-DEUX pour poignets de manches et pour
491 590 794 661 robes d'enfant.
534 632 1293 709 37, G. R.; plumetis simple ou feston.
538 705 1558 757 38, G. M.; plumetis simple ; fais le milieu avec du
486 752 1553 813 coton blanc, et les cordonnets des côtés avec du coton
487 797 717 860 de couleur.
525 837 1066 924 39, C. S.; æillets ou pois.
523 909 1083 972 40, A. L.; plumetis simple.
525 958 1553 1027 41, DESSIN SOUTACHE et GALON pouvant se placer au
479 999 1550 1068 bas d'une jupe de robe d'enfant, et que l'on peut aussi
476 1062 1546 1123 disposer en quilles pour robes de grandes personnes.
517 1106 1146 1177 41 bis, ENTRE-DEUX; plumetis.
521 1166 1545 1228 42, PETIT DESSIN qui se place au-dessus d’un ourlet
476 1227 1546 1288 de mouchoir; le découper suivant les sinuosités des
477 1271 579 1330 pois.
517 1311 1539 1397 43, DESSIN pour mouchoir simple; les festons une
469 1385 1538 1451 fois brodés, doivent être découpés, de telle sorte
476 1439 1539 1489 qu’ils ne tiennent plus les uns aux autres que par
471 1476 1546 1551 la pointe ; cela forme une petite bordure à jour du
469 1528 775 1600 meilleur effet.
521 1591 1543 1660 44, FESTON pour garniture de taies d'oreiller. La
469 1646 1540 1703 mousseline sera unie ou à pois ; la garniture aura de
472 1691 1540 1758 10 à 12 centimètres de hauteur; elle sera froncée
456 1739 1040 1810 seulement aux quatreene.
506 1802 1540 1869 45, FESTON destiné ou au même emploi, ou à des
469 1845 1284 1916 volants de robe de mousseline imprimée.
506 1906 1493 1971 46, SEMÉ pour fond de bouillons, de bonnets, etc.
506 1954 1528 2029 47, 48 et 49, PETITS FESTONS pour objets de layettes;
463 2010 1539 2077 ces festons servent encore aux mignonnes garnitures
463 2057 1536 2129 de quelques cols plats, gainitures ayant à peu près 2
465 2113 970 2183 centimètres de hauteur.
506 2163 1527 2232 50, 51 et 52, DEVANT, nos etMANCHE d’une blouse
468 2214 1490 2290 Violetta pour petit garçon de trois à quatre ans.
465 2260 1527 2340 Forme toute nouvelle, très-distinguée et d’une exces¬
456 2334 1538 2399 sive simplicité. Cette blouse se fait en étoffe de
457 2374 1532 2439 fantaisie ou bien avec l’un de ces piqués à semis ou
463 2432 1535 2505 quadrillés, si jolis aujourd’hui. Les fraits fins qui
463 2498 1518 2554 courent sur les trois parties de ce patron, t'indi¬
472 2536 1528 2593 quent la place et la largeur des plis qui sont tout l'or¬
457 2585 1528 2659 nement de ce vêtement; sur ces plis plats on met
456 2631 1532 2710 soit des boutons grelots, soit de la passementerie, soi
465 2691 1528 2763 enfin quelques rangs de velours, si l'on a choisi une
456 2740 1530 2821 étoffe qui ne se lave pas, bien que pour la saison le
452 2808 1520 2865 coutil, le piqué et le nankin soient de beaucoup pré¬
444 2840 1527 2920 férables au reste; join à une blouse Violetta un petit
450 2911 1526 2984 chapeau de paille d’Italie à bords retroussés, bordé
453 2958 1523 3032 et garni de velours, et la toilette sera complète et du
449 3008 749 3078 meilleur goût.
496 3059 1523 3139 53, 54 et 55, PATSON d’une manche de robe double
449 3119 1524 3186 pagode. Je t'envoie ce patron comme étant l'un des
452 3176 1523 3235 plus adoptés dans ce moment; du reste, il te suffira
452 3231 1486 3292 de savoir qu’il nous vient de la maison Fauvet! -
444 3273 1508 3353 Réunis chacune de ces trois parties par lettres alpha¬
445 3327 1516 3395 bétiques ; au premier rang, c’est-à-dire à celui du
444 3366 1523 3452 bas, se trouve un pli indiqué dans le milieu par un
448 3426 1522 3508 double trait plus fin que que les autres; le n° 55 est
441 3483 1520 3571 le haut de la manche que l'on ne voit pas, et que l’on
448 3531 1523 3621 peut, par conséquent, faire d'une étoffe plus ordinaire
448 3598 1522 3684 que celle de la robe ; la garniture de ces manches
438 3654 1513 3750 doit, comme pour toutes les autres robes, rappeler
433 3690 1055 3787 celle de la jupe et du corsage.
1691 284 2723 369 56, CROQUIS D'UNE½ORDEILLE composée de chenille,
1650 341 2713 413 de perles et de crochet. En fait d’ouvrages, nous n'ac¬
1641 391 2704 463 cablerons nos amies ni ce mois-ci ni le mois pro¬
1641 442 2720 519 chain ; ces deux mois étant ceux où généralement
1645 481 2719 575 l'on prend son vol, et où, par conséquent, il reste
1642 538 2719 628 peu de temps à donner au travail ; les jolies choses
1643 606 2712 678 que nous enverrions pourraient causer de trop vifs
1634 659 2717 728 et trop justes desquets ! D'apres ce préambule, ne va
1637 705 2717 776 pas croire cependant que la corbeille que je t’offre
1634 770 2709 833 aujourd’hui ne mérite aucune attention; elle est
1628 822 2697 885 au contraire fort jolie, et ne prendra pour l’exé¬
1627 872 2705 925 cution que juste le temps où des chaleurs étouf¬
1630 920 2701 997 fantes vous tiennent forcément au logis. Tu te pro¬
1637 977 2706 1040 curras d’abord une carcasse de forme ovale, ayant
1635 1022 2705 1093 16 centimètres de longueur, 46 de circonférence dans
1627 1066 2704 1147 le bas, et 71 dans le haut; les vingt petits montants
1627 1133 2696 1202 en fil de laiton qui en forment le tour, sont recou¬
1635 1190 2705 1255 verts de chenille enroulée, ainsi que le pied, lequel a
1630 1227 2706 1309 4 centimètres de bauteur. A l'intérieur, tu placeras
1631 1290 2693 1351 un petit travail que tu auras fait au crochet à jours
1623 1347 2698 1409 avec de la soie cordonnet de même couleur que la
1627 1388 2693 1472 chenille, et dans les propositions de la carcasse; dans
1627 1443 2687 1522 le fond de la corbeille est un rond recouvert à l'in¬
1626 1503 2694 1569 térieur d’un satin, et à l’extérieu d‘une percaline
1618 1555 2700 1626 lustrée; dans le haut de la corbeille, tu feras une
1622 1600 2702 1676 sorte de petite guirlande composée de perles blanches
1615 1660 2693 1738 satinées; les festons comprenant quatorze perles, sont
1616 1708 2698 1779 à 4 centimètres de distance les uns des autres; on
1623 1773 2691 1829 place d’abord un rang, ensuite un second qui se con¬
1619 1816 2698 1883 trarie avec le premier; même opération pour le pied;
1615 1868 2697 1944 les anses sont entourées d’une chenille alternée avec
1619 1922 2694 1984 des perles satinées. Pour cet ouvrage, il faut quatre
1623 1975 2693 2053 écheveaux de soie 4 fr. 50 c., 3 fr. 60 c. de perles,
1619 2034 2540 2094 1 fr. de chenille, et la carcasse de 2 fr. 25 c.
1657 2086 2681 2155 57, BOBÈCHE, dont les quatre feuilles sont recou¬
1619 2138 2681 2201 vertes en laine verte lamée ; les fleurs sont en papier
1616 2184 1873 2248 ou en laine.
1662 2233 2691 2306 58, Croquis d’un sac à tabac d‘une nouvelle forme
1609 2292 2681 2347 due à Mme Marie Soudant. Ces sacs ou blagues, puis¬
1619 2322 2690 2416 qu'il faut dire le mot, se font soit en velours, soiten
1619 2403 2687 2467 peau, avec fermoir ou d’acier ou de cuivre doré;
1614 2449 2689 2512 l’intérieur est garni de peau blanche; ils ont deux
1615 2509 2693 2579 compartiments, dont l'un est maintenu dans le haut
1619 2559 2687 2612 par un caoutchouc. Les dimensions adoptées sont
1609 2602 2691 2685 14 centimètres de largeur dans le bas, 11 dans
1612 2658 2683 2719 haut, et 10 de longueur; de chaque côté se trou¬
1619 2708 2690 2779 vent de petits soufflets semblables aux deux faces
1622 2763 2693 2833 principales. Les sacs de peau se brodent au passé et
1614 2819 2696 2881 en soutache; les sacs au crochet se font à jours avec
1604 2863 2685 2934 du cordonnet noir ou de couleur, ou bien encore en
1611 2921 2686 2982 ficelle, mais toujours avec un transparent, soit de
1608 2980 2677 3063 même couleur, soit de couleurs tranchante. La mon¬
1603 3017 2022 3089 ture est de 6 à 10 fr.
1649 3078 2677 3150 59, CROQUIS d'un col nouveau formé par un bouil¬
1599 3119 2678 3205 lonné. Ce col et les manches se font en organi très¬
1600 3193 2687 3257 clair. Coupe un petit col, carré devant, et ayant tout
1608 3250 2687 3304 autour 4 centimètres de hauteur ; ce col, servant de
1608 3295 2683 3360 fond, sera ourlé à l'endroit et entièrement recouvert
1607 3339 2671 3427 d'un bouillon de 85 centimètres de long sur 10 centi¬
1599 3408 2681 3471 mètres de haut, y compris la tête de 2 centimètren,
1611 3461 2685 3518 qui se trouve de chaque côté. La tête du bord doit
1603 3503 2686 3565 dépasser l'ourlet ; un ruban n° 5 est passé dans le
1604 3558 2681 3627 bouillon et vient former nœud sur le devant ; parfois
1597 3625 2675 3686 une petite valencienne se coud de chaque côté de la
1601 3676 2675 3738 tête tuyautée, mais un simple ourlet est également fort
1599 3730 2666 3795 distingué. Les mesures pour les manches sont 80 cen¬
