2897 4318
1238 245 1340 345 205
171 343 1248 424 Juive étaient assises toutes deux sur le seuil de la
174 412 1244 473 porte du palais, attendant dans une indicible angoisse
166 469 1248 524 le lever du général. Chaque instant qui s’écoulait
170 520 1251 573 ajoutait une torture à leurs souffrances, car l'exécu¬
169 570 1251 634 tion devait avoir lieu à neuf heures du matin, c’était
169 635 1201 691 donc par minutes qu’il fallait compter maintenant.
219 677 1254 751 Cependant un mouvement inaccoutumé se faisait
169 737 1244 797 remarquer dans la ruelle qui conduit au palais. Des
171 789 1239 846 soldats passaient et repassaient, faisant des prépara¬
169 835 446 899 très de départ.
212 874 1251 956 Enfin, la porte s’ouvrit, les dalles résonnèrent sous
166 938 1246 1006 les éperons dorés, et plusieurs officiers parurent sur
166 989 336 1057 le seuil.
212 1044 1247 1102 « Grâce ! grâce! cria Rachel se précipitant aux ge¬
162 1103 1244 1161 noux de celui qui lui paraissait le plus élevé en grade
166 1153 1243 1219 et baisant ses pieds à plusieurs reprises; grâce pour
169 1205 358 1272 mon fils!
272 1255 1239 1322 Que veut cette femme? » dit l’officier en es¬
170 1315 1238 1370 sayant de la relever et cherchant des yeux un inter¬
171 1367 298 1439 prète.
215 1408 1182 1474 Sœur Alphonsine s'approcha de la pauvre mère.
212 1474 1242 1548 « Ce n’est pas le général, » lui dit-elle les larmes
159 1530 377 1588 aux yeux.
209 1568 1229 1646 Puis s’adressant à l’officier supérieur qui ne com¬
165 1617 709 1693 prenait rien à cette scène :
201 1674 1234 1754 « Pour l’amour du ciel, monsieur le commandant,
156 1739 1170 1799 lui dit-elle, faites-nous parler de suite au général.
261 1795 1246 1852 Il n'est pas ici, ma sœur; nous l'attendions cette
152 1833 1227 1912 nuit, mais nous venons au contraire de recevoir
154 1894 898 1956 l'ordre d'aller le rejoindre à Sétif. »
196 1948 1243 2014 Et, se dégageant avec peine des bras suppliants qui
156 2003 1176 2069 l’enlaçaient, il s’élança à cheval et partit au galop.
196 2059 1243 2112 Rachel jeta un cri de désespoir et de rage, et tandis
1338 328 2410 446 que la religieuse restait comme accablée par la perte
1340 420 2413 496 de cette dernière espérance, la Juive se releva de
1334 460 2418 551 toute sa hauteur, le visage livide, les yeux étincelants
1334 526 2410 605 comme ceux d'une tigresse furieuse, elle poussa un
1341 586 2410 677 cri sauvage et tomba inanimée entre les bras de la
1330 631 1602 703 bonne sœur.
1837 726 1928 804 VII
1379 847 2418 918 Quelques heures plus tard la tête du bel Yssachar
1334 902 2415 976 ben Koutchkali roulait dans la poussière ; son frère,
1340 948 2422 1023 plus à plaindre encore, subit l’stroce bastonnade. On
1334 1012 2411 1087 apporta à l’hospice le corps de Benjamin, et les yeux
1329 1062 2415 1130 même de sa mère n'auraient pu reconnaître dans cette
1331 1118 2407 1190 masse informe, quoique palpitante encore, la taille
1331 1157 2398 1239 élégante de l’adolescent dont elle avait si souvent ad¬
1333 1228 2388 1289 miré la bonne grâce. En vain les religieuses essayè¬
1331 1280 2396 1357 rent-elles de rappeler à la vie le pauvre supplicié,
1329 1329 2403 1399 tous leurs efforts furent inutiles, il expira au milieu
1336 1379 2399 1448 d'affreuses douleurs. Heureusement pour Rechel, la
1323 1425 2398 1526 raison l’avait abandonnée avec l‛espérance de sauver
1326 1481 1476 1542 ses fils.
1364 1520 2409 1603 Personne ne sut jamais ce qu'était devenu Ruben
1322 1579 2411 1652 ben Koutchkali. Quant à Abraham, il ne s'enquit
1322 1658 2413 1714 même point de sa nièce folle et infirme; mais les
1326 1700 2406 1760 bonnes sœurs de charité prirent soin de cette pauvre
1316 1744 2409 1824 femme jusqu’à la fin de ses jours, et quand la mort
1334 1809 2409 1871 vint enfin terminer ses souffrances, sœur Alphonsine
1318 1855 2402 1930 lui ferma les yeux en priant le Dieu de toute miséri¬
1318 1919 2399 1972 corde de pardonner dans l’autre vie à la mère infor¬
1322 1969 2409 2041 tunée et aux enfants coupables qu’il avait punis si
1316 2010 1968 2081 rigoureusement dans ce monde.
1745 2071 2268 2135 Comtesse DE LA ROCHÈRE.
582 2471 1957 2634 DIANE DE MONTCLAIR
846 2694 1669 2758 HISTOIRE DU STÈCLE DERNIER
670 2941 715 2972 I
514 2993 847 3074 LA VEILLERIE.
200 3078 1221 3174 Ce n’était pas dans une simple étable et à l’odeur
158 3170 1227 3240 du fumier que se tenait la veillée ou veillerie chez
159 3211 1217 3286 mère Jacqueline, mais bien dans une chambre spa¬
167 3254 1225 3339 cieuse, ornée d'un vaste lauffet en bois de chêne, d' un
165 3312 1214 3388 coucou bariolé qui faisait à grand bruit monter et des¬
165 3374 1224 3442 cendre alternativement ses poids de fer, de bonne vais¬
166 3430 1224 3494 selle en faïence peinte bleue et jaune, et de quelques
167 3469 1221 3559 enluminures représentant des Saints, et le Petit-Poucet
158 3536 1219 3609 en compagnie du Juif errant. Chez mère Jacques,
159 3578 1229 3657 il y avait tout le luxe que pouvait se permettre, au
158 3628 1228 3705 dix-huitième siècle, une bonne paysanne, et surtout
160 3682 1229 3760 le luxe de la propreté. Jacqueline, veuve d'un ser¬
158 3745 1228 3816 gent aux gardes françaises, avait été la nourrice du
160 3793 1227 3892 jeune comte Henri de Verville, le fils du seigneur de
1299 2910 2388 2984 l’endroit, et elle était pour cela, ainsi que pour ses
1306 2977 2381 3025 excellentes qualités, tenue en honneur parmi les ha¬
1300 3025 2380 3082 bitants du village de Montilly, au pays normand. Le
1300 3076 2376 3133 temps n’avait pas affaibli la tendresse qu’elle portait
1300 3132 2376 3191 à Henri ; c’est tout au plus si elle aimait mieux son
1308 3178 2376 3245 propre fils Pastal et sa propre fille Tiennette, et elle
1306 3231 2369 3294 disait souvent, par une douce illusion de son cœur :
1308 3283 2375 3348 « Mes trois enfants, » sans que personne s’avisât de la
1308 3337 2376 3396 contredire. De ses fenêtres à étroits losanges, on
1308 3407 2373 3446 apercevait au loin une longue allée de peupliers;
1308 3452 2380 3510 cette allée, en se perdant vers la limite extrême de
1306 3492 2379 3566 l'horison, menait à un château d'un beau style re¬
1300 3552 2381 3612 naissance, le château de Lerneil : c'est là que vivait
1308 3601 2379 3672 Henri ; et chaque matin en s'éveillant, la première
1308 3650 2384 3729 pensée de la mère Jacques était d'aller jeter un
1307 3718 2375 3781 regard sur cette ligne de peupliers, au delà de la¬
1306 3762 2381 3824 quelle il y avait le château, le chåteau où était
1306 3803 1690 3886 Henri de Verville !
