2897 4318
1269 248 1423 361 . 311 -
889 562 1773 647 LE PROGRÈS MUSIAL.
658 721 1950 848 CATALOGUES GÉNÉRAUX DU PROGRÈS MUSICAL.
1248 910 1404 990 No 10
266 1072 1283 1150 Dans cette saison où les premières pluies de l’automne
224 1146 1277 1201 condamment souvent nos jeunes lectrices à s’enfermer der¬
225 1195 1283 1246 rière les persiennes de leurs maisons de campagne, ce qu'elles
217 1245 1283 1296 ont de mieux à faire est assurément de se livrer à l’étude
221 1288 1282 1325 du chant. — Notre dernier Catalogue contenait des mor¬
229 1327 1282 1399 ceaux d’opéras peut-être un peu étendus, un peux graves
1360 1106 2423 1162 pour les élèves qui n’ont pas encore abordé les grandes
1360 1161 2413 1212 œuvres des maîtres italiens, nous leur donnerons donc ce
1351 1203 2413 1267 mois-ci une collection d’ariettes italiennes, de chansons na¬
1357 1248 2417 1311 politaines, de duos de Salon et de petits trios dont le choix
1352 1296 2423 1349 leur offrira une grande variété, en même temps qu’une étude
1354 1344 1797 1401 amusante et nécessaire.
807 1699 1818 1803 ÉDUCATION MUSICALE.
493 1930 974 1995 MADAME STOLTZ
612 2022 853 2091 (Suite et fin.)
246 2127 1265 2204 La jeune cantatrice joua alternativement dans
206 2183 1265 2257 l’opéra comique et dans le grand opéra. La pélerine
206 2246 1261 2302 Alice devenait, dans la même semaine, l’agaçante
208 2293 1253 2347 Paquita de Fiorella ou la tendre Israelle du Pré aux
206 2344 1251 2413 Clercs. M. Bernard, le directeur d’Anvers, passa bien¬
211 2404 1248 2458 tôt à la direction de Bruxelles, où il amena sa pen¬
206 2450 1256 2510 sionnaire déjà célèbre. Ce fut à cette époque qu’elle
203 2500 1259 2553 se maria, mais en conservant le nom sous lequel elle
198 2549 1259 2618 s’était fait connaître à ses débuts. Le rôle de Rochel
208 2607 1256 2663 de la Juive contribua singulièrement à sa réputation.
208 2650 1261 2716 Nourrit la vit, chanta en même temps qu’elle, et cet
198 2710 1259 2782 artiste à jamais regrettable, qui possédait à un si haut
208 2755 1248 2818 degré le sentiment du beau et du vrai, confirma le ju¬
208 2809 1249 2884 gement des habitants de Bruxelles. Il obtint pour ma¬
208 2863 1246 2922 dame Stoltz un engagement magnifique à notre Aca¬
208 2911 1246 3001 démie royale de musique; nous la vîmes débuter, en
208 2961 596 3033 1837, dans la Juive.
256 3011 1254 3093 C'est une terrible chose pour une femme à peine âgée
208 3053 1248 3136 de vingt-deux ans, qu’un début devant une pareille
204 3123 1248 3197 assemblée! Les cantatrices connues depuis longtemps
204 3170 1249 3238 ne peuvent se défendre, dans les représentations qui
204 3223 1248 3304 ont quelque solennité, d’une profonde émotion;
211 3278 1251 3347 qu’est-ce donc qu’on doit ressentir, lorsqu‘on arrive
206 3321 1249 3399 au milieu d'un monde inconnu, sans grande expé¬
206 3371 1243 3449 rience, et lorsqu’il faut chanter, sans omettre une
204 3424 1248 3507 note, pendant que le cœur palpite d’effroi ! Il faut
200 3486 1241 3553 savoir faire marcher de front, le drame extérieur
206 3536 1233 3613 dans lequel on joue un rôle, et le drame intérieur
206 3574 720 3643 qui se passe en soi-même.
254 3645 1248 3742 — « C'est ta destinée tout entière qui est sur le
1340 1937 2412 2006 tapis, dit la voix secrète. A toi les couronnes de l’art
1341 2006 2397 2061 si tu réussis. A toi la déception, la douleur et l’obscu¬
1340 2054 2402 2122 rité si tu tombes. » — Tout cela dépend d’une note
1343 2106 2397 2164 plus ou moins claire, d'un geste plus ou mains heu¬
1343 2159 2397 2214 reux. Que de triomphes il faut recueillir pour faire
1343 2199 1874 2273 oublier de telles angoisses!
1381 2257 2396 2314 Madame Stoltz sortit victorieuse de ce début solen¬
1341 2312 2405 2381 nel, où l’avenir d’un artiste est décidé. Un organe
1343 2363 2396 2429 étendu et puissant, un timbre magnifique qui passe
1338 2421 2392 2468 avec facilité des notes aiguës du sopiano aux cordes
1343 2468 2392 2524 graves du contralto, une physionomieS expresive, des
1338 2523 2389 2571 accents pathétiques, le sentiment dramatique poussé
1338 2573 2384 2624 à un très-haut degré, voilà ce qui enthousiasma l'au¬
1340 2621 2394 2673 ditoire habitué aux succès de mademoiselle Falcon, une
1335 2671 2386 2732 des reines de l’art à cette époque. Rosine Stoltz conti¬
1328 2723 2389 2782 nua ses débuts dans les Huguenots. Le rôle de Valen¬
1340 2779 2388 2840 tine fut joué par elle avec un talent vraiment remar¬
1343 2837 2391 2893 quable; elle ne chercha pas à imiter Mlle Falcon,
1335 2879 2388 2938 elle se livra à ses inspirations propres et réussit com¬
1338 2925 2391 2990 plètement. Depuis cette époque, l’éminente cantatrice
1335 2987 2384 3040 marcha de succès en succè s dans Guido et Ginevra,
1331 3025 2388 3091 dans le Benvenuto de M. Berlioz, Robert le Diable, la
1335 3082 2384 3143 Favorite, la Reine de Chypre, Othello, et tous les grands
1328 3133 2373 3196 ouvrages représentés à l’Opéra. Madame Stoltz a mé¬
1327 3181 2375 3254 rité tous les suffrages, a obtenu tous des triomphes,
1328 3247 2375 3292 et cependant nous lui avons entendu dire un jour,
1331 3294 2378 3342 dans un de ces accès de lassitude communs aux êtres
1331 3339 2378 3399 dont la vie appartient en quelque sorte au domaine
1335 3405 2367 3463 public : « Hélas! hélas ! où est le bon temps d’autre¬
1331 3436 2376 3511 » fois ? temps de jeunesse insouciante et joyeuse, où
1322 3495 2383 3558 » l'on préfère une fleur à un diamant, temps dont
1331 3550 2378 3622 » l’obscure innocence vaut mieux que tous les soleils
1322 3595 1647 3663 » de la gloire! »
1921 3624 2275 3726 MARIE LASSAVEUR.
