2959 4075
1690 55 1837 150 256
1497 251 1985 373 ÉPHÉMÉRIDES.
654 409 2841 499 12 Août 1591. — Naissance de Louise de Marillac, dame Le Gras, fondatrice des Sœurs de la Charité,
646 532 1696 603 Madame Le Gras naquit à Paris, d’une ancienne fa¬
600 592 1693 660 mille parlementaire; elle montra, dès sa jeunesse,
600 646 1701 709 une extrême piété, et, devenue veuve, elle résolut de
603 703 1690 766 se vouer à Dieu dans les pauvres. Elle eut le bonheur
603 758 1693 815 d'avoir pour guide saint Vincent de Paul, qui, tout en
603 810 1693 870 l’encperageant dans son dessein, éprouva longtemps
594 870 1690 938 ses forces et sa vocation. Il commença par l’envoyer
597 913 1690 990 visiter les confréries de charité qu'il avait établies en
600 973 1690 1036 plusieurs lieux, et où les femmes s'assemblaient pour
594 1033 1696 1085 visiter et soigner les pauvres malades. Elle s’acquitta
581 1082 1690 1150 de cette mission avec un zèle et une intelligence
589 1137 1685 1205 extrêmes ; elle servait les malades de ses mains, ins¬
586 1183 1688 1251 truisait les jeunes filles, et ne se servait de sa fortune
581 1249 1688 1306 que pour secourir les indigents et fonder des écoles
578 1290 1682 1371 dans les villages. Son amour pour le bien s’accrut de
586 1349 1679 1434 plus en plus, et de retour à Paris, elle songea à éta¬
1780 510 2884 622 blir une petite communauté de filles, non cloîtrées,
1772 603 2884 668 qui iraient visiter et panser les pauvres malades.
1769 652 2887 728 Saint Vincent de Paul, après avoir mûri ce projet, en
1775 714 2890 774 permit l’essai; madame Le Gras rassembla quelques
1775 772 2890 829 pauvres filles simples et pieuses, et s’adonna avec elles
1767 823 2884 886 à cette bonne œuvre, qui devait prendre une si grande
1767 881 2879 946 extension. Elle y consacra sa vie entière, tout en pre¬
1764 924 2879 1006 nant part au bien abondant qui se faisait autour
1761 976 2879 1058 d’elle, et il n’est pas une œuvre de religion et de cha¬
1764 1041 2876 1107 rité, si nombreuses à cette époque, à laquelle madame
1761 1088 2879 1170 Le Gras n’ait coopéré. Sa vie admirable se termina
1769 1142 2882 1216 par une sainte mort; elle succomba aux fatigues de
1758 1205 2876 1270 la charité à l’âge de cinquante-six ans, et l‘œuvre
1761 1262 2879 1322 qu’elle a créée, dont elle a soutenu le berceau, est
1758 1311 2625 1404 aujourd'hui une des gloires de la France.
1543 1483 1884 1606 Mosaïque.
619 1619 1674 1718 Le bonheur des riches ne consiste pas dans le bien
578 1698 1606 1764 qu'ils ont, mais dans le bien qu'ils peuvent faire.
1344 1745 1557 1829 FLÉCHIER.
613 1846 1674 1919 Pendant que les hommes délibèrent, il ne s’exécute
564 1906 1080 1971 que ce que Dieu résout.
1336 1952 1524 2039 Bossuet
1802 1619 2863 1728 Quand on est capable de se connaître, on se trompe
1750 1701 2868 1788 rarement sur son sort, et les pressentiments ne sont
1739 1764 2732 1857 le plus souvent qu’un jugement sur soi-même.
2421 1824 2718 1908 Mme DE STAEL.
1791 1878 2803 2017 Si tu ne veux pas qu’on le sache, ne le fais pas.
2339 1985 2715 2069 Maxime chinoise.
1495 2140 1931 2184 REBUS
1216 3664 2121 3762 Paris. — de régimentes  — derengeres, qui nehier
