2946 4158
1564 95 1693 190 300
479 185 1581 269 commence bien, et la saison d’hiver, la plus favo¬
484 249 1579 314 rable à l’étude, rapportera, je crois, quelques fruits.
482 311 1581 368 Je reçois de bonnes nouvelles de ma mère et de Léo¬
487 358 595 434 nide.
1120 407 1460 505 25 Novembre 18...
519 500 1581 601 Aujourd'hui, grande et joyeuse fête pour célébrer
479 581 1575 658 la patronne des jeunes filles et des écolières. Messe,
484 641 1583 706 récréation, distribution d’aumônes, dîner, concert et
487 700 1581 769 bal en l’honneur de sainte Catherine. Pendant que
496 749 1575 830 j'étais au piano, et que les enfants dansaient avec
484 801 1572 868 une joie innocente, qu'elles ne porteront pas proba¬
484 858 1579 924 blement dans les fêtes du monde, j’évoquais l’image
482 911 1575 981 de cette noble sainte que toute la chrétienté célèbre
472 969 1576 1028 aujourd’hui, ce qui réalise bien en elle la femme re¬
487 1030 1572 1082 levée et purifiée par l'Évangile des abaissements aux¬
482 1077 1579 1137 quels le Baganisme l’avait condamnée. Catherine
482 1130 1579 1193 d’Alexandrie est traduite, pour sa foi, devant le tri¬
480 1179 1579 1252 bunal du préteur romain : elle y paraît environnée
472 1240 1572 1302 d'une triple auréole de beauté, de science et de can¬
479 1299 1569 1355 deur. Sa grâce virginale ravit le cœur du tyran Maxi¬
490 1352 1574 1411 min; par son éloquence elle convertit une assemblée
479 1403 1581 1470 de philosophes païens avec lesquels on l’avait forcée
487 1467 1572 1518 de disputer, et sa candeur triompha des embûches
484 1518 1575 1583 tendues à sa vertu et à sa foi. Forte, sereine, invin¬
479 1581 1576 1625 cible, elle refusa le diadème de Maximin, confessa
484 1621 1575 1676 Jésus-Christ, son unique époux, parmi les plus af¬
476 1674 1575 1735 freux tourments, et son âme héroïque et pure alla
484 1730 1568 1788 rejoindre les exhortes des vierges martyres, ses mo¬
482 1785 1576 1848 dèles et ses sœurs ! Quelle belle et touchante histoire
479 1835 1576 1890 de jeune fille! Je ne souhaite à ces enfants qui chan¬
482 1889 1575 1959 tent avec tant de joie leur sainte patronne, ni la beauté,
476 1946 1581 2010 don éphémère, ni la science qui enfle, mais cette
472 1996 1576 2059 âme candide et forte, armée contre les séductions de
476 2054 1579 2124 la crainte ou de l’amour; quelle femme ne l‘envierait
486 2104 641 2176 pas ?...
1141 2163 1435 2260 Décembre 18...
522 2281 1578 2342 Je profite de ces longues soirées d’hiver, pendant les¬
482 2335 1581 2394 quelles les enfants sont à l’étude ou se livrent au travail
472 2390 1579 2449 des mains, pour m’occuper aussi de mes projets chéris.
479 2446 1572 2507 Après avoir préparé ma classe du lendemain, je lis,
480 2499 1574 2561 j'étudie, j'écris un peu, car, je l'avoue, le désir de me
472 2549 1576 2614 faire un nom dans les lettres, de conquérir, à l’aide
479 2611 1579 2677 de ma plume, mon indépendance et l’aisance pour
477 2673 1582 2731 ma mère, cette pensée ne me quitte pas.... d'autres
479 2712 1581 2782 ont réussi, pourquoi ne réussirais-je pas? je n’ai pas,
472 2778 1578 2832 sans doute, le génie inspiré de madame de Staël, mais
480 2825 1581 2888 je goûte ce qui est beau, et peut-être, à force de tra¬
483 2874 1578 2944 vail, pourrai-je parvenir à traduire ce que je sens au
472 2934 1572 2988 fond de ma pensée et de mon cœur... je balbutie en¬
479 2992 1579 3051 core: jamais mon langage, propose ou vers, n’a rendu
476 3039 1575 3108 fidèlement mon émotion; l’oiseau qui sort du nid, ne
465 3098 1572 3168 sait pas feudre l’air d’une aile assurée et rapide. Je
466 3161 1572 3214 serais si heureuse, si je pouvais affranchir ma vie, me
469 3209 1575 3263 réunir à ma mère et environner sa vieillesse d’une
466 3259 1575 3321 aisance, fruit de mon travail.... je serais heureuse
466 3311 1579 3395 aussi d’opérer quelque bien, en propageant de saintes
476 3371 1575 3434 et nobles vérités! Travaillons! Cette nouvelle, que
472 3430 1576 3487 j’ai essayée hier au soir, n’est pas réussie, je veux la
476 3485 1581 3553 refondie entièrement, sans me décourager : c'est en
475 3536 1135 3606 forgeant qu'on devient forgeron!
1137 3661 1403 3725 Janvier 18...
517 3738 1588 3832 Bonne lettre de ma mère. Elle est tranquille, bien
1667 174 2783 260 portante, elle pense à sa Julie. Le pressentiment est
1669 241 2780 309 envolé bien loin. Je la reverrai, nous vivrons ensem¬
1669 293 2778 367 ble et l’une pour l‘autre, voilà mon pressentiment du
1669 344 2611 413 jour de l'an. Mon Dieu! daignez l'accomplir!
2412 447 2618 531 Mars 18...
1708 510 2786 619 La petite Clotilde, depuis le jour où elle m'a défendue
1672 617 2779 679 contre les grandes, m’a toujours témoigné beaucoup
1666 664 2778 722 d’affection, et je l’ai, certes, payée de retour. On n’est
1674 724 2783 790 pas plus aimable que cette enfant, nature franche et
1673 763 2778 837 généreuse, ardente pour le bien, étrangère au mal.
1666 823 2780 888 Mais cette âme charmante est renfermée dans une
1660 883 2779 946 bien frêle enveloppe, Clotilde est souvent malade;
1660 939 2783 993 une croissance rapide la fatigue, et voilà que pendant
1673 987 2778 1050 ces premiers et perfides soleils de printemps, elle a
1669 1042 2778 1110 été prise d’un gros rhume qui la retient à l’infirmerie.
1660 1107 2783 1158 Je vais la voir souvent, et je ne sais pourquoi cette
1669 1152 2780 1214 enfant paraît si préoccupée de sa position, qui n’offre
1666 1215 2785 1271 pas de danger. Elle parle sans cesse de ses parents, qui
1660 1268 2779 1333 habitent loin de Paris, et de sa première communion,
1673 1320 2785 1379 qu'elle doit faire en juin : — En juin? me disait-elle
1666 1372 2785 1434 hier, verrai-je juin? verrais-je les rose qui fleurissent
1669 1436 2780 1492 pour le Saint-Sacrement? Je la rassurai, elle me crut,
1663 1481 2204 1571 et répéta plusieurs fois : —
2233 1484 2778 1569 Oh! que je voudrais être
1663 1533 1841 1617 en juin!
2393 1616 2614 1730 Mars 18...
1701 1721 2780 1810 Elle avait raison; le péril, que nous ne voyions pas,
1660 1810 2783 1869 existait : une fièvre violente s’est déclarée pendant
1663 1863 2775 1929 cette nuit, Clotilde est agitée par un délire continuel,
1660 1918 2771 1973 mais qui ne trahit que les plus innocentes pensées.
1660 1974 2780 2036 Belle âme d’enfant! elle parle à sa mère, elle demande
1663 2023 2778 2089 son père, elle se croit dans la maison de campagne
1673 2083 2775 2139 que ses parents habitent, elle joue avec ses colombes
1660 2135 2779 2195 et son mouton favori, elle cause avec ses compagnes,
1662 2190 2775 2250 et puis, quelquefois, après de longs silences, elle
1673 2240 2778 2299 parle de la première communion et l’appelle de ses
1669 2299 2778 2353 désirs. — Quand sera-ce? quand le bon Dieu viendra¬
1667 2348 2773 2409 t-il? Ces questions se pressent sur ses lèvres, et l'ac¬
1666 2405 2638 2495 cent qu’elle y met nous arrache des larmes....
2393 2526 2614 2594 Mars 18...
1711 2590 2775 2677 Le médecin n’espère rien : cette fièvre, en quelques
1666 2668 2772 2733 heures, a tari en elle les sources de la vie. Je ne puis
1669 2733 2778 2790 voir, sans un affreux déchirement de cœur, cette
1663 2782 2776 2857 figure d’ange, sérieuse et enfamine à la fois, que la
1666 2831 2184 2911 terre cachera bientôt....
2393 2922 2614 2996 Mars 18...
1705 3030 2765 3105 Elle a repris connaissance et l’on a résolu, vu l‘im¬
1655 3091 2769 3156 minence du danger, qu’elle ferait sa première com¬
1660 3140 2766 3206 munion sur son lit. Je suis chargée de la préparer.
1700 3205 2773 3259 Je l’ai trouvée en plein état de raison; seulement,
1663 3261 2772 3310 ses idées avaient pris une simplicité, une tranquillité
1660 3307 2766 3366 extraordinaires. Elle ne craignait plus, elle ne re¬
1666 3359 2766 3433 grettait plus, il me semblait voir l’innocence repo¬
1655 3423 2773 3472 sant entre les bras de Dieu. Lorsque je lui annonçai
1663 3471 2764 3527 le bonheur qui lui était réservé, elle comprit sur-le-
1663 3524 2769 3588 champ, et me dit, avec un ineffable sourire : — Je
1660 3577 2766 3637 vais donc mourir? — Le bon Dieu, mon enfant, est
1663 3636 2761 3697 le maître de la vie : il vient à vous pour vous guérir.
1719 3689 2517 3767 Comme il voudra, mais qu'il vienne !
1708 3735 2771 3840 Je l'interrogeai : elle me parut éclairée et disposée.
