2897 4318
1230 257 1332 333 259
296 345 936 409 C’est paradis que de sa compagnie !
296 391 1012 453 A tous complaît, à nul n'est ennuyant;
304 445 991 497 Qui plus la voit, plus en est désirant :
303 497 1042 558 De ces grands biens est ma dame garnie.
300 575 946 646 Toutes dames qui oyez-ci comment
305 627 1068 691 Prise (je loue) celle que j’aime loyaument,
308 683 1036 743 Ne m’en sachez mangré, je vous en prie ;
303 735 936 779 Je ne parle pas en vous déprisant,
303 772 1062 823 Mais comme sien, je dis en m’acquittant:
296 820 1039 875 De ces grands biens est ma dame garnie.
219 919 1244 980 La ballade Sur la mort de la duchesse d'Orléans est
184 964 1239 1032 une des meilleures choses que Charles ait jamais écri¬
191 1027 1239 1084 tes. Plus de recherche, plus d’afféterie, plus de sym¬
184 1079 1243 1146 bolisme quand même ! C'est le cœur seul qui parle,
187 1135 839 1208 et qui se fait entendre au cœur:
332 1232 928 1292 Las! Mort, qui t’a fait si hardie
341 1279 876 1346 De prendre la noble princesse
351 1324 890 1379 Qui était mon confort, ma vie,
339 1342 1000 1442 Mon bien, mon plaisir, ma richesse !
339 1415 907 1470 Puisque tu as pris la maîtresse,
339 1463 888 1515 Prends donc aussi le serviteur ;
336 1506 924 1559 Car j’aime mieux prochainement
327 1558 948 1622 Mourir, que longuir en tourment,
327 1600 830 1662 En peine, souci et douleur !
329 1686 892 1753 Las! de tous biens était garnie,
341 1742 888 1802 Et en droite fleur de jeunesse
332 1789 895 1849 Je prie à Dieu qu'il te maudie,
332 1838 912 1890 Fausse Mort, pleine de rudesse!
332 1879 904 1939 Si tu l’eusses prise en vieillesse,
327 1927 920 1983 Ce ne fût pas si grand’ rigueur ;
332 1974 831 2035 Mais prise l’as hâtivement,
332 2023 831 2082 Et m’as laissé piteusement
336 2073 848 2141 En peine, souci et douleur !
336 2158 976 2231 Las! je suis seul, sans compagnie...
336 2207 848 2262 Adieu, ma dame, ma liesse!
335 2258 883 2317 Or est notre amour départie...
325 2274 1003 2361 Non pourtant... Je vous fais promesse
332 2347 798 2409 Que de prières à largesse,
331 2393 859 2466 Morte, vous servirai de cœur,
335 2445 815 2503 Sans oublier aucunement;
331 2491 827 2542 Et vous regretterai souvent
332 2542 852 2609 En peine, souci et douleur !
327 2602 948 2700 Dieu, sur tous souverain seigneur,
336 2676 910 2753 Ordonnez, par grâce et douceur,
329 2717 768 2770 A l'âme d’elle tellement
329 2757 892 2817 Qu’elle ne soit pas longuement
327 2814 826 2888 En peine, souci et douleur !
219 2905 1235 2969 On voudrait croire que des des desrets si touchants, si
189 2966 1232 3024 poétiques, si doucement harmonieux, ont été durables
188 3016 1232 3070 et sincères. Hélas! la ballade qui suit immédiatement
183 3066 1232 3134 ne laisse aucune illusion à cet égard... En voici la
185 3114 1236 3184 première strophe; elle suffira pour faire juger du
176 3157 316 3216 reste:
292 3262 958 3333 J'ai aux échecs joué devant Amours,
300 3313 1098 3385 Pour passer temps, avecques Faux-Dangier;
295 3358 936 3426 Et surement me suis gardé toujours
300 3409 996 3477 Sans rien perdre, jusques au derrenier,
1450 329 2041 409 Que Fortune lui est venu aidier ;
1454 389 2150 453 Et par méchef (que maudite soit-elle !)
1455 432 2042 504 A ma dame prise soudainement :
1450 480 2177 552 Par quoi suis mat, je le vois clairement,
1447 524 2043 600 Si je ne fais une dame nouvelle.
1371 606 2394 688 Après l'Agésilas, hélas! Après t'Attila, holâ!...
1330 675 2395 742 Après l'inconvenance, le mauvais goût. Nous venons
1330 734 2395 802 de crier : Hélas!... et voici le moment de crier:
1330 786 1845 858 Holà!... Vous allez voir :
1447 872 2141 956 Le beau Soleil, le jour Saint-Valentin,
1452 939 2079 992 Qui apportait sa chandelle allumée,
1447 983 2163 1035 N'a pas longtemps, entra un bien matin
1442 1031 2099 1091 Privéement en ma chambre fermée.
1448 1082 2042 1138 Celle clarté qu'il avait apportée,
1452 1116 2006 1174 Si m’éveilla du somme de souci
1448 1166 2077 1230 Auquel j’avais toute la nuit dormi
1443 1215 2081 1288 Sur le dur lit d’Ennuyeuse-Pensée.
1371 1326 2394 1384 Et que dire, mon Dieu! de la ballade Sur les ob¬
1331 1380 2398 1442 sèques de la duchesse d'Orléans?... Rien... si ce n’est:
1323 1424 1639 1502 Pauvre femme !
1479 1504 2047 1579 J’ai fait l’obsèque de ma dame
1479 1571 2021 1626 Dedans le moûtier amoureux,
1487 1625 1975 1671 Et le service pour son âme
1479 1661 2045 1719 A chanté Penser-Douloureux...
1366 1755 2399 1814 Comment trouvez-vous ce chantre-là ?... Mais con¬
1323 1813 2286 1879 tinuons. Il nous reste à entendre le plus beau :
1483 1910 2082 1974 Mains cierges de Soupirs piteux
1483 1970 1958 2018 Ont été en son luminaire,
1486 2015 1999 2075 Aussi j’ai fait la tombe faire
1482 2061 2093 2119 De Regrets, tous de larmes peints,
1474 2105 2057 2165 Et tout entour moult richement
1483 2150 2015 2211 Est écrit : « Ci-gît vraiement
1474 2189 2126 2266 Le trésor de tous biens mondains. »
1364 2294 2386 2361 Il est impossible, à n’importe quel mari, d’enterrer
1318 2347 2387 2413 plus galamment sa chère moitié. Qu’il y a loin de ce
1320 2403 2379 2459 ridicule galimatias à la pièce, réellement pleine de
1323 2458 2382 2514 grâce et de sensibilité, que nous avons citée tout à
1320 2499 2379 2561 l’heure, à la ballade Sur la mort de la duchesse d’Or¬
1315 2553 2382 2631 léans ! Et pourquoi Charles d’Orléans ne s’en est-il
1315 2609 1574 2674 pas tenu là !
1363 2646 2373 2716 Nous croyons inutile de prolonger cette notice sur
1315 2710 2385 2776 le captif d’Azincourt. Ce qui précède peut suffire à
1311 2765 2378 2822 faire connaître le bon et le mauvais côté de son ta¬
1320 2816 2387 2880 lent. Quoi qu'en aient dit certains critiques, ou des
1311 2873 2377 2922 éditeurs naturellement enthousiastes, il n’a pas dé¬
1320 2920 2373 2977 trôné jusqu'à ce jour et ne détrônera jamais le véri¬
1320 2970 2375 3026 table créateur de la poésie française, le joyeux éco¬
1311 3024 2377 3084 lier de Paris, le truand failleur qui plaisante pour ne
1323 3073 2375 3145 pas entendre ses remords, qui rit pour cacher ses
1315 3129 2365 3201 larmes, le poète vraiment inspiré parce qu’il est sin¬
1311 3194 2371 3248 cèrement ému, — en un mot, maitre François Villon,
1318 3240 2371 3301 que nous allons voir incessamment inaugurer la pé¬
1311 3281 2377 3352 riode gauloise, et que Marot, son dernier disciple, a
1306 3338 2065 3400 reproduit de loin et en l'affaiblissant.
1891 3380 2245 3481 JOSEPH BOULMIER.
