2840 4318
1145 192 1236 275 93
92 287 807 353 67, COURONNE DE PRINCE, plumetis.
94 335 1164 395 68, TAPISSERIE PAR SIGNES. Fond courant, pouvant
45 384 576 462 servir à divers ouvrages.
97 423 1157 492 69, Vide-Pocne-HAMAC, chinois. Ce genre de vide¬
52 495 1160 566 poche, une des dernières créations du jour de l'an,
45 546 1160 612 se fait d'abord au crochet sur bourdon, puis au filet, en
45 605 1171 682 tapisserie, en drap soutaché, ou, enfin, au crochet à
45 670 1162 736 jours, avec transparent, et c'est ce dernier genre que
45 719 1162 785 je te conseille, comme le plus vite fait et le moins
45 766 1159 830 coûteux.— Donc, opère, avec du cordonnet, de la fi¬
45 814 1164 880 celle, ou même du coton blanc; choisis un dessin
45 873 1152 936 fond courant ; celui du n° 21 de notre dernière plan¬
52 923 1155 986 che bleue serait, je crois, convenable; fais un mor¬
45 993 1157 1043 ceau de 20 centimètres carré, et ferme les coutures
48 1041 1163 1097 des côtés par un point de surjet; double ce travail
52 1087 1164 1159 avec de la soie de couleur assortie aux meubles de
45 1145 1160 1216 l’appartement où il devra être placé. Dans le haut,
55 1197 1160 1267 entre la doublure et le dessus, place un fil de laiton,
52 1263 1171 1314 destiné à donner la forme, et entoure cette ouverture
55 1317 1163 1375 d'une chenille ou d'une ruche, de même couleur que
52 1370 1164 1429 la doublure; ensuite, tu te procureras quatre petits
52 1435 1164 1502 morceaux de bois, ou de bambou, auxquels tu fixeras
52 1471 1166 1539 le hamac; les deux plus grands morceaux de bois
52 1527 1160 1593 ont de trente à trentecinq centimètres de longueur,
52 1593 1171 1648 et les petits, de vingt à vingit-cinq; ces morceaux de
55 1638 1170 1703 bois, posés en croix, sont percés de trous, au moyen
52 1693 1166 1752 desquels un fil de laiton, après les avoir assujettis l'un
55 1743 1167 1806 à l'autre, vient fixer aussi le travail au crochet. Les
63 1812 1166 1866 glands en soie, qui ont l’air de rendre ce service, ne
55 1861 838 1924 se trouvent, là, que pour l'ornement.
105 1901 1170 1972 70, Panier Berlinois. Ce charmant ouvrage que je
63 1976 1166 2021 vais t'expliquer va te faire un grand plaisir, comme
66 2025 1166 2082 objet de loterie; nous devons cette idée à madame
63 2082 1166 2143 Marie Soudant, qui n’oublie pas combien, pour
66 2134 1166 2182 toutes ces choses, tu dois, en ce moment, te trouver
66 2182 1173 2241 assiégée de demandes; il est vite fait et ne coûte pas
63 2249 1174 2308 cher; donc, à l'œuvre ! c'est d'un tricot à raies que
66 2290 1178 2351 nous allons parler, tricot, pour le moins aussi simple
63 2353 1173 2410 qu’une jarretière. Arme-toi de deux aiguilles à bas, de
69 2396 1181 2470 grosseur ordinaire (3/0), prends de la laine de deux
66 2455 1173 2517 couleurs, noire et verte, noiré et bleue, noires et gro¬
63 2512 1180 2584 seille ; si tu le veux. Arrêtant notre choix sur ces deux
69 2564 1170 2620 dernières, nous commencerons par la raie groseille,
71 2618 1173 2678 dont nous ferons neuf Tours, à l’endroit; puis, alter¬
63 2676 1173 2723 nant, nous ferons, pour la raie noire, neuf autres Tours.
66 2723 1181 2808 à l'envers; et, ainsi de suite; chaque raie aura, de
66 2777 1180 2842 longueur, douze à treize centimètres. Tu poursuivras
73 2836 1178 2903 jusqu’à ce que tu aies dix-sept raies noires et dix sept
66 2880 1181 2945 raies, groseille, après quoi, tu fermeras la bande par un
78 2943 1177 3011 point de surjet. Si ton tricot a été travaillé comme il
71 2994 1181 3063 convient, chaque raie groseille devra former une petite
73 3060 1176 3108 côte, faisant saillie sur la raie noire. Pour le fond du
74 3105 1177 3174 panier que tu travailleras de même, tu feras un carré
69 3172 1178 3214 ayant trois raies noires et trois, groseille, sur douze
78 3213 1173 3297 centimètres de long. Tu couperas, ensuite, un mor¬
76 3266 1174 3322 ceau de carton de forme ovale ayant douze centimè¬
81 3322 1181 3378 tres de longueur, sur lequel tu placeras le petit carré
81 3378 1183 3433 au tricot, dont il faut rentrer les quatre angles. Cette
90 3429 1188 3496 partie du tricot devant être posé, très-tendue, sur le
84 3486 1184 3552 carton, ne pourra pas, comme le reste, former la
81 3537 1183 3597 côte ; le carton sera, à l'intérieur, recouvert d'une
84 3590 1177 3652 percaline groseille. Autour de ce carton, tu fixeras
76 3643 1181 3708 la bande au tricot, préalablement faite; après quoi,
81 3706 1180 3762 dans le haut et dans le bas du panier, tu placeras
87 3750 1173 3817 une petite garniture frisée, faite en ce tricot bouclé,
94 3803 1208 3888 dont nous avons parlé pour des dessous de lampes :
1246 265 2337 366 cependant, comme je crois très-prudent de rafraîchir
1250 331 2339 422 ta mémoire, à cet endroit, je te rappellerai que,
1254 394 2339 490 pour faire la garniture du haut, c'est-à-dire la plus
1253 450 2330 527 large, il faut, la première maille étant faite, tour¬
1253 516 2332 584 ner la laine deux fois autour de l'index gauche ;
1246 553 2348 626 ensuite, tu tricotes une maille, prenant avec soin la
1253 607 2339 688 laine qui se trouve autour de ton doigt, puis tu fais
1253 671 2334 724 une maille unie, tu recommences une maille bouclée.
1253 720 2340 789 et ainsi de suite, jusqu'à la fin du rang; le tour d'a¬
1253 776 2358 838 près se fait uni et à l'endroit. Pour les couleurs, tu
1246 835 2343 887 devras faire deux Tours bouclés noir et deux toures gro¬
1250 879 2350 937 seille. Quant à la bande du bas, elle est de moitié
1260 932 2350 1015 plus étroite, et se fait de la même manière; comme
1244 986 2340 1069 longueur, toutes les deux devront avoir la circonfé¬
1253 1036 1599 1113 rence du panier.
1298 1094 2350 1174 Le sac qui termine ce panier est en taffetas d’Italie,
1260 1148 2339 1227 glacé groseille et noir ; il a de hauteur 25 centimètres,
1253 1204 2340 1268 la largeur est celle de l'étoffe, la petite tête a 7 centi¬
1256 1265 2351 1334 mètres, les anses se cousent entre la bordure et le
1253 1310 2350 1383 tricot, elles sont formées par une ganse de couleurs
1253 1373 2353 1442 assorties; la largeur de ces anses est de 15 centi¬
1253 1425 1422 1495 mètres.
1293 1481 2357 1547 Pour confectionner ce panier il faut : 50 grammes
1253 1534 2358 1590 de laine moscovite, 1 fr. 25 ; 25 centimètres de taffe¬
1253 1592 2358 1656 tas d’Italie, 1 fr. 50 ou 2 fr., et 75 centimes de ganse.
1309 1642 2044 1705 71, croquis d'un signet pour missel.
1299 1703 2358 1764 Ce signet est composé de dix rubans de moire (ruban
1253 1749 2361 1816 des décorations); ils ont 3 centimètres de large et de 35
1253 1809 2356 1868 à 40 centimètres de long; ces rubans sont de cinq
1258 1861 2361 1931 couleurs différentes, c'est dire qu'il se trouve deux
1253 1917 2358 1970 rubans de chaque couleur. Dans le haut, ces ru¬
1258 1969 2357 2028 bans sont pliés en pointe; les deux de même nuance
1257 2023 2357 2088 sont fixés à une ganse de soie assortie, ayant 4 centi¬
1258 2081 2357 2137 mètres de longueur ; le bas de chacun de ces rubans
1258 2127 2364 2185 est arrondi, froncé et terminé par un petit travail au
1267 2179 2250 2238 crochet, en cordonnet d’or, d‘argent ou de soie.
1306 2231 2363 2298 Nos rubans ainsi préparés, nous ferons une petite
1264 2287 2353 2365 pelote, carré long, de l’épaisseur du missel, et très-
1267 2340 2368 2407 dure ; elle aura 1 centimètre et demi de hauteur et
1264 2395 2358 2469 sera, d’un côté, recouverte en drap d‘or, et, de l’autre
1277 2451 2361 2521 en moire antique rouge ; les ganses de nos rubans y
1267 2505 2368 2597 seront cousues et les coutures seront cachées par une
1264 2563 1767 2637 fine passementerie d'or.
1306 2591 2364 2668 La bande de tapisserie que nous t'envoyons et qui a
1271 2661 2356 2735 fait pousser des cris d'admiration à quelques per¬
1271 2717 2357 2780 sonnes qui l’ont vue sur ma table au moment où j’al-
1272 2766 2361 2839 lais te la décrire, peut te servir pour bandes de meu¬
1271 2818 2370 2902 bles, de portières, de bordures de rideaux; cela ferait
1271 2878 2363 2943 aussi de fort beaux lambrequins de fenêtres et de che¬
1274 2943 2365 2996 minées; en détachant les deux bouquets de ce dessin,
1271 2992 2371 3065 tu peux les disposer pour dessus de table ovale, devant
1274 3049 2166 3105 de foyer et une infinité d’autres ouvrages.
1310 3081 2358 3179 Ces bouquets, sans rien perdre de leurs gracieux
1271 3158 2176 3223 aspects, seront aussi fort bien au petit point.
1323 3209 1946 3280 72, GRAND ALPHABET, plumetis.
1320 3262 1925 3355 73, PETIT ALPHABET, plumetis¬
1317 3321 1715 3402 74, EA, plumetis.
1358 3412 2267 3524 EXPLICATION DE LA GRAVURE DE MODES.
1312 3513 2356 3582 Robe de taffetas d'Italie à deux jupes; sur la pre¬
1271 3579 2364 3646 mière jupe se trouvent posées, de chaque, côté, trois
1271 3614 2356 3689 quilles de ruban ruché. Les mêmes ruches se trou¬
1277 3685 2371 3741 vent sur les basques; celle qui est placée sur le devant
1271 3732 2356 3800 remonte sur les épaules et vient former la pointe dans
1271 3783 2358 3863 le milieu du dos. Les manches sont composées d'un
