2939 4158
1534 68 1650 155 368
463 167 1528 237 Salhara avalait de la gélative délayée dans du miel,
414 229 1527 287 ou des boulettes de mie de pain trempées dans de
415 280 1527 335 l’huile, mais rien de tout cela ne parvenait à l’en¬
418 333 1533 396 graisser; d’ailleurs Achmed était devenu si avare à
415 383 1531 448 son égard, qu'à peine avait-elle de quoi se nour¬
418 434 1527 501 rir. Au risque d'être battue, elle vendit un de ses
418 494 1526 557 bracelets pour acheter un talisman, qu'une sorcière
415 552 1523 610 lui fit payer deux douros, mais il demeura sans effet.
408 605 1534 671 Les consolations religieuses manquaient absolument à
421 675 1521 720 ce pauvre cœur, qui ne connaissait de Dieu que son
415 716 1523 780 nom redoutable, et d’elle-même que ce misérable
421 773 1516 826 corps qui déclinait avant l’âge; aussi la pauvre Sa¬
414 832 1516 896 hara, séparée de son père et de sa mère, privée d’air,
410 886 1521 949 de soleil et presque de nourriture, pouvait envier le
412 938 1520 1009 sort des brebis qu’elle soignait dans son enfance,
408 1004 1520 1065 et qui, au moins, paissaient en liberté l’herbe des
403 1047 1518 1120 montagnes, jusqu’à ce que leur tête tombât sous le
405 1103 801 1164 couteau meurtrier.
451 1146 1516 1233 Cependant le ciel, dans sa bonté, lui avait accordé
403 1220 1520 1278 une grande consolation ; Sahara était devenue mère.
448 1268 1520 1324 A cinq ans, sa fille, la petite Hapénia, promettait tout
407 1321 1510 1384 ce qu’avait tenu sa mère; ses grands yeux noirs bril¬
401 1372 1513 1449 laient d’un doux éclat, sa taille svelte se dessinait
410 1434 1517 1503 gracieuse sous son sarreau de laine blanche, et ses
407 1492 1507 1559 cheveux soigneusement teints en rouge, et recouverts
397 1523 1510 1602 d'une calotte en velours ornée de sequins enfilés, tom¬
394 1595 1510 1653 baient en longs anneaux autour de son cou mince et
401 1636 1500 1723 flexible. Tout ce quelle cœur de la jeune femme ren¬
397 1698 1504 1785 fermait de tendresse se concentra sur cette chère en¬
400 1747 1510 1815 fant, son origueil et sa joie; près d’Hapénia elle
397 1818 1499 1879 oubliait les oasis du désert, les palmiers de Biskara,
400 1855 1509 1934 et la tente même de Sidi-ben-Hamelam; pour Hapénia
394 1927 1509 1979 seule elle aimait l’existence; bien plus, elle chérissait
391 1978 1507 2037 même, à cause d’elle, le capricieux Ben-Salem, par la
397 2031 1500 2102 seule raison qu’il était le père de son enfant. Hapénia
397 2082 1507 2146 rendait à sa mère caresses pour caresses, affection
403 2139 1504 2213 pour affection, et quand Achmed n’était pas de mau¬
403 2196 1500 2263 vaise humeur, la petite fille se montrait si gaie dans
400 2253 1501 2324 cette maison qui était son univers, elle s’amusait si
400 2298 1503 2381 gentiment, gazouillant du matin au soir comme les
391 2352 1500 2425 hirondelles qui bâtissaient leurs nids dans la cour,
400 2414 1494 2487 que Sahara passait des heures entières à la regarder
397 2470 1501 2545 et à l’écouter. Mais un matin Hapénia se leva toute
393 2521 1497 2606 triste, le froid la saisit, et elle grelotta longtemps sur
390 2575 1494 2656 le sein de sa mère éperdue qui cherchait en vain à
388 2633 1497 2709 la réchauffer. Cet état effrayant dura plus d'une
388 2681 1494 2763 heure; les lèvres de l’enfant étaient devenues violettes
386 2736 1492 2821 et son visage livide, puis, le sang reflué vers le cœur,
390 2804 1492 2862 circula de nouveau dans tous les membres, mais brû¬
379 2846 1496 2920 lant, enflammé, jusqu’à ce que cette ardeur s’éteignît
391 2911 1494 2983 peu à peu dans une moiteur générale qui termina
379 2961 1494 3040 l'accès. Le surlendemain la fièvre se montra de nou¬
388 3017 1493 3093 veau, aussi menaçante que l’avant-veille; tous les deux
381 3059 1490 3146 jours elle vint de la sorte; la fraîcheur d’Hapénia dis¬
383 3127 1490 3194 parut bientôt sous l’étreinte du mal, et sa gaieté s’éva¬
369 3187 1494 3260 nouit en même temps. La mère, au désespoir, vendit
369 3228 1496 3298 l'un après l'autre tous les bijoux qu'elle avait jadis
367 3294 1490 3355 reçus de Ben-Salem, pour payer les talebs qui écri¬
370 3346 1486 3428 vaient sur un morceau de papier quelques versets du
370 3393 1486 3465 Coran; ces petits papiers renfermés dans un sac de
377 3458 1486 3523 peau et suspendus au cou de la malade, devaient
369 3511 1485 3575 éloigner la fièvre; ou bien encore Sahara consultait
369 3554 1486 3643 les matrones, qui, moyennant salaire, égorgeaient
364 3605 1485 3706 des coqs noirs et se servaient de leur sang pour
364 3674 1485 3766 chasser le mauvais esprit. Mais il en était de la
359 3730 1476 3822 santé d'Hapénia comme de la beauté de sa mère, ta¬
1619 153 2736 234 lismans et sortiléges échouaient contre la maligne
1624 227 2739 299 influence, et Sahara, accablée de douleur, perdait de
1627 282 2343 347 plus en plus le courage et l'espoir.
1657 319 2739 407 Un jour, elle entendit dire à une de ses voisines
1616 388 2739 442 qu’il y avait, parmi les roumis, une femme plus sa¬
1622 444 2739 509 vante à elle seule que tous les talebs et les sorcières
1616 497 2737 568 de l'Algérie, une Française qui commandait à la fièvre
1610 564 2736 627 de disparaître, et à qui la fièvre obéissait. Quelque
1609 613 2739 668 incroyable que parût ce récit, Sahara résolut de tenter
1609 664 2743 726 l'aventure. Elle se para de ses habits de fête, peignit
1612 727 2730 791 son visage depuis si longtemps négligé, et s'envelop¬
1622 780 2729 846 pant avec soin de son haïck et du grand voile arabe
1612 832 2728 898 qu’elle avait dû adopter à son arrivée à Constantin,
1607 897 2719 945 elle s’achemina vers la demeure de celle dont on ra¬
1612 945 2161 1011 contait tant de merveilles.
1657 999 2725 1065 Avant de se mettre en route, Sahara avait eu soin
1612 1055 2728 1113 de renfermer dans un petit coffre le peu de bijoux
1612 1110 2728 1170 qui lui restaient encore, et les sequins qui ornaient la
1612 1167 2728 1225 calotte d’Hapénia, c’était tout ce que possédait la
1616 1226 2726 1285 pauvre femme, et en considérant combien cette of¬
1603 1280 2732 1336 frande était minime en comparaison du bienfait qu'elle
1603 1335 2725 1396 osait solliciter, Sahara tremblait que la Française ne
1598 1388 2722 1455 repoussât avec colère un présent si peu digne d’une
1609 1445 2723 1501 personne de ce mérite. Cependant son amour de mère
1606 1500 2719 1562 ne lui permettait point d’hésiter; elle s’en alla donc,
1598 1552 2720 1612 répétant tout le long du chemin le discours qu’elle
1605 1605 2725 1670 préparait depuis la veille pour toucher la sorcière et
1598 1658 2283 1723 obtenir la guéison de sa fille.
1646 1709 2715 1780 On comprendra aisément l’anxiété de la Bédouine,
1593 1768 2716 1836 si l’on veut se rappeler qu’en Algérie comme dans
1599 1824 2715 1891 tous les autres pays musulmans, ce n’est qu’en offrant
1592 1881 2715 1948 des cadeaux proportionnés à la grandeur du service
1600 1941 2719 2006 qu'on réclame et à l'importance du personnage auquel
1600 1997 2709 2051 on s’adresse, qu’il est possible de trouver accès auprès
1599 2037 2712 2119 des cheiks, des marabouts et de toute autre personne
1600 2102 2715 2168 puissante, et que le poids de l’or est souvent le seul
1600 2158 2468 2215 qui fasse pencher la balance de la justice.
1633 2215 2712 2276 Heureusement pour Sahara, cette sorcière qu’elle se
1586 2277 2716 2336 représentait sous un aspect si imposant et si terrible
1593 2325 2712 2393 peut-être, n’était autre que l’humble sœur Constance,
1583 2376 2709 2451 la servante des pauvres; mais la Bédouine ne connais¬
1585 2438 2709 2494 sait pas les doux effets de la charité chrétienne, elle
1595 2485 2712 2550 ignorait même le nom de cette Aubliime vertu; aussi la
1593 2537 2712 2607 présence d’une femme dont on racontait des choses
1585 2603 2708 2660 si extraordinaires, la robe noire de la sœur, sa haute
1585 2653 2705 2723 taille, saisirent la pauvre créature au point qu’ou¬
1583 2701 2713 2781 bliant le discours préparé, les formes étudiées, tout
1586 2776 2708 2838 en un mot, hors sa tendresse maternelle, elle tomba
1588 2809 2270 2877 la face contre terre en s'écriant :
1631 2872 2360 2939 « Sauve ma fille, guéris Hapénia. »
1631 2922 2705 3003 Sœur Constance commença par relever la pauvre
1578 2975 2701 3055 mère, elle la rassura par quelques douces paroles;
1585 3043 2711 3109 puis, ayant appelé Samuel, elle se fit expliquer plus
1579 3100 2630 3168 clairement ce qu’on attendait de sa complaisance.
1623 3141 2706 3222 Dès que la bonne sœur eût compris qu’il n’était
1582 3205 2705 3277 question que d’une fièvre tierce, elle dit à la Bédouine
1579 3249 2704 3328 d’espérer, non dans la science, mais dans le bonté de
1575 3301 2705 3390 Dieu, qui avait permis qu'on trouvât un remède à ce
1575 3359 2699 3442 mal, et repoussant avec douceur le coffret que Sahara
1575 3431 2698 3502 s'obstinait à lui offrir, elle prit avec elle sa petite
1575 3469 2688 3561 phαrmacie Ambulante, et suivit la Bédouine qui mar¬
1575 3537 2696 3606 chait d’un pas rapide, le cœur palpitant d'espérance.
1629 3588 2687 3663 Quelques grains de quinine, que la sœur fit avaler
1571 3629 2687 3728 à la petite malade, empêchèrent la fièvre de repa¬
1568 3695 2691 3770 raître ce jour-là, et le même traitement répété trois
1571 3759 2305 3853 ou quatre fois la chassa tout à fait.
