2897 4318
1271 303 1367 372 305
225 351 1271 451 me chargea pour lui de mille expressions de sympath¬
230 447 1279 496 thie et d’intérêt. Elle me témoigna tout le regret
230 491 1290 552 qu'elle éprouvait elle-même de cette catastrophe, et
225 549 1278 602 m’assura qu’elle attendrait avec impatience le retour
227 602 1278 660 de notre ami pour offrir quelques listrations à sa
227 644 579 720 légitime douleur.
273 714 1283 761 » Quant à Eveline, elle reçut avec la plus glaciale
230 758 1269 821 indifférence toutes mes nouvelles, et ne parut sen¬
230 807 1279 868 sible qu'au plaisir de voir le nombre de ses bijoux
222 859 1269 918 s’augmenter d’une charmante bague. Je l’avais par¬
217 896 1278 978 faitement jugée. Je ne lus sur son visage ni surprise,
225 960 1278 1019 ni chagrin, ni contrariété. Elle n’eut pas un de ces
218 1020 1274 1065 mots heureux qui, dans une telle circonstance, eus¬
222 1069 1271 1121 sent jailli du cœur malgré les biens éances les plus ri¬
225 1119 1269 1181 goureuses et l’éducation la plus sévère. Son esprit,
222 1168 1274 1226 dont je connaissais la grâce, était-il ce jour-là plus pa¬
226 1217 1278 1289 resseux que d’habitude? Je ne sais. Quant à moi, il m’a
218 1271 1274 1333 toujours semblé que si l’esprit seul peut suffire aux
218 1323 1271 1379 exigences d’une conversation de Salon, il lui faut le
218 1379 1269 1436 secours du cœur dans les circonstances délicates de
222 1430 351 1487 la vie.
259 1478 1266 1537 » Je m-en allai triste, découragé, mais surtout em¬
206 1524 1266 1584 barrassé du compte que je devais rendre à Frédérick
218 1580 1261 1643 de ma démarche. Que lui dire? J'étais dans la per¬
215 1629 1266 1700 plexité la plus pénible, je ne pouvais être vrai sans
213 1689 1262 1742 desservir Eveline et les projets de mariage bien ar¬
218 1736 1271 1801 rêtés de sa mère ; je ne pouvais déguiser à Frédérick
210 1782 1262 1843 mon sentiment et la vérité même sans contribuer au
213 1842 1266 1895 malheur de toute sa vie; car je le connaissais. Aveu¬
213 1894 1261 1956 glé comme il l’était sur le compte d’Eveline, et désa¬
207 1944 1264 2011 busé dès les premiers jours de son union avec elle,
207 1999 1264 2062 il ne se fût jamais plaint. Il eût souffert en silence,
207 2050 1270 2111 en face d’elle-même, tous les maux qui lui fussent
211 2109 1261 2165 venus d’elle. Mais c’en eût été fait de son bonheur
213 2156 1262 2204 et du calme de sa vie. C'aurait été pour lui un sup¬
215 2208 1266 2264 plice jusqu'au jour où la mort de l'un des deux eût
207 2254 509 2321 rompu ce lien.
247 2313 1266 2379 » La Providence eut pitié de moi. En rentrant, je
207 2359 1260 2417 trouvai Frédérick dormant d’un sommeil lourd et pé¬
207 2413 1264 2482 nible. Il avait besoin de ce repos, et je me gardai bien
207 2466 1260 2519 de le troubler. Je n'entrai chez lui que le lendemain
210 2520 1260 2574 matin. Il était habillé et m’attendait tristement pour
207 2574 1264 2635 terminer les préparatifs de son départ, qui devait avoir
209 2609 658 2681 lieu dans l’après-midi.
245 2664 1260 2725 » Frédérick me montra une lettre qu’il venait de
209 2716 1260 2792 recevoir à l’instant. Elle était de madame R., et je
210 2773 1258 2836 l’eusse trouvé tout en joie dans un autre moment.
206 2822 1257 2898 Madame R. lui faisait des doléances charmantes, quoi¬
209 2883 1260 2938 que trop amphatiques pour être tout à fait sincères. Et
203 2927 1262 2994 afin que le souvenir de sa fille ne s’éloignât pas de sa
213 2987 1260 3043 pensée durant son absence, et qu’elle fût constamment
206 3036 1260 3096 rappelée à son cœur par un objet sensible, elle le priait
207 3091 1254 3145 au nom d'Eveline d'agréer un charmant « souvenir »
207 3135 1248 3193 en forme de calepin, brodé sur canevas de soie, au¬
214 3176 1257 3258 quel, ajoutait elle, Eveline avait consacré avec plaisir
206 3225 1249 3310 ses heures de loisir à la campagne. Elle finissait en
215 3281 960 3357 l’assurant de ses meilleurs sentiments.
245 3332 1253 3421 » C’était un délicieux calepin du meilleur goût,
209 3377 1257 3463 brodé d'un petit bouquet de fleurs symboliques, et
209 3442 1250 3513 encadré d’ivoire scripté avec infiniment d‘art. Cette
206 3482 1250 3571 monture, d'une délicatesse excuse, portait évidemment
201 3538 1250 3626 le cachet de Tahan. Il y avait huit jours que j'avais vu
209 3591 1250 3669 justement en montre dans son magasin un calepin
207 3660 1248 3723 exactement pareil à celui-là. J’avais même songé à
201 3697 1241 3785 l’acheter pour une de mes parentes, nouvelle mariée,
210 3761 1246 3838 qui était à Paris en ce moment-là. Cette pensée traversa
363 3802 964 3874 VINGT-CINQUIÈMEANNÉE. — N° X.
1357 395 2421 480 mon esprit, et malgré moi il m'échappa un mouvement
1367 447 2419 536 de surprise que je n’eus pas le bonheur ou l’adresse
1358 512 2417 595 de dissimuler assez tôt aux yeux de Frédérick, qui,
1367 545 2413 628 sans être absolument méfiant, se tenait constam¬
1366 622 2425 696 ment en garde contre tous les événements de la
1374 661 2415 729 vie. Je sentis sur moi son regard perçant et obser¬
1369 713 2422 798 vateur qui interrogeait ma physionomie. Je tournai
1365 754 2423 842 et retournai dans ma main ce bijou d’ivoire, en faisant
1358 822 2427 891 tout ce que je pouvais pour avoir l'air d'admirer une
1365 864 2418 944 chose dont mon admiration s’était déjà rassasiée.
1358 915 2418 995 Enfin, je le rendis à Frédérick, avec force compliments,
1355 976 2421 1041 charmé de me débarrasser de l’investigation à laquelle
1358 1019 2419 1105 je me trouvais soumis. Mais je m’abusais sur ma bonne
1366 1079 2413 1153 change. Frédérick ne me quitta pas du regard en re¬
1355 1132 2415 1200 prenant le calepin, qu’il mit froidement sur le coin
1353 1180 2406 1254 du premier meuble qui se trouva là. Et je fus singu¬
1362 1222 2407 1298 lièrement embarrassé, lorsque levant les yeux je re¬
1353 1279 2410 1362 trouvai ses yeux bleus, profonds et sévères, fixés sur
1353 1330 2418 1404 les miens, avec une perspicacité si tenace et avec un
1355 1389 2415 1456 si singulier mélange d’inquiétude sombre et de morne
1346 1439 2409 1512 tristesse, qu’ils bouleversaient toute la sérénité habi¬
1354 1491 2418 1557 tuelle de son visage. C’était comme le ciel d’azur d‘un
1354 1539 2415 1611 jour d’été traversé tout à coup par des nuages pleins
1346 1595 2418 1665 de feu et gros de tempêtes prochaines. Je ne lui avais
1359 1640 2417 1728 jamais vu cette expression étrange, et j'en frissonnaires
1346 1684 1609 1757 malgré moi.
1395 1742 2409 1826 » — Qu’avez-vous? me dit d’un ton moitié amer et
1350 1805 2410 1867 moitié tailleur, mon ami, qui cessait de me tutoyer
1357 1850 2099 1915 pour la première fois depuis dix ans.
1491 1909 2403 1974 Moi? Rien! je te jure. Qu’as-tu donc à me re¬
1346 1954 1765 2026 garder comme cela?
1393 2012 2410 2077 » — Vous avez l’air de traiter cet objet comme une
1355 2069 2401 2132 vieille connaissance. Est-ce que vous en auriez en¬
1358 2109 1845 2179 tendu parler avant moi?
1393 2164 2406 2241 » — Eh mais ! que tu prends aisément la mouche !
1346 2212 2406 2290 M'est-il interdit d’admirer une chose que tu trouves
1351 2276 2278 2331 charmante toi-même? Es-tu jaloux à ce point?
1391 2326 2409 2402 » Fréderick me prit la main d’un mouvement lent
1342 2381 2402 2446 et solennel, et il attacha de nouveau sur les miens ses
1347 2427 2399 2487 grands yeux interrogateurs. Mais, cette fois, c’était
1341 2488 2399 2555 avec toutes les supplications de l’amitié, et avec une
1342 2535 2391 2591 expression où se peignaient si bien tous les déchire¬
1342 2583 2401 2663 ments et les angoisses de sa pensée, que j’en éprouvai
1347 2636 1987 2688 un véritable serrement de cœur.
1379 2688 2399 2766 » — Henri, me dit-il d’une voix altérée, tu le con¬
1335 2736 2292 2796 nais. J'en suis sûr. Dis-le, oh ! dis-le par grâce !
1383 2796 2407 2862 » Je vis, à l’accent dont il prononça ces paroles, à
1341 2836 2405 2917 quel point Eveline possédait déjà ce noble cœur, que
1346 2893 2403 2962 je savais si pur, si royal; et j’eus un mouvement de
1335 2955 2399 3011 mépris et de colère contre cette jeune fille qui se jouait
1335 3000 2386 3074 si légèrement de quelque chose de si saint et de si res¬
1341 3047 1522 3124 pectable.
1378 3096 2387 3168 » Je continuai néanmoins de feindre la plus par¬
1339 3145 2205 3213 faite indifférence en répondant à Frédérick.
1378 3201 2394 3260 » — Hé bien, dis-je, pour ne pas laisser aller plus
1335 3258 2391 3330 loin tes suppositions, je te dirai la chose; ce n’est pas
1333 3301 2080 3362 la peine de m’en taire, certainement.
1371 3354 2387 3413 » J’ai vu chez Tahan une monture à peu près sem¬
1330 3407 2387 3474 blable à celle-ci; et voilà comment il se fait que j’ai
1333 3469 2395 3526 l'air de reconnaître ton calepin. Nous ne sommes pas
1335 3515 2385 3579 autrement parents, lui et moi. J'espère que tu n'ima¬
1339 3575 2389 3640 gines pas que j’en sois l’auteur. Je t’assure bien que je
1335 3611 1766 3681 n’en suis pas capable.
1377 3669 2387 3728 » Mais bah ! Frédérick ne m'écoutait plus. Il avait
1330 3727 2387 3780 saisi son chapeau avec le tressaillement saccadé d'un
1335 3776 2385 3849 convulsionnaire et il sortit précipitamment sans me
2155 3856 2204 3887 20
