2822 3966
1622 119 1798 224 158
567 189 1632 290 tion en velours ; le bord des manches et le corsage
566 279 1632 334 sont ornés de la même manière. Mantelet-châle Gi¬
568 323 1641 384 tana dessinant la taille; le bord de chaque garniture
571 378 1637 442 est terminé par une frange à grelots ; la même frange
571 429 1636 499 est posée sur la tête de la première garniture. Chapeau
567 481 1632 541 de crêpe orné de coques de rubans de taffetas; une
568 533 1633 595 dentelle est renversée sur la passe, dont le fond est
566 589 1632 647 moucheté de paille; le bavolet est orné de trois rangs
564 637 1633 704 de petits velours noirs; en dessous, des fleurs en paille
568 700 1614 755 et des bouillonnés de tulle illusion; une tresse de ve
560 745 1363 815 lours noir traverser le sommet de la tête.
594 789 1625 864 2, Robe en gaze d’Orient à trois jupes; chaque jupe
552 861 1622 911 est terminée par trois rangs de bouillonnés de même
560 901 1626 949 étoffe que la robe ; le corsage est froncé, sans bas¬
553 949 1618 1012 ques, avec ceinture de ruban à longs bouts. Mante¬
548 1002 1621 1066 let Printanière à double rang, recouvert d’une légère
549 1055 1609 1119 broderie au passé mélangée de quelques petites poin¬
541 1111 1609 1165 tes de jais; une frange en chenille, avec tête de jans
541 1165 1609 1229 termine ce petit vêtement, que, pour jeune femme,
540 1203 1618 1269 l'on pourrait rendre tout à fait élégant en remplaçant
548 1269 1619 1324 la frange par de hautes guipures de Chantilly ou de
548 1314 1606 1379 Cambrai. Ces dernières sont si merveilleuses aujour¬
548 1375 1614 1435 d’hui, que l’on n’emploie plus la vraie dentelle que
548 1427 1614 1486 pour l'acquit de sa conscience. Le chapeau qui accom¬
548 1478 1613 1545 pagne cette toilette est composé de biais de taffetas et
541 1533 1611 1585 crêpe, alternés; une plume roulée recouvre les deux
544 1572 1609 1646 tiers de cette calotte et vient rejoindre un bouillonné
544 1636 1609 1694 de crêpe placé au-dessus de la passe; de distance en
536 1682 1607 1741 distance, ce bouillonné est arrêté par des biais de
536 1731 1607 1812 taffetas; en dessous de la passe, du tulle ruché avec
541 1783 1599 1849 petites touffes de laurier thym et de longues herbes.
575 1840 1603 1897 3, ROBE DE TAFFETAS uni à deux jupes, également
526 1897 1594 1957 unies ; corsage à basques bordées d’une natte de soie.
522 1934 1600 2014 La même natte est disposée en brandebourgs sur le
524 2002 1596 2059 devant du corsage et sur les manches. Mantelet
533 2049 1588 2113 écharpe Belle-Gabrielle en organi, orné d’un entre¬
529 2108 1598 2163 deux de guipures, dans lequel est passé un ruban de
522 2155 1588 2219 satin, terminé par une guipure de 8 à 10 centimètres.
525 2201 1590 2278 Quant au chapeau, ce n’est point un modèle que je
521 2253 1596 2325 t'envoie, mais seulement un spécimen de la mode
521 2312 1596 2376 qu'on voudrait faire accepter, ce qui, je crois, ne sera
519 2373 1598 2432 pas chose facile, à moins que cela ne soit consacré
518 2422 1590 2487 aux réunions du soir; toujours est-il que ce chapeau,
510 2466 1585 2529 dont le succès à venir est entre les mains de nos su¬
524 2524 1581 2588 prêmes élégantes, se fait en crêpe, en moire, ou en
521 2574 1594 2657 étoffe de soie de fantaisie; sur le dessus, des plumes ;
518 2615 939 2680 en dessous, desGroses.
553 2679 1579 2745 4, RODE DE TAFFETAS avec volants à disposition; cor¬
507 2731 1581 2795 sage et manches assortis aux volants ; châle Stuart en
505 2793 1584 2848 cachemire brodé avec grand effilé; chapeau composé
502 2840 1587 2912 d'une passe en paille de riz ornée d'une plume plate et
498 2885 1584 2951 d’une calotte de taffetas, sur laquelle retombe une
502 2935 1584 3004 blonde; le bavolet est en taffetas, terminé par une
503 2986 1581 3062 lame de paille de riz; dans le milieu, un nœud de
498 3052 1576 3114 taffetas et paille de riz a l’air de retenir les fronces
506 3106 1566 3163 de la calotte; sous la passe, une guirlande de prime¬
498 3164 1577 3224 vères relie les blondes ruchées de chaque côté des
500 3198 631 3266 joues.
540 3259 1575 3343 5, ROBE EN POPELINE D'ÉCOSSE; de chaque côté de la
498 3301 1568 3385 jupe est une quille en passementerie entremêlée
498 3361 1566 3438 de petits grelots, et se continuant en mourant sur
507 3418 1566 3510 chaque côté des basques. Chapeau mélangé de paille,
498 3457 1577 3557 de taffetas et de dentelle; une touffe de plumes orne
500 3506 1572 3618 l'un des côtés de la passe, sous laquelle se trouvent
500 3571 1575 3656 des marguerites des champs et du tulle ruché. Châle
492 3636 1568 3730 Reine de Navarre en moire antique, produisant, par
1727 210 2774 315 sa garniture, l'effet d’un châle à deux rangs. Il est
1718 283 2580 350 brodé au passé et terminé par des effilés.
1762 342 2779 419 6. — Robe en taffetas printemps, à petits carreaux
1717 376 2783 469 damiers, mantelet Parisienne à triple rang, orné de
1718 439 2774 525 petits entre-deux guipure et de dentelles du même
1724 498 2778 582 genre ; chapeau de paille anglaise, simplement orné
1717 533 1948 609 de rubans.
1758 580 2771 674 7, Robe tissu laine et soie, avec raies satinées de
1713 660 2774 726 couleur tranchant sur le fond et disposées en quilles
1705 713 2776 783 de chaque coté de la jupe; ces même raies se conti¬
1705 757 2771 834 nuent sur la poitrine et de chaque côté du dos. Man¬
1709 816 2771 884 telet Provatore de taffetas à volants plissés; des ruches
1706 864 2764 934 de rubans ornent chaque volant ainsi que le corps du
1708 921 2774 989 mantelet ; chapeau en paille d’italie, couvert de den¬
1708 972 2363 1042 telle noire disposée en fanchon.
1747 1020 2772 1101 Maintenant, que te dirais-je sur les nouveautés de
1702 1055 2771 1150 la saison? Pas grand’chose; en réalité, il n’y a pas
1698 1116 2763 1199 jusqu’à présent de grands changements, et cepen¬
1702 1188 2764 1250 dant, à ton intention, je suis allée prendre mes infor¬
1694 1241 2772 1306 mations à de bonnes sources : chez mesdames Bricard
1698 1286 2769 1358 et Collman pour les chapeaux; à la maison Fauvet
1699 1333 2463 1409 pour les robes. Voici mes remarques.
1735 1390 2769 1459 L'heure de l'adoption des chapeaux appelés Louis
1693 1446 2765 1511 XIII n’a peut-être point encore sonné, au grand
1690 1500 2764 1571 désespoir de quelques jeunes femmes, qui se ré¬
1697 1538 2764 1625 jouissaient à la seule idée de quitter enfin ces petits
1687 1599 2761 1678 chapeaux que certains journaux baptisent de noms
1691 1659 2761 1716 plus ou moins gracieux; seulement, et ceci te fera
1687 1703 2761 1778 plaisir, je dois te prévenir que ces pauvres chapeaux
1683 1759 2761 1827 tant invectivés se font un peu plus avancés sur le
1684 1801 2749 1873 front, sans cependant marquer une pointe trop pro¬
1684 1874 2763 1938 noncée. La calotte est tantôt ronde et plate, tantô t
1683 1916 2759 1979 fuyante et plissée à la bonne femme, avec nœud dans
1683 1968 2755 2034 le milieu; presque tous ont une dentelle de 10 ou 12
1683 2013 2756 2085 centimètres, cousue au bord de la passe; aux dents
1675 2068 2756 2146 de cette dentelle, blanche ou noire, pendent des
1676 2125 2764 2204 pointes de jais ; elle est quelquefois remplacée par
1675 2192 2755 2247 un effilé de chenille ou de velours; elle se rabat en
1675 2227 2753 2303 dedans sur le milieu de la tête, venant ainsi abriter
1671 2283 2756 2346 le front, et elle donne aux chapeaux un aspect
1670 2331 2749 2411 moins év aporé. Les dessous sont toujours composés
1670 2386 2755 2458 de tulle ruché et de fleurs, de rubans ou de velours;
1674 2447 2741 2498 seulement les fleurs, les rubans ou les nattes de ve¬
1674 2489 2741 2548 lours se placent de préférence sur le front, d’une
1671 2535 2741 2609 tempe à l’autre; les brides se font toujours en larges
1664 2597 2738 2653 rubans, mais les bavolets semblent avoir un peu dimi¬
1663 2642 2741 2714 nué. A mon grand regret, je te dirai que l’on voit
1664 2700 2749 2767 très-peu de chapeaux complètement en paille; j'en
1672 2757 2750 2820 excepte la paille de riz; et encore celle-ci est-elle, la
1667 2812 2731 2871 plupart du temps, perdue dans les dentelles, les ru¬
1664 2860 2742 2920 bans et les fleurs; quelques jeunes filles remplacent
1664 2917 2734 2981 la paille de riz par la sparterie; j’ai vu ainsi un cha¬
1667 2963 2738 3039 peau erné de marguerites disposées en cache-peigne,
1664 3024 2734 3087 avec longues herbes retombant sur le bavolet; en des¬
1657 3084 2736 3145 sous, une guirlande des mêmes fleurs; ce chapeau,
1667 3134 2726 3201 peu coûteux, était charmant. Toujours au commen¬
1664 3190 2736 3235 cement de chaque printemps, la couleur lilas est
1657 3227 2722 3293 la préférée, elle est jolie, mais a le grand inconvé¬
1659 3283 2201 3342 nient d’être peu solide. —
2246 3290 2717 3359 On voit aussi beaucoup
1651 3336 2729 3403 de capites complètement en crêpe, gris poussière,
1660 3384 2734 3464 bleu bluet, vert de mer, simplement ornées d'une
1657 3450 2731 3524 voilette ronde de même étoffe, bordée d'une ruche
1652 3500 2729 3575 aussi en crêpe; ce petit genre fort distingué n’est pas
1659 3559 2719 3608 cependant très-habillé, à moins de choisir des cou¬
1655 3608 2036 3684 leurs plus claires.
1709 3643 2727 3750 La coupe des robes ne paraît pas non plus vouloir
