2897 4318
1193 196 1339 303 - 151
897 473 1653 627 LE lerockès musical.
600 702 1944 791 CATALOGLES GÉNÉRAUX DU PROGRÈS MUSICAL
1204 840 1341 920 No 5.
176 1014 1235 1088 Moyennant une augmentation de un franc, soit en tout
137 1085 1229 1140 7 francs, adressés à la Directrice du Journal des Demoiselles,
142 1133 1232 1190 et non pas du Pragrès Musical, nous envoyons la musique
142 1183 1225 1242 FRANco à toutes celles de nos abonnées habitant la France
142 1235 1240 1299 ou l’Algérie, — ce qui nous paraît rendre plus saillants en¬
137 1284 1034 1331 core les avantages offerts par le Progrèsie.
181 1324 1227 1383 Nous devons à M. Bonoldi, à la fois éditeur et composi¬
146 1361 1225 1423 teur, une série de gracieuses production dont nous in¬
142 1415 548 1480 diquons le sommaire :
181 1443 1185 1512 Viotetta, polka-mazurka pour piano, par Carl Faust;
139 1504 1232 1584 Amoroza ; Lamento, deux polkas sentimentales d’Adolphe
1304 1039 2404 1111 Fumagalli, arrangées pour piano et violon par F. Bonoldi ;
1316 1095 2404 1155 — Voso, voga, ô mariniero, barcarolle pour trois voix égales,
1307 1147 2399 1212 de F. Campana;—la Petite Rouquetière, pour mezzo-soprano,
1309 1183 2399 1267 de Otto Thisen; — l’Amor funesto, mélodie pour mezzo-so¬
1316 1240 2399 1292 prano ou baryton, de G. Donizetti, arrangée avec accom¬
1311 1286 2295 1343 pagnement de violoncelle ou de viol on par F. Bonoldi.
1351 1331 2395 1395 Ontre ce recueil de charmantes compositions à la portée
1316 1373 2395 1438 de toutes les forces, nous mentionnons la Polka chevalenes¬
1311 1432 2392 1489 que, pour piano, de Joseph Kumer, due à M. l’éditeur Petit,
1307 1470 2364 1542 auquel nous devons tant de morceaux de premier mérite.
743 1923 1254 2032 ÉDUGATION
1307 1926 1792 2042 MUSICALE.
179 2181 1222 2255 Désirant apporter quelque variété dans la publication
139 2228 1229 2298 de ces articles, qui, pour nos jeunes lectrices, doivent
139 2286 1229 2358 être un plaisir en même temps qu’une instruction, nous
137 2335 1214 2399 interrompons aujourd’hui la série de nos études bio¬
134 2394 1224 2477 graphiques, nous promettant de la reprendre après
139 2451 1162 2511 une courte halte dans le domaine de l’antiquité.
189 2499 1229 2571 Quoique nous ayons déjà entretenu nos abonnées
139 2548 1222 2615 de la musique des anciens, nous ne pouvons résister
139 2610 1229 2665 au désir de les faire descendre plus avant dans les
146 2657 1222 2717 usages et les habitudes d’une civilisation si nécessaire
134 2717 1225 2786 à connaître. Nous trouvons dans un travail de recher¬
139 2764 1224 2835 ches sur les mœurs, les usages, la guerre et la mu¬
142 2830 1232 2890 sique de l'antiquité, des notes que nous transcrivons
148 2861 1217 2945 ici, persuadée que nous sommes que cette communi¬
142 2932 808 2989 cation sera d'un puissant intérêt.
188 2974 1219 3054 Nous commencerons à parler de la flûte, instru¬
148 3034 1217 3108 ment qui était connu en Asie avant de l’être en Eu¬
149 3088 1227 3158 rope. Homère ne fait mention des flûtes que deux fois
144 3135 1222 3217 dans l'Hiade; dans l’Odyssée, où il n'est question
146 3198 1222 3257 que de l'Europe, il n'en parle pas. Ce fut dans la
149 3232 1217 3307 Béotie ou à Thèbes que l’on fit d’abord usage de la
148 3279 1225 3361 flûle phrygienne. Outre la flûte simple, on avait la
144 3341 1217 3430 flûte double, dont l'une, appelée sinistra, était dans
144 3386 1212 3472 la main gauche et servait à jouer le dessus ; et l’autre,
141 3455 1222 3525 appelée dextra, était dans la main droite et servait à
144 3498 1219 3582 jouer le dessous et à accompagner l'autre. Un certain
137 3559 1220 3619 Sacadas, d'Argos, en jouant de la flûte, obtint pen¬
141 3612 1219 3683 dant plusieurs pythiades les plus vifs applaudisse¬
139 3671 1220 3730 ments ; il en résulta que le nombre des amateurs de
139 3728 1214 3803 cet instrument augmenta de plus en plus dans les ré¬
153 3767 1217 3855 publiques de la Grèce, et surtout à Thèbes. Pour ac¬
1307 2191 2402 2256 compagner les cbants des premières tragédies, on
1304 2251 2395 2313 préféra la flûte à la lyre. Dans les temps reculés, il
1304 2305 2392 2362 entrai dans l’éducation des jeunes Athéniens bien
1307 2342 2392 2419 élevés d’apprendre à jouer de la flûte. Mais, plus tard,
1304 2405 2400 2467 les joueurs de flûte, qui étaient pour la plupart natifs
1307 2457 2392 2518 de Thèbes et d’un origueil excessif, devinrent ridi¬
1302 2508 1438 2575 cules.
1369 2538 2392 2625 On a conservé les noms d’un grand nombre de
1311 2615 2392 2697 joueurs de flûte célèbres. Antigénides accompagnait
1309 2675 2397 2732 le poète Philonénus lorsqu’il chantait ses poésies, et
1304 2721 2395 2786 fut professeur d'Alcibiade. Il dit un jour en public, à
1306 2767 2392 2838 un de ses élèves trop peu goûté suivant lui : « Une
1302 2828 2379 2888 autre fois tu joueras pour moi et pour les Muses. » —
1313 2885 2392 2943 Théodorus, le père de l'orateur Socrale, était facteur
1313 2935 2392 2989 de flûtes, et cet état lui avait procuré, selon Plutar¬
1313 2987 2390 3057 que, une fortune assez considérable pour donner à
1304 3042 2384 3091 ses enfants une très-bonne éducation, et pouvoir sa¬
1304 3091 2384 3140 larier, dans les cérémonies religieuses, un chœur de
1304 3141 2387 3202 chanteurs. Timothéus, de Thèbes, joua un jour sur la
1313 3195 2387 3260 flûte le Nome Orthien avec un tel art, qu’Alexandre
1304 3254 2382 3317 le Grand, transporté d'une ardeur guerrière, se pré¬
1304 3297 2387 3373 cipila en pleurant sur ses armes. Un élève de ce Ti¬
1304 3351 2389 3420 mothéus expira d'émotion la première fois qu'il se fit
1302 3409 2387 3472 entendre en public; il s'appelait Harmonides. Bacchis,
1304 3451 2387 3513 Boa, Galatée, Glaucé, Lamia, Némeada, étaient des
1309 3503 2390 3579 joueuses de flûte renommées. — Evius, de Chalcis
1313 3567 2392 3627 en Eubée, joua de la flûte à la cérémonie du mariage
1304 3619 2387 3683 d'Alexandre le Grand. Diodorus, musicien favori de
1304 3679 2387 3738 Néron, augmenta le nombre des trous de l'instru¬
1309 3733 2392 3790 ment. Un bas-relief, publié par Visconti, prouve que
1304 3785 2392 3840 les anciens connaissaient la flûte traversière. Les
