2897 4318
1222 205 1328 301 173
139 293 1222 367 en question ; forcé par la nécessité, il l’accepte, nous
135 374 1225 424 maudit aujourd'hui, et demain nous bénit ! — Je re¬
135 409 1231 480 connais sa voix ! Songez, songez que vous tenez dans
145 476 1159 529 vos mains, la paix et le bien-être de toute sa vie !
251 521 1218 581 Que vient-on de m'apprendre, s'écriait Parmen¬
142 581 469 652 tier, Cistac, ici!
243 636 1223 701 Dans tes bras, fit ce dernier, avec une véritable
139 689 367 756 effusion. »
190 742 1233 802 « Mon brave Cistac! quelle joie! ne cessait de répé¬
147 794 1039 847 ter Parmentier. Nous reviens-tu à toujours?
243 844 1222 918 Et le nom de mon père, ce nom illustre que je
145 901 877 959 dois continuer à Agen, l’oublies-tu?
241 951 1216 1008 C’est juste, reprit Parmentier, s’assevant et in¬
145 1008 1223 1064 vitant les autres à s’asseoir; c’est juste, vous arrivez
139 1061 1226 1120 tous, vous autres; le but auquel vous tendez n’est
145 1114 719 1180 point un décevant mirage! »
187 1165 1222 1226 Et en parlant ainsi, son front se penchait et s'as¬
135 1229 1218 1282 sombrissait. Il n’avait encore pu parvenir jusqu’au¬
150 1274 630 1341 près de M. de Malherbe!
192 1327 1223 1384 « N’allez pas croire que je vous porte envie, au
145 1381 1221 1443 moins, continua-t-il; Dieu sait, mes bons camarades,
142 1444 1054 1495 que je me réjouis sincèrement de vos succès.
255 1485 1226 1545 Seulement, fit Cistac, tu voudrais joindre tes
139 1536 1099 1602 actions de grâces aux nôtres, c'est très-naturel.
192 1600 1218 1653 Eh bien, dit Parmentier, debout et l'œil ardent,
135 1649 1226 1703 il dépend de vous que cela puisse être, et prochaine¬
142 1703 1226 1766 ment ; ce n’est même qu’à cette fin que je vous ai
135 1751 645 1822 réunis ici aujourd'hui. »
187 1808 1215 1870 Cistac fit à Mailloche et à Armand un signe d’intel¬
140 1856 626 1920 ligence; tous se turent.
236 1916 1218 1979 Mon Solanum tuberosum, poursuivit Parmen-
142 1967 1226 2014 tier... Oh! ne riez pas, je vous en conjure! Mon So¬
138 2022 1218 2085 lanum tuberosum renferme tant de promesses, vien¬
143 2085 1223 2132 drait à un moment si opportun, qu’il lui arrive ce
142 2130 1227 2189 qui n’a manqué à aucune découverte importante lors
142 2185 1226 2250 de son apparition: l’incrédulité l'accueille, la triste
142 2234 1231 2303 raillerie s'en empare, cent Hjections sont soulevées,
147 2288 1223 2352 cent obstacles créés; la route redit avec emphase les
145 2342 1227 2407 lourdes paroles d’anathème qu’elle a jetées au front
139 2393 1230 2468 de tous les novateurs; les cœurs, les esprits, les
135 2452 1226 2500 mains et les bhurses, tout se clôt et se ferme; et je
142 2508 1225 2556 n’ai ni patrimoine à vendre, ni bijoux précieux à
142 2554 1218 2618 mettre en gage, afin d’acheter ou de louer un champ
145 2614 1218 2680 pour y semer moi-même le tubercule nourricier!
145 2663 1227 2728 Mes amis, voulez-vous mériter le titre de bienfaiteurs
147 2717 1230 2767 de l'humanité? Voulez-vous inonder mon cœur d'une
142 2771 1225 2824 reconnaissance ineffable? A vous trois, et pour chacun
142 2816 1226 2883 le sacrifice sera médiocré, à vous trois, prêtez-moi la
147 2872 1225 2946 faible somme nécessaire à une expérience dont je
147 2924 1231 2987 m'engage à sortir victorieux! S'il ne s'agissait que de
146 2983 1223 3051 mon existence, je crois, mes amis, que ma langue
147 3033 1221 3097 se fût repliée dans mon gosier plutôt que d'articuler
149 3086 1225 3165 une prière ; mais c'est pour le genre humain tout
154 3138 1226 3216 entier que je mendie, c'est en son nom que je vous
146 3190 1221 3263 implore; votre denier, votre deier, afin que la terre
146 3236 1226 3322 soit à jamais délivrée de l'horrible famine !... Grand
158 3289 1225 3389 Dieu ! vous vous taisez, vos regards se détournent de
158 3345 1225 3430 moi! Votre main n’a pas déjà pressé la main qui se
158 3397 1225 3487 tend vers vous ! Oh! misérable, je suis perdu; je n'ai
153 3441 1056 3518 pas su trouver le chemin de leurs cœurs ! »
194 3502 1229 3596 Et Parmentier retomba sur son siège, le visage
147 3568 1223 3644 caché dans ses mains brûlantes, tandis que, sur un
146 3614 1225 3705 signe de Cistac, Armand et Mailloche se retiraient,
147 3658 633 3734 oppressés et silencieux.
194 3728 1233 3821 « Antoine, fit-il, la main appuyée sur l'épaule de
153 3754 402 3840 Parmentier.
1417 286 2395 395 Vous ne les avez pas suivis, lui demanda Par¬
1304 363 1837 439 mentier avec amertume?
1405 415 1803 487 . Ne les accuse pas !
1418 464 2395 566 Et de quoi les accuserais-je, répliqua Parmen¬
1312 530 2396 619 tier? N'ont-ils pas scrupuleusement rempli les devoirs
1311 576 2388 670 de la sainte amitié? Ne m'ont-ils point fraternelle¬
1315 631 2393 706 ment aidé de leurs bonnes paroles et de leur argent?
1308 691 2399 772 Mon cri suprême n'a-t-il pas trouvé d'écho dans leurs
1315 757 2399 833 âmes? N'ont-ils pas, tout d'un élan, répondu à mon
1315 795 1833 873 appel?... Oh! les cruels !
1420 851 1815 929 Antoine, calme-toi.
1362 900 1717 978 — Je suis calme.
1366 927 2382 1038 — Si peu, mon ami, que je remets à tantôt diver¬
1312 1021 2391 1075 ses propositions importantes que j’ai à te communi¬
1319 1075 2402 1132 quer, et dont j'ai déjà touché quelques mots à ta
1312 1125 2391 1196 sœur. Pour l'instant, je te laisse à une douleur lé¬
1317 1176 2402 1266 gitime, sans doute, mais de laquelle j'ose cependant
1312 1218 1924 1304 entrevoir le terme. A tantôt!
1418 1281 2397 1362 Mon dernier espoir ! murmurait Parmentier, et
1305 1326 1808 1417 ses pleurs redoublaient.
1361 1379 2400 1489 — Le croirais-tu, fit-il à sa sœur, Revenue auprès
1304 1432 1658 1503 de lui, il- ont!...
1402 1492 2099 1560 - Je sais tout, répondit Angélique !
1402 1561 2399 1626 - Seigneur, s'écria Parmentier, Seigncur, il ne me
1312 1604 2396 1675 reste que vous! Seigneur, tout secours humain m'a¬
1305 1650 2396 1713 bandonne, c’est l’heure de manifester votre puis¬
1305 1710 2402 1767 sance!.. Eh bien! Dieu et mon droit, poursuivit-il
1312 1763 2403 1838 avec une extrême animation, que me faut-il de
1319 1812 1469 1889 plus? »
1353 1879 2396 1945 Sa sœur contemplait cette indomptable persévé¬
1305 1937 2395 1998 rance dans une admiration muette, lorsqu’une dé¬
1315 1991 2393 2057 pêche scellée du sceau de M. de Malherbe leur fut
1308 2036 1511 2104 apportée.
1362 2095 2057 2160 Parmentier l'ouvrit en tremblant.
1360 2152 2391 2220 « Dieu soit loué ! s'écria-t-il. Angélique, les Sablons
1304 2219 2402 2275 me sont accordés pour expérimenter la culture du
1305 2265 2397 2325 Solanum tuberosum, et Sa Majesté le Roi, en veut
1315 2306 1863 2374 tracer le premier sillon ! »
1357 2373 2392 2442 Mademoiselle Parmentier tomba à genoux et pria.
1357 2430 2392 2493 « Un champ ! un champ à moi, poursuivit son
1305 2486 2396 2553 frère ! C'est le but atteint, le succès assuré; ob! que
1308 2541 1627 2620 Dieu est bon! »
1350 2605 2381 2663 Ainsi que nous l’avons vu dans les lignes qui pré¬
1305 2651 2385 2719 cédent, les Sablons, champ inculte et pierreux, où
1312 2708 2381 2775 se trouve aujourd'hui le village qui porte ce nom,
1308 2762 2388 2826 village qu'on laisse à main droite en sortant de Paris
1305 2827 2378 2880 par la barrière de l'Étoile, les Sablons avaient été ac¬
1312 2872 2388 2925 cordés à Parmentier, pour qu’il y essayâ la culture de
1305 2924 2388 2991 la pomme de terre. Les incrédules avaient d'abord
1302 2981 2376 3033 beaucoup ri lorsqu’on l'avait vu conduire ses tra¬
1311 3038 2373 3097 vailleurs sur ce terrain mauvais et réputé inculti¬
1315 3088 2378 3138 vable; puis ils avaient ri un peu moins lorsque ce
1305 3128 2376 3197 terrain mauvais s'était montré revêtu d'une riche
1305 3201 2378 3247 verdure. Enfin, quand la nouvelle se répandit que
1304 3239 2376 3307 Louis XVI, et, à son exemple, les dames de la Cour,
1298 3300 2374 3363 s'étaient, à une fête, parés de la fleur du Solanum tu¬
1308 3351 2381 3424 berosum, on n’avait plus ri du tout, et l'engouement
1308 3405 1885 3482 avait succédé à l'incrédulité.
1353 3422 2243 3525 Cistac, seul, persistait dans son entêtement.
1353 3503 2287 3583 Cependant, l'époque de la récolte était venue.
1357 3578 2385 3651 « Je vous affirme que le Roi en a mangé, disait un
1305 3623 2388 3700 matin Mailloche à Armand et à Cistac, invités tous
1312 3693 2378 3754 trois à déjeuner chez Parmentier, dans la petite mai¬
1305 3742 2381 3803 son qu'il occupait alors près du champ des Sablons ;
1305 3798 2126 3870 je vous affirme que le Roi en a mangé !
