2946 4158
1607 131 1741 248 326
649 242 1167 312 Sonores échos d’outre-Rhin.
650 297 1236 362 Chansons de l'errante Bohême :
643 348 1194 410 La digale au bruyant refrain
639 388 1337 479 Se tut, — quoique artiste elle-même.
650 477 1125 552 Que de voluptés à la fois
645 536 1167 604 Pour la friande compagnie!
649 588 1185 643 On eût dit un festin de rois,
649 631 1170 708 Accompagné de symphonie.
645 691 1120 787 Quand le duo mélodieux
645 773 1274 836 S'interrompait de courtes pauses,
633 801 1375 883 Les sous pleuvaient à qui mieux mieix
633 863 1274 950 Aux pieds des humbles virtuoses.
629 935 1210 1015 Et moi, du seuil de la maison,
635 997 1208 1065 Regardant la scène à distance,
628 1047 1240 1119 Je pensais : Montaigne a raison,
626 1092 1324 1189 « Les gueux ont leur magnificence ! »
550 1205 1614 1289 Cet autre morceau fait aimer les plus humbles
505 1246 1141 1333 détails du foyer rustique :
733 1371 1385 1464 Les Images d'un Sou.
548 1493 1429 1595 Salut, mère du Christ, front ceint de l’auréole,
543 1575 1384 1650 Pierre, muni des clefs que Jésus vous donna,
543 1624 1489 1695 Salut, jeune vainqueur, passant le pont d’Arcole !
550 1665 1461 1748 Salut, bon saint Joseph! — Salut, fier Masséna!
543 1738 1408 1835 Je vous aime, dessins naïfs, simples ébauches,
549 1811 1422 1886 Suspendus au foyer du travailleur des champs.
543 1848 1614 1932 Dures sont vos couleurs, vos traits sont lourds et gauches;
542 1907 1543 1973 Mais vous n’en êtes pas à mes yeux moins touchants.
536 1956 1433 2075 Murat, sous le dolman, a l’épaule un peu forte ;
538 2035 1424 2128 Ney, devant l’ennemi, fait un saut de templin ;
540 2073 1575 2186 Sainte Agathe a vraiment trop de rouge. — N’importe,
543 2131 1446 2235 D’un respect attendri, je me sens le cœur plein.
546 2221 1412 2301 Le riche en son palais montre des toiles rares ;
553 2269 1533 2351 Van Dick, Rembrandt, Corrége en décorent les murs,
1759 236 2743 314 Le pauvre n’a que vous pour tableaux et pour lares,
1757 304 2677 367 Seuls vous lui souriez sous ses lambris obscurs.
1752 386 2742 455 Aux petits comme aux grands il fallait des ancêtres,
1757 429 2574 488 Des exemples sacrés et de vivants blasons.
1764 481 2791 555 Vous, aimés des petits, chers aux groupes champêtres,
1768 532 2697 609 Vous êtes leurs aïeux, les chefs de leurs maisons !
1750 612 2646 687 Ils se content, le soir, près de l’âtre qui brille,
1750 680 2643 749 Les faits par qui vos noms devinrent glorieux
1754 718 2397 777 Et vous initiez la modeste famille
1757 774 2646 842 A toutes les grandeurs de la terre et des cieux
1751 860 2731 922 Dans notre vieille France il n’est pas de chaumière
1757 909 2688 982 Où l’on ne vous retrouve au mur crépi de chaux,
1751 960 2590 1026 Symboles de foi pure et de vertu guerrière,
1745 1015 2626 1089 Apôtres et martyrs, et vous, fiers maréchaux!
1747 1074 2633 1163 De deux religions vous nourrissez les flammes,
1751 1139 2598 1208 Chacun de vous répand de sublimes leçons;
1752 1202 2612 1264 Vierges, à la pudeur vous élevez les femmes;
1738 1244 2678 1308 Soldats, vous enseignez la brave aux garçons.
1747 1301 2747 1426 Ah ! sur cet humble mur que rien ne vous remplace,
1745 1389 2534 1446 Devant nos paysans, restez, naïfs dessins,
1751 1433 2552 1496 Faites naître à jamais chez cette forte race
1747 1486 2508 1545 Le culte des héros et le cultedes Steints !
1744 1568 2683 1648 Que le hameau par vous, magnanimes exemples,
1744 1626 2656 1682 Donne à la charité toujours de blanches sœurs,
1757 1672 2701 1735 Qu’il fournisse toujours des prêtres à nos temples,
1750 1724 2680 1807 Toujours à nos drapeaux de vaillants défenseurs!
1750 1806 2825 1918 On voudrait tout citer! mais, du moins, l’auteur
1695 1885 2825 1965 de la Vie réelle ne craint pas ici le reproche de s'être
1699 1947 2819 2011 trop facilement laissé aller à s’approprier la Vie ru¬
1696 1997 2819 2090 rale. Quelle distance entre une humble prove et de
1697 2045 1965 2130 beaux vers !
1731 2123 2680 2221 Langue qui vient du ciel, toute limpide et belle,
1737 2203 2688 2296 Et que le monde entend, mais qu'il ne parle pas !
1996 2286 2753 2356 Mme BOURboN (MATHILDE FROMENT).
1108 2714 2197 2873 Littérature Etrangère.
742 2998 1353 3135 THE SLEEPERS
543 3278 1306 3375 They are sleeping! — Who are sleeping? —
545 3332 1209 3401 Children wearied with their play :
549 3388 1213 3474 For the stars of night are peeping,
548 3439 1105 3513 And the sun hath sank away.
546 3493 1137 3562 As the dew upon the blossoms
546 3529 1158 3612 Bows them on their slender stem,
543 3579 1174 3658 So, as light as their own bosoms,
552 3620 1206 3726 Balmy sleep hathalnquered them.
539 3713 1334 3813 They are sleeping! — Who are sleeping? —
533 3772 1106 3879 Mortals compassad with woe;
1942 3050 2563 3150 DES DORMEURS
1721 3305 2809 3398 Ils dorment, — quels sont ces dormeurs ? — Des enfants
1676 3385 2809 3457 fatigués de leurs jeux : car les étoiles de la nuit glissent
1686 3430 2812 3512 leur rayon furtif, et le soleil s'est couché. Comme la rosée
1685 3493 2805 3555 en tombant sur les fleurs les fait fléchir sur leur tige déli¬
1690 3548 2809 3630 cate, ainsi non moins léger que leurs poitrines, un doux
1685 3599 2362 3698 sommeil s'est emparé des enfants.
1714 3751 2807 3826 Ils dorment, — quels sont ces dormeurs ? — Des hommes
1674 3806 2800 3911 en butte au malheur; leurs paupières chargées de larmes
