2897 4318
1217 274 1318 371 131
135 361 1218 451 lettres, au contraire, nourrissent notre jeunesse, char¬
135 439 1221 513 ment nos vieux ans, embellissent nos jours heureux,
149 494 1227 562 et nous assurent dans l’adversité un refuge et une
145 557 1225 610 consolation ; elles nous récréent dans notre intérieur,
153 606 1232 669 et, loin de nous gêner au dehors, elles nous suivent
145 651 1228 730 dans nos voyages, dans nos promenades, à la ville,
141 712 669 789 à la campagne, partout. »
190 748 1223 823 Jetons, à présent, un rapide coup d’œil sur la bal¬
146 812 1236 870 lade du Bachelier d’armes, et voyons de quelle manière
148 870 1235 945 Deschamps enseigne leurs devoirs aux aspirants de
138 926 440 998 la chevalerie :
268 1027 949 1098 Vous qui voulez l’ordre de chevalier,
260 1084 942 1154 Il vous convient mener nouvelle vie,
260 1125 830 1191 Dévotement en oraison veiller,
254 1183 807 1250 Péché fuïr, orgueil et vilenie.
297 1228 737 1287 L’église devez défendre,
254 1277 1015 1337 La veuve aussi, l’orphelin entreprendre;
264 1329 882 1384 Etre vaillants et le peuple garder,
260 1342 1130 1432 Discrets, loyaux, sans rien de l’autrui prendre :
264 1422 1087 1500 Ainsi se doit chevalier gouverner (conduire).
190 1515 1225 1585 Il faut l’entendre, à quelques pages de là, s’extasier
135 1581 1229 1638 sur les beautés de la ville de Paris ! La pièce est vrai¬
138 1641 1228 1703 ment assez curieuse pour mériter les honneurs d’une
141 1686 531 1753 citation complète :
217 1779 1229 1869 Quand j’ai la terre et mer avironnée (parcourue tout
1054 1839 1229 1934 lautour),
212 1869 740 1946 Et visité en chacune partie
212 1930 758 1998 Jérusalem, Egypte et Galilée,
219 1975 1011 2064 Alixandre (Alexandrie), Damas et la Surie,
224 2031 785 2090 Babylone, le Caire et Tartarie,
282 2077 811 2143 Et tous les ports qui y sont,
222 2131 818 2192 Les épices et sucres qui s’y font,
219 2187 864 2240 Les fins draps d’or et soie du pays;
227 2222 1026 2285 Valent trop mieux ce que les Français ont :
219 2271 846 2349 Rien ne se peut comparer à Paris.
212 2362 841 2446 C’est la cité sur toutes couronnée,
216 2431 930 2504 Fontaine et puits de science et clergie,
222 2486 822 2550 Sur le fleuve de Seine située (1).
227 2530 848 2593 Vignes et bois, et terres et prairie,
212 2578 892 2643 De tous ces biens de la mortelle vie
279 2623 815 2689 A plus qu’autres cités n’ont.
219 2671 900 2728 Tous étrangers l’aiment et aimeront;
222 2720 860 2777 Car pour déduit, et pour être jolis,
212 2766 812 2824 Jamais cité telle ne trouveront :
222 2813 853 2874 Rien ne se peut comparer à Paris.
219 2916 983 2985 Elle est bien mieux qu’autre ville fermée,
224 2976 1106 3030 Et de châteaux de grande ancesserie (antiquité) ;
219 3021 1015 3080 De gens d’honneur et de méchants peuplée;
217 3071 983 3133 De tous ouvriers (2) d’armes, d‘orfèvrerie,
227 3121 1057 3188 De tous les arts c’est la fleur, quoi qu’on die ;
265 3159 841 3248 Tous ouvrages adroits s’y font;
191 3331 1227 3426 (1) Une fontaine située sur un fleuve offre à l’esprit une
149 3406 1217 3469 imageassez singulière! Mais, après tout, J. B. Rousseau lui¬
141 3465 1224 3513 même n’a-t-il pas fondu l’écorce des eaux sous les tièdes ha¬
141 3504 506 3577 leines des zéphyrs?
189 3572 1224 3638 (2) Ouvrier, sanglier, etc., étaient alors de deux syllabes.
135 3623 1232 3683 On trouve encore des exemples de cette quantité dans Mo¬
141 3665 547 3736 lière et La Fontaine :
171 3743 1000 3817 Le gibier du lion, ce ne sont point moineaux,
178 3806 1217 3875 Mais beaux et bons sangliers, daims et cerfs bons et beaux.
339 3870 1104 3936 (La Fontaine, Le Lion et l'Ane chassant.)
1388 351 2053 449 Subtil engin, entendement parfond,
1400 424 2202 510 Verrez avoir aux habitants toudis (toujours),
1399 469 2072 540 Et loyauté aux œuvres qu’ils feront :
1402 528 2032 589 Rien ne se peut comparer à Paris.
1358 630 2397 706 Et notez que ce Paris-là, c’est tout simplement le
1317 678 2405 751 Paris du quatorzième siècle. Que dirait donc aujour-
1317 738 1797 804 d’hui maître Eustache?
1366 788 2411 852 Au surplus, il n’est pas le seul qui ait contemplé à
1317 845 2410 922 travers un prisme celte pittoresque, mais immonde
1317 903 2411 956 Lutèce du moyen âge. Un siè-le plus tard, l’auteur
1321 967 2411 1016 anonyme du Calendrier des Bergères fit à son tour, en
1317 997 2090 1089 ces termes, l’éloge de la grande ville :
1437 1102 2023 1175 O Paris, souveraine et digne (1)
1450 1157 1910 1217 Source de science divine,
1444 1202 1908 1272 Comme sainte théologie,
1437 1243 1820 1311 De réale philosophie
1447 1279 2024 1352 Et sept arts libéraux ensemble,
1444 1343 2065 1407 Tu as l'honneur; et si me semble
1444 1388 1956 1458 Qui veut ces sciences avoir,
1437 1445 1962 1517 En toi les doit venir savoir.
1437 1551 1964 1608 De tout pays, de toute terre
1444 1605 2027 1664 Viennent à toi, Paris, acquerre
1439 1652 1997 1716 Honneur et science, lointains
1444 1700 2051 1763 Etrangers, comme tes prochaïns.
1447 1748 1908 1801 Tu as en toi, c’est vérité,
1437 1789 1928 1852 La grand'mère Université,
1450 1837 2135 1897 Pour science et honneur comprendre,
1444 1889 2135 1960 Tant que chacun en veut apprendre...
1440 1988 1890 2058 Excellente cité heureuse,
1437 2039 2250 2122 Paris, de tout bien plantureuse (abondante),
1437 2103 2095 2165 N'as-tu tous tes plaisants souhaits?
1440 2147 1951 2217 Belles églises, beaux palais;
1440 2199 2033 2256 Saint-Innocent et le Grand-Pont,
1444 2248 2024 2308 Qui de beauté honneur te font;
1440 2292 1938 2349 Tu as surtout le noble lieu,
1354 2445 2405 2519 Enfin, au seizième siècle, le savant et malheureux
1311 2520 2407 2583 Estienne Dolet entonna de plus belle cette espèce
1321 2572 2397 2634 d’hymne héréditaire à la louange de Paris, dans une
1317 2626 2241 2704 pièce de vers latins dont voici la traduction :
1362 2669 2400 2732 « Déesse, qui gouvernes l’essaim des vierges Libé¬
1311 2727 2400 2792 thrides (2), et toi, souverain de la colline toujours
1314 2795 2407 2840 verte, ô père des poètes! allons, prends en main ta
1311 2835 2407 2907 lyre sonore, et, de ton trône du Parnasse abaissant ici
1311 2891 2404 2952 tes pas, éveille sur tes cordes une mélodie nouvelle,
1314 2941 2400 3015 entonne un chant nouveau. Viens, avec moi, célébrer
1311 3000 2404 3055 cette ville que fortifient de superbes Tours, que la
1311 3048 2397 3115 Seine aux riches ondes traverse de son beau fleuve,
1314 3115 2394 3170 qu’une vaste enceinte protége d’un triple mur; enfin,
1311 3164 2392 3229 qu’embellit un printemps éternel, qu’un ciel serein
1314 3201 2394 3279 caresse de ses brises, et que Tilan (3), le père du
1309 3270 1973 3337 jour, échauffe de son astre ami.
1352 3313 2394 3379 » Bacchus et Cybèle ont, à l’envi, comblé ce séjour
1305 3360 2396 3447 de leurs bienfaits ; les Napées l’entourent de champs
1306 3427 2400 3520 fleuris et d’arbres chevelus qui tempèrent la force de
1347 3610 2401 3683 (1) La rime ferait croire qu’à cette époque on prononçait
1305 3677 1411 3743 dine.
1357 3694 2397 3783 (2) Surnom des Muses, auxquelles les Béotiens avaient
1314 3755 2400 3818 consacré, près du mont Hélicon, un antre appelé Libeth-
1306 3819 1415 3882 rium.
1347 3844 2114 3945 (3) Un des noms mythologiques du soleil.
