2946 4158
1604 130 1696 221 260
1268 461 2036 577 BIBLIOGRAPHIE.
896 702 1210 783 LETTRES
1003 812 1077 874 SUR
587 901 1500 1012 L'ÉDUCATION DES FILLES
786 1055 1311 1133 PAR Mme DE MAINTENON;
499 1153 1587 1232 Publiées pour la première fois d’après les manuscrits authentiques
758 1247 1312 1348 PAR M. TH. LAVALLÉE (1)
547 1539 1579 1626 Déjà, à plusieurs reprises, nous vous avons entrete¬
490 1626 1575 1684 nues, dans ce recueil, de madame de Maintenon, cette
500 1663 1572 1728 femme illustre, si longtemps méconnue, si outrageu¬
503 1722 1576 1787 sement calomniée, et dont le caractère pur, droit et
489 1769 1573 1841 noble, triomphe enfin, après cent cinquante ans, des
493 1825 1584 1892 noires imputations dont on a voulu l’accabler. Nous
499 1881 1583 1949 vous avons parlé de l’œuvre la plus importante de sa
501 1924 1582 2007 vie,. de celle qui aurait dû rendre son nom cher et
489 1986 1576 2058 sacré à toutes les familles françaises, de la fondation
492 2035 1576 2106 de Saint-Cyr, pieux asile ouvert aux filles indigentes
492 2082 1576 2170 de la noblesse et où l’épouse de Louis XIV recevait
492 2156 1569 2213 celles qui lui rappelaient sa jeunesse orpheline e
494 2198 1566 2279 pauvre. Nous vous avons décrit, d’après M. Lavallée
503 2258 1564 2333 cette institution que les peuples voisins nous ont en¬
496 2309 1580 2377 viée (2); nous vous avons rendu compte des Entretiens
492 2359 1566 2435 de madame de Maintenon sur l’éducation (3), entre¬
489 2409 1576 2496 tiens où brillaient son esprit profond et judicieux, son
490 2463 1572 2553 langage gracieux et simple, langage de la sagesse,
492 2510 1573 2604 disait Fénelon, qui parle par la bouche des grâces, et
493 2583 1570 2651 ses intentions si pures et si élevées. Nous venons vous
489 2634 1570 2704 parler aujourd’hui des Lettres qu’elle a écrites sur
489 2681 1572 2764 l’éducation des filles, car cette femme, si grande par
489 2729 1579 2814 l’âme, l’esprit et la position, n’a pas cru pouvoir se
493 2796 1573 2858 créer une tâche plus utile et plus importante que celle
490 2845 1568 2921 de l’éducation des mères de la génération future. Elle
493 2891 1572 2981 était née institutrice, elle avouait que Dieu lui avait
483 2949 1576 3024 donné des grâces spéciales pour cette vocation, et un
486 2999 1568 3093 écrivain distingué de nos jours a fait un ingénieux
483 3066 1564 3141 parallèle de madame de Maintenon et de l’auteur
486 3119 1566 3192 d’Émile, démontrant que la plupart des idées sages e
482 3167 1565 3240 raisonnables de Jean-Jacques niousseau, en matière
482 3224 1561 3301 d'éducation, avaient été devancées par la fondation de
471 3289 1558 3358 Saint-Cyr, et mises à exécution par elle dans cet éta
471 3334 1551 3421 blissement admirable, où l'éducation proprement dite
512 3507 1564 3593 (1) Paris, Charpentier, 39, rue de l’Université. — 1 vol.,
477 3535 776 3616 prix : 3 fr. 50 ca
519 3600 1370 3674 (2) Voir Journal des Demoiselles, 1853, p. 292.
517 3651 1564 3735 (3) Voir Journal des Demoiselles, année 1855, p. 236 et
463 3693 548 3761 263
1682 685 2787 794 la culture du cœur et du jugement, était arrivée au
1687 767 2319 827 plus haut degré de perfection.
1727 809 2789 890 M. Lavallée, qui a voué une tendresse respectueuse
1678 867 2786 936 à la mémoire de madame de Maintenon, ne s’est pas
1677 923 2782 995 contenté de raconter, dans un volume du plus vif et
1677 970 2778 1047 du plus piquant intérêt, la fondation de la maison de
1674 1030 2779 1097 Saint-Cyr; il s’est appliqué à rechercher les écrits de
1680 1091 2785 1160 madame de Maintenon, il les a classés, et il les publie
1681 1130 2775 1211 en différentes séries : — Entretiens. — Lettres sur
1671 1199 2780 1269 l’éducation.— Lettres édifiantes. — Conseils aux jeunes
1678 1247 2775 1314 filles. — Correspondance générale. Le nouveau volume
1674 1307 2768 1380 dont nous venons vous entretenir se compose de let
1671 1367 2769 1432 tres adressées aux dames et aux élèves de Saint-Cyr
1675 1407 2775 1479 ces lettres ont été longtemps conservées manuscrites
1675 1471 2778 1530 dans la bibliothèque des Dames de Saint-Louis ; La
1664 1514 2769 1590 Baumelle en a publié quelques-unes, mais en les
1673 1570 2768 1641 falsifiant; M. Lavallée restitue le texte primitif, et
1664 1622 2762 1717 nous rend, dans sa simplicité et sa pureté, la pensée
1666 1681 2485 1738 et le langage de madame de Maintenon.
1717 1722 2768 1807 On ne saurait aujourd’hui proposer entièrement et
1666 1797 2764 1852 absolument pour modèles ces lettres, ces instructions
1666 1849 2772 1908 si sages qu’elles soient. Les temps sont changés; le
1669 1902 2774 1971 nôtre ne s’accommoderait pas de cette éducation où
1666 1945 2757 2012 l’instruction proprement dite n’était que secondaire
1666 2004 2772 2080 et entièrement sacrifiée au soin de former le cœur, la
1663 2051 2775 2123 raison, le caractère ; éducation qui consistait presque
1666 2120 2771 2189 uniquement dans le travail des mains, les soins du
1666 2169 2761 2228 ménage, les devoirs de piété. Nos maisons d’éduca¬
1659 2216 2753 2294 tions ne pourraient supporter les règles austères, mi¬
1662 2271 2764 2348 nutieuses, absolues, qui régnaient à Saint-Cyr; mais
1660 2333 2764 2402 quelque étrange et sévère que cette direction puisse
1666 2388 2764 2448 paraître, je crois qu’elle était préférable à l’éducation
1664 2438 2756 2508 de nos jours, où la vanité, le luxe, les plaisirs, la
1663 2496 2760 2554 mollesse tiennent une si grande place. Institutrices
1663 2544 2751 2604 ou élèves, pour nous préserver de cette tendance vers
1662 2590 2749 2652 la vie facile, vers la sensualité, vers les gâteries, reli¬
1660 2649 2757 2707 sons quelques-unes des instructions que madame de
1660 2693 2746 2762 Maintenon adressait aux filles des plus nobles mai¬
1663 2756 2751 2814 sons de France. Elle écrivait à une dame de Saint¬
1662 2798 1801 2867 Louis :
1714 2850 2750 2932 « Elevez-les le plus durement qu’il vous sera pos¬
1655 2916 2760 2985 sible. Rendez-les ménagères et laborieuses; elles en
1660 2974 2758 3035 seront plus propres à tous les partis qu’elles peuvent
1663 3019 2757 3097 prendre; accoutumez-les à ne point perdre de temps ;
1669 3077 2754 3153 je ne compte point pour perdu celui qu’elles em¬
1660 3134 2753 3200 ploient à se divertir quand il est réglé; donnez-leur
1659 3187 2743 3261 une grande estime pour l’obéissance; Dieu la bénit
1655 3245 2753 3300 et elles y seront, selon les apparences, obligées toute
1658 3283 1837 3348 leur vie.
1703 3351 2749 3410 » Ayez soin que vos filles se tiennent droites, et ne
1659 3399 2754 3468 vous faites pas là-dessus un scrupule mal fondé : tous
1653 3460 2745 3525 ceux qui servent à l’autel apprennent à faire avec
1655 3517 2746 3565 modestie tout ce qu’il y faut faire; le service divin et
1651 3562 2743 3624 les cérémonies en sont plus majestueux et plus pro¬
1658 3617 2731 3685 pres à édifier et à exciter la piété. Que vos demoi¬
1655 3664 2739 3754 selles soient donc bien droites, ne souffrez pas qu’à
1652 3722 2714 3797 l’église elles aient la tête de travers ni le corps courbé
