2907 4318
1287 213 1395 321 33
863 493 1793 620 HISTOIRE ET CHRISTIQUE
1292 717 1359 800 DE
673 924 1973 1054 LA POÉSIE FRANÇAISE
271 1176 2347 1256 Depuis ses plus anciens monuments jusqu’à l’époque de Malherbe.
202 1613 2430 1730 SECONDE PÉRIODE. — Regne de l’allégorie, du genre didactique et de la satire.
1124 1782 1458 1896 (Huitième article)
418 1990 1010 2112 LE CHAMPION DES DAMES.
199 2109 1268 2192 Jehan de Meung, comme nous l’avons vu précédem¬
155 2164 1268 2253 ment dans l’article consacré au Roman de la Rose,
158 2242 1270 2294 avait donné libre carrière à sa verve railleuse ; il
158 2286 1262 2352 avait, en quelque sorte, lâché la bride à son imagina-
163 2347 1254 2399 tion gauloise, et prêtres ou magistrats, nobles ou vi-
155 2397 1273 2469 lains, petits ou grands, l’impitoyable trouvère n’avait
161 2452 1265 2507 épargné personne. Bien plus, comblant la mesure des
161 2499 1256 2563 impertinences, il n’avait pas même respecté les da¬
166 2557 1265 2626 mes, et s’était permis dans son livre toute sorte de
163 2615 1262 2687 blasphèmes contre la plus belle moitié du genre hu¬
152 2660 282 2745 main.
199 2693 1256 2792 C’était un crime de lèse-beauté. Ce crime ne pou-
161 2768 545 2845 vait rester impuni.
199 2820 1262 2889 En effet, les contredits et les réfutations ne tardé¬
158 2884 1254 2942 rent pas à pleuvoir, dru comme grêle, sur l’impru-
155 2936 501 3008 dent detracteur.
205 2972 1254 3050 Le plus vaillant, sinon le plus heureux de tous ces
155 3022 1262 3108 loyaux chevaliers qui prirent en main la défense du
161 3100 1265 3163 beau sexe, fut peut-être l’auteur du Champion des
155 3152 866 3221 Dames, Martin Franc ou Lefranc.
205 3196 1259 3279 Claude Fauchet, dans son Catalogue historique des
158 3238 1256 3318 anciens poètes français, le fait naître au comté d’Au-
163 3307 1256 3374 male en Normandie, et ajoute qu’il devint prévôt et
158 3365 1251 3426 chanoine de Lausanne. Mais l’opinion la plus probable
158 3421 1262 3482 est celle de Jehan Lemaire de Belges, auteur à peu
161 3473 1256 3542 près contemporain de Martin Lefranc. Cet écrivain
155 3531 1254 3587 assure, dans sa Couronne Margaritique, que Martin
161 3584 1251 3645 était d’Arras. Valère-André, ou ses continuateurs de
161 3631 1245 3703 la Bibliothèque belgique, qui adoptent cette opinion
155 3697 1248 3761 affirment, en outre, que Martin fut prévôt et chanoine
155 3747 1251 3803 de l’église de Leuse, bourg en Hainaut sur le Dender.
155 3789 1248 3863 Ils observent toutefois qu’il peut bien, dans la suite,
152 3844 1088 3935 avoir obtenu les mêmes dignités à Lausanne.
277 3899 858 3988 VINGT-CINQUIÈME ANNÉE. N° II.
1395 2004 2471 2095 Quoi qu’il en soit, Martin Lefranc sut conquérir les
1356 2062 2449 2142 bonnes grâces d’Amédée VIII, dit le Pacifique, pre¬
1345 2137 2463 2203 mier duc de Savoie, et demeura plusieurs années à la
1345 2186 2463 2244 cour de ce prince, auprès duquel il remplissait les
1339 2244 2466 2305 fonctions de secrétaire. Lorsque le concile de Bâle
1345 2294 2449 2358 eut élu pape en 1439 Amédée, qui prit le nom de
1345 2347 2469 2413 Félix V, Martin suivit la fortune de son maître ; il
1348 2405 2444 2469 continua d’exercer auprès de lui l’emploi de secré
1345 2458 2452 2546 taire, poste honorable qu’il occupa encore dans la suite
1339 2521 2286 2585 auprès de Nicolas V, successeur d’Eugène IV.
1392 2541 2455 2635 Nous avons de Lefranc deux ouvrages. Le dernier
1342 2593 2455 2690 en date, le moins remarquable aussi, est un traité
1339 2679 2438 2734 mêlé de prose et de vers, et qui a pour titre : l’Estri,
1339 2729 2444 2784 (le débat) de Fortune et de Vertu. L’intention de l’au-
1342 2784 2446 2848 teur est de nous montrer l’antipathie presque insur¬
1339 2839 2449 2895 montable que ces deux dames ressentent l’une pour
1334 2892 2438 2983 l’autre, et combien il est difficile de les concilier,
1334 2934 1954 3022 c’est-à-dire de les réconcilier.
1392 2981 2444 3064 Quant au Champion des Dames, la première et la
1339 3055 2444 3111 plus importante production de notre poète, c’est à
1334 3100 2430 3169 l’époque où il était secrétaire de Félix V qu’il com-
1334 3166 2430 3224 posa cette longue réponse aux insolences de Jehan
1337 3221 2430 3302 de Meung, ce vilain, exclame-t-il naïvement, qui a
1337 3268 1893 3340 dit tant de mal des dames !
1373 3282 2430 3379 L’ouvrage de Martin Lefranc, tout en vers de huit
1334 3376 2424 3440 syllabes, — rhythme prosaïque et facile très-affec¬
1334 3421 2424 3482 tionné de nos vieux trouvères, — est partagé en cinq
1328 3476 2413 3567 livres qu’il a dédiés à Philippe le Bon, duc de Bour¬
1331 3534 1483 3612 gogne.
1381 3542 2433 3659 Le sujet du poème est une guerre ouverte qui
1328 3642 2427 3711 éclate entre Male-Bouche, l’ennemi félon des dames,
1328 3692 2433 3761 et Franc-Vouloir, leur chevaleresque partisan. Il y a
1328 3750 2433 3816 grande apparence que ce Franc-Vouloir n’est autre
1331 3805 2435 3866 que l’auteur lui-même, Martin Franc ou Lefranc;
1328 3863 2433 3927 comme aussi l’on pourrait parier sans crainte que
