2822 3966
1620 77 1686 161 22
589 140 1586 262 DURCOURT. Morbleu, on dirait que vous êtes tous
546 249 729 313 contents!
583 276 1579 364 FRANVAL, les larmes aux yeux. Oh ! tu ne connais
550 332 1579 406 pas le vrai bonheur ; si tu avais une famille comme
534 374 1582 463 la mienne, tu y trouverais au moins une consolation.
581 434 1580 497 DURCOURT. Oui, et une charge aussi, tandis que
536 479 1580 546 seul je me tirerai toujours mieux d’affaire. Mais je
548 544 1579 595 vous quitte, car je ne suis pas tranquille ; il circule
542 591 1580 655 des bruits inquiétants pour moi, et je vais m’assurer
541 636 1196 737 jusqu’à quel point ils sont fondés.
940 751 1182 841 SCÈNE V.
718 854 1399 922 LES PRÉCÉDENTS, excepté DURCOURT
583 954 1584 1024 FRANVAL. Il est dur d’être expulsé d‘une maison où
545 1005 1579 1065 l’on a été si heureux; mais je ne me laisserai pas
548 1058 1505 1118 vaincre en courage par vous, mes bonnes amies.
592 1111 1371 1168 AGATHE. Nous serons heureux partout.
590 1164 1588 1229 ADÈLE. Partout où nous conserverons cette union
548 1209 1584 1270 de cœur et d’esprit; la mauvaise fortune peut nous
548 1264 1584 1332 imposer des privations, mais non altérer notre
548 1320 731 1383 bonheur.
590 1365 1584 1415 FRANVAL. Que vous me faites de bien!... Mais cette
548 1419 1293 1483 enfant, comment à présent la marier?
590 1473 1584 1529 AGATHE. Je n’ai aucun goût pour le mariage, et...
557 1525 1404 1594 (Elle s’arrête court en voyant entrer Eugène.)
947 1629 1194 1705 SCÈNE VI.
667 1735 1456 1799 FRANVAL, ADÈLE, AGATHE, EUGÈNE.
583 1834 1586 1894 EUGÈNE, après avoir salué ces dames, s’avançant vers
548 1886 1584 1948 Franval. Pardonnez-moi, monsieur, d’avoir attendu
550 1933 1574 2001 jusqu’aujourd’hui à venir vous exprimer mes tar
548 2001 1590 2055 dives actions de grâces pour l’immense service que
548 2039 1582 2100 vous m’avez rendu il y a trois ans; mais je n’ai pu
548 2107 1432 2146 en avoir connaissance que depuis une heure.
590 2152 1580 2206 FRANVAL, avec un geste de surprise. Je serais trop
548 2197 1586 2258 heureux, monsieur, d’avoir eu le plaisir de vous être
548 2244 1582 2310 utile; mais excusez-moi si je ne me rappelle pas en
548 2299 1427 2369 quelle circonstance j’ai pu avoir ce bonheur.
583 2359 1580 2414 EUGÈNE. Vous répandez tant de bienfaits, monsieur.
550 2410 1582 2460 que vous n’en conservez pas la mémoire. Peut-être.
548 2459 1575 2509 cependant, madame n’aura-t-elle pas tout à fait ou¬
550 2505 1584 2567 blié les pauvres voisins qu’elle est venue visiter avec
548 2554 972 2620 tant de bienveillance.
592 2601 1590 2669 ADÉLE. Monsieur, je me rappelle parfaitement votre
554 2661 1588 2726 respectable mère, et le vif intérêt que vous m’avez
546 2708 898 2772 tous deux inspiré.
583 2752 1590 2814 EUGÈNE. Ce jour-là, nous étions dans une position
545 2814 1584 2869 affreuse; je venais de recevoir un commandement
545 2867 1572 2928 de saisie et de contrainte par corps; je ne pouvais m'
548 2919 1588 2982 soustraire que par la fuite. L’impitoyable créancier
550 2974 1584 3025 voulait me forcer à m’adresser à des parents auxquels
548 3019 1588 3079 je ne devais pas avoir recours en cette circonstance.
554 3073 1584 3128 Ma mère était du même avis; mais l’émotion qu’elle
557 3126 1583 3189 venait d’éprouver trahit un moment les forces de son
550 3178 1574 3248 âme. Grâces aux soins de madame, cette indisposi-
550 3228 1584 3308 tion n’a été que momentanée, et nous nous hâtâmes
548 3278 1588 3345 de nous éloigner, en laissant toutefois un mot d’écrit
554 3337 1579 3403 qui a dû, monsieur, expliquer à vos yeux cette brus-
558 3378 866 3450 que disparition.
594 3428 1393 3515 FRANVAL. Je suis au courant, maintenant.
589 3489 1591 3568 EUGÉNE. J'étais loin de me douter que vous aviez au
549 3547 1604 3646 même moment la générosité, toute gratuite, de vous
1665 161 2699 237 substituer à mon créancier, et que je n’avais plus
1664 218 2699 299 rien à craindre. Je me rendis en Russie, où, avec
1665 263 2705 341 la protection d’un seigneur, ami des arts, j’obtins
1680 313 2697 397 quelques travaux ; à force d’économie et de privations,
1665 374 2699 450 je me suis mis à même de venir enfin solder ma
1665 443 2711 496 dette : j’arrive, j‘accours chez l’huissier qui avait été
1674 488 2707 544 chargé d’exécuter ma condamnation, et j’apprends
1670 536 2694 587 seulement à l’instant votre acte généreux et la re-
1670 589 2678 651 connaissance que je vous dois depuis si longtemps.
1707 641 2718 702 FRANVAL. N’en parlons plus; j’ai seulement regretté
1665 684 2708 751 d’être arrivé trop tard pour éviter votre expatria-
1665 750 2252 816 tion et vous rendre le calme.
1713 778 2706 856 EUGÈNE. Permettez-moi, maintenant, de vous resti-
1670 853 2720 919 tuer cette somme dont je vous ai si involontairement
1670 898 2723 965 privé ; mais ne pensez pas que je me croie jamais
1670 948 2716 1012 quitte envers vous: je me considérerai toute ma vie
1674 1002 2718 1065 comme votre débiteur profondément reconnaissant.
1713 1054 2723 1123 FRANVAL, lui serrant la main. Je ne veux voir en
1677 1107 2000 1189 vous qu’un ami.
1713 1165 2719 1217 EUGÈNE. Vous me rendez trop heureux ! Ce titre a
1674 1218 2705 1268 été bien des fois l’objet de mon envie et de mon am-
1670 1271 2719 1345 bition, mais je n’étais pas dans une position à oser
1676 1319 1928 1398 y prétendre.
1711 1333 2719 1416 FRANVAL, souriant. Voyez-vous, nous étions déjà de
1677 1411 2720 1485 vieux amis avant de nous être jamais vus. Je crois
1677 1476 2711 1537 que nous sommes destinés à le devenir encore davan
1669 1526 1780 1600 tage.
1719 1555 2726 1633 EUGÈNE. Il me reste un remords. L’huissier, en me
1674 1613 2726 1678 racontant toutes les circonstances de votre généreux
1677 1672 2728 1744 procédé à mon égard, détails qu’il tenait de votre
1680 1731 2726 1793 parent, monsieur Durcourt, me fit connaître que ce
1673 1779 2728 1842 sacrifice était d’autant plus méritoire que cette
1670 1826 2728 1883 somme devait avoir une autre destination et servir à
1680 1885 2726 1943 la dot de mademoiselle votre fille, de sorte que je
1670 1933 2728 1998 me trouve ainsi avoir été peut-être un obstacle à son
1670 1989 1863 2062 bonheur.
1719 2035 2716 2104 ADÈLE. N’ayez aucun regret, ma fille n’a pas man-
1680 2095 2738 2154 qué pour cela de partis avantageux et désintéressés;
1670 2148 2723 2226 mais elle a jusqu’ici témoigné ne pas vouloir se ma-
1674 2191 1767 2273 rier.
1718 2247 2732 2312 EUGÈNE. Et cette résolution... est-elle absolument
1670 2304 1907 2366 sans appel?
1713 2354 2343 2423 ADÈLE. Je n’oserais pas en jurer.
2059 2510 2338 2583 SCÈNE VII.
1879 2623 2526 2718 LES PRÉCÉDENTS, UN HUISSIER.
1713 2755 2308 2829 L'HUISSIER. Monsieur Franval?
1719 2814 2329 2878 FRANVAL, s'avançant. C’est moi.
1719 2867 2732 2932 L’HUISSIER. De par la loi et à la requête du sieur Gri-
1677 2929 2728 2995 part, vous êtes sommé de vous acquitter immédiate-
1680 2984 2738 3030 ment de l’obligation de vingt mille francs que vous avez
1680 3034 2740 3088 souscrite solidairement avec le sieur Duchemin, décédé
1680 3081 2732 3148 en état d’insolvabilité ; faute de quoi nous sommes
1680 3136 2738 3186 autorisé, par jugement du tribunal, à procéder à
1677 3183 2734 3239 la saisie de tous vos biens, meubles et immeubles.
1727 3240 2724 3305 FRANVAL, à Eugène. Vous le voyez, je suis aujour-
1680 3292 2736 3346 d’hui dans une position analogue à celle où vous étiez
1682 3350 2742 3401 il y a trois ans, et vos dix mille francs vont m’aider à
1689 3394 2732 3466 sortir d’un affreux embarras. (A l’huissier.) Votre
1680 3438 2736 3507 mandataire serait-il disposé à m’accorder du temps,
1677 3514 2720 3569 moyennant un à-compte de moitié et un renouvelle-
1677 3558 2256 3638 ment à terme pour le reste?
