2959 4075
1642 115 1764 201 196
573 193 1642 275 trées dans leurs niches fouillées à jour. On a décou¬
577 237 1646 320 vert les peintures du seizeme siècle qui sont de chaque
573 295 1648 364 côté de l'autel, ainsi que les sujets sculptés dans la
570 339 1645 427 voûte de l'hémSicycle; toutes lesbringing avaient été
568 386 1641 479 couvertes d'une épaisse couche de plâtre. Un seul des
565 449 1641 529 anciens vitraux existe encore : c'est le portement de
573 501 1213 577 croix. Les autres ont été refaits.
615 551 1649 626 Le long des parois des murs, entre les niches sous
569 604 1644 678 la voûte, et au milieu du chœur, M. du Sommerard a
587 665 1629 719 rangé des stalles capitulaires, des lampes de sanc¬
569 706 1642 777 tuaires, d'un merveilleux travail, des lutrins du
570 762 1634 848 temps, des missels aimoriés, au parchemin couvert
565 808 1634 896 de riches peintures, des livres de plain-chant aux
565 878 1636 945 gigantesques notes rouges et noires, des crucifix
562 924 1630 990 vieillis dans les antiques cloîtres, des siéges et des
558 967 1489 1050 bancs qui datent de trois ou quatre siècles.
593 1028 1623 1101 Sous la chapelle s'étend une vaste salle basse pa¬
555 1078 1626 1154 vée en mosaïque et soutenue également par un seul
557 1135 1623 1209 pillier, qui n’est pas la partie la moins curieuse de
550 1176 1625 1265 l'hôtel Cluny. Un k couronné se détache en relief sur
550 1225 1626 1326 le chapiteau qui termine le pilier. C'est, on le sait, la
554 1292 1619 1374 marque du roi Charles VIII. Cette salle est une des
558 1340 1622 1417 plus anciennes de l'hôtel. Actuellement, des tapisse¬
550 1400 1618 1481 ries de haute lisse en décorent les murs, des étoffes
552 1451 1615 1536 d’or et d’argent tissé, des soieries qui semblent travail¬
557 1492 1618 1588 lées par la main des fées, des dentelles prodigieuses,
546 1548 1618 1641 des chopes, des dalmatiques d’une richesse inouïe,
554 1612 1611 1690 sont suspendues çà et là ou exposées sous des vitra¬
557 1670 1619 1741 ges, quand leur état de conservation ne permet pas
543 1711 1106 1787 de les exposer au grand air.
593 1764 1618 1847 Ces étoffes, dont quelques-unes remontent à la plus
537 1801 1614 1904 haute antiquité, étonnent les yeux plus encore par
536 1864 1607 1953 la ténuité et la finesse du tissage que par leur ri¬
536 1921 1619 2001 chesse. On ne peut comprendre comment des siècles
537 1968 1604 2057 appelés siècles de barbarie ont pu produire ces mer¬
542 2029 1610 2109 veilles. Quels doigts, quels yeux avaient donc les tis¬
529 2084 1618 2167 serands qui maniaient les métaux comme des soies
531 2132 1615 2225 flexibles, qui sertissaient les pierres précieuses au
535 2198 1605 2270 milieu de leur broderie et mélangeaient la guipure et
535 2240 1600 2334 le filigrane pour créer des dentelles dignes des prélats
528 2295 820 2367 ou des reines !
580 2348 1604 2430 Une des arcades ogivales qui remcontent jusqu’à la
531 2405 1603 2479 voûte de cette salle, s’ouvre à la hauteur du premier
529 2456 1599 2542 étage de l'hôtel et forme balcon. Vue de là, cette salle
516 2498 1601 2600 basse offre un coup d’œil majestueux et grandiose.
525 2556 1601 2632 On y voit en imagination un chapitre de moines puis¬
520 2624 1600 2705 sants présidés par un abbé prince du sang ou par un
522 2663 1605 2753 légat revêtu des insignes pontificaux; puis le brillant
522 2734 1586 2806 cortége d’une noce royale; puis la cour factieuse des
516 2777 1588 2851 Guises avec ses conseillers mystérieux et ses ministres
509 2824 755 2887 in partibus.
550 2884 1590 2955 Maintenant, si l'on entre à l’hôtel Cluny par la cour
498 2940 1589 3025 et par les appartements du rez-de-chaussée, on voit
492 2998 1590 3076 s’ouvrir à la suite les unes des autres plusieurs
502 3052 1582 3123 grandes salles, aux plafonds formés de solives noir¬
506 3104 1586 3184 cies, aux portes épaisses et symétriquement semées
496 3148 1588 3241 de clous, aux cheminées largement ouvertes sous
492 3203 1037 3297 leurs manteaux de pierre.
537 3259 1588 3341 Tout autour des murs se rangent des bahuts de
492 3312 1589 3412 chêne ou d'ébène scriptés et incrustés de cuivre et
491 3367 1582 3447 d'ivoire; des siéges, des meubles de toute espèce, des
485 3428 1584 3528 tapisseries de Flandres et de Beauvais, des statues de
1733 213 2801 287 marbre, de pierre ou de bois, des peintures byzan¬
1730 264 2798 343 tines aux cadres fouillés comme des rosaces de cathé¬
1731 315 2797 395 drales, des reliquaires de toutes sortes, des rétables
1729 377 2786 457 dorés et brodés de sculpures allégoriques, des cré¬
1734 414 2797 505 dences armoriées, des laiffets, des armoires, des dres¬
1722 462 2293 539 soirs chargés de merveilles.
1767 521 2790 614 Les chambres à coucher ont leurs grands lits à co¬
1726 565 2787 655 lonnes, à ciel allégorique, à courte-pointe de soie
1716 625 2791 722 brodée de ces broderies oubliées aujourd’hui, qui
1711 692 2794 781 nous donnent une idée si haute de la patience de nos
1713 728 1873 799 aïeules.
1760 799 2786 870 Les cheminées ont leurs plaques armoriées, leurs
1711 841 2786 923 chenets et leurs pincettes de fer forgé, aux volutes
1715 904 2716 970 contournées, leurs soufflets scuptés et blasonnés.
1759 950 2780 1024 Les fenêtres tamisent le jour à travers de merveil¬
1704 998 2780 1091 leux vitraux qui déroulent toute une légende aux
1722 1064 2777 1134 yeux des érudits, ou tout un poème à ceux des rê¬
1716 1106 1841 1166 veurs.
1753 1158 2768 1238 Cà et là, partout, sont accrochés : des armes damas¬
1704 1220 2772 1285 quinées, des poires à poudre, des olifants, des râpes à
1704 1262 2780 1343 tabac d’un prodigieux travail; des armures pour les
1705 1324 2781 1398 chevaliers, des rouets ou des quenouilles pour les
1705 1387 2779 1452 châtelaines; des miroirs de Venise, des triplyques
1698 1439 2728 1508 aux volets d’ivoire, travaillés comme une dentelle.
1739 1493 2772 1566 Sur les dressoirs, s'étalent à profusion les chefs¬
1703 1537 2769 1608 d’œuvre des ouvriers-artistes du quinzième siècle :
1698 1586 2772 1666 ici, les richesses de l’orfévrerie; là, ces verres de Bo¬
1700 1637 2769 1708 hême si mignonnement engravés d’arabesques et de
1697 1686 2771 1760 fleurs; puis les poteries de Bernard de Palissy et de
1697 1744 2771 1826 ses émules, les émaux splendides des fabriques Li¬
1697 1805 2764 1883 mousines, les statuettes d’ivoire et de pierres pré¬
1692 1847 1858 1912 cieuses.
1737 1895 2776 1979 Tous les ustensiles de la vie intime d’autrefois ont
1697 1954 2764 2024 laissé un modèle au musée de Cluny. A côté d’un re¬
1693 2005 2766 2077 liquaire, on trouve les coffrets àawlette et à bijoux
1693 2055 2766 2136 des grandes dames; à côté des manuscrits précieux
1687 2121 2764 2199 au vélin enluminé, apparaissent des drageoirs, des
1686 2169 2760 2247 fuseaux, des peignes découpés et sculptés, des ser¬
1689 2225 2764 2302 rures et des clefs dont l’invention et les ornements
1687 2266 2214 2340 sont des œuvres de génie.
1731 2318 2758 2405 Si l’on voulait décrire seulement par un mot cha¬
1682 2393 2762 2456 cun des objets merveilleux qui s’entassent dans les
1675 2440 2754 2512 salles de l’hôtel Cluny, un volume n’y suffirait pas.
1683 2487 2751 2553 II renferme en meubles, en ustensiles de toute sorte,
1681 2531 2754 2617 l’histoire de l’art et de l'industrie en France pendant
1683 2583 2088 2660 plus de cinq siècles.
1729 2642 2751 2719 On s'épuiserait en description, en admirations, en
1675 2694 2749 2776 rêves infinis devant ces restes de notre ancienne opu¬
1674 2746 2743 2821 lence. Tant de génie dépensé à profusion pour l’orne¬
1675 2810 2751 2874 ment des choses les plus simples étonne et confond.
1678 2851 2749 2931 On se prend à aimer de passion son pays, ses aïeux
1675 2914 2751 2985 et la foi naïve des anciens âges en présence de ce
1672 2961 2055 3028 splendide héritage.
1712 3013 2749 3089 Il faut avoir été une fois au musée de Cluny si l’on
1677 3073 2746 3148 veut seulement se faire une idée des intérieurs prin¬
1671 3137 2746 3203 ciers ou bourgeois du quinzième siècle; mais si l’on a
1666 3179 2739 3256 des goûts artistiques ou l’amour des belles choses, il
1663 3236 2749 3307 faut y retourner dix fois, vingt fois tousjours!.... et
1659 3294 2746 3353 tâcher d'obtenir de M. du Sommerard fils des billets
1663 3353 2637 3423 de faveur pour visiter l'hôtel les jours réservés !
2314 3411 2627 3486 CLAUDE VIGNON.
