2840 4318
1229 183 1334 292 79 -
111 281 1226 345 melons ne conserveront point leur avôme; et mes ro¬
114 342 1218 410 siers mousseux, sous prétexte de les tailler, il les
108 396 1220 467 massacrera! C’est pourtant vrai, qu’il peut massacrer
111 456 1223 514 ces rosiers que vous aimez, ces magnifiques rosier
111 509 1223 570 que les amateurs couvriraient d’or, si on voulait les
121 566 1218 626 vendre : mais on ne le veut point! C’est pourtant vrai
111 620 1222 685 qu’il peut me rendre mon jardin méconnaissable, im¬
111 673 727 742 productif, sauvage ! l’animal!
153 727 570 791 LA TANTE. Qui sait?
153 785 1223 841 ISIDORE. Mam'zelle, ça serait un crime; je ne peux
117 837 521 906 pas consentir a ça!
150 888 591 960 LA TANTE. Comment?
160 937 1223 1017 isipore. Il me semble que, des arbustes et des fleurs,
114 998 1205 1066 s’élève une petite voix plaintive qui me crie : reste !
153 1052 784 1108 LA TANTE. Bon ! autre gamme !
165 1105 1223 1173 isibore. Mam'zelle, je ne sais pas ce que je suis venu
114 1163 1220 1233 vous dire, mais, ce que je vous demande à présent,
113 1218 531 1284 c’est de me garder!
153 1264 667 1343 LA TANTE. Par exemple!
160 1330 1222 1389 ISIDORE. Je vous en prie, mam'zelle, ne me chassez
126 1384 1216 1444 pas! Mam’zelle Cécile, vous qui savez si bien dénicher
117 1434 1215 1498 les premières fraises, ah! pas pour vous, on le sait,
121 1496 1225 1555 obtenez que je reste! M. Léon, joignez-vous à votre
111 1544 1222 1601 sœur! D’abord, si on me met à la porte, je rentre par
120 1603 884 1668 dessus les murs, je vous en préviens!
163 1657 1233 1718 LA TANTE. Voyons, tête à l’envers, on te garde, mais
121 1711 461 1781 à une condition.
168 1765 834 1829 ISIDORE. J'y consens, mam'zelle.
165 1821 1218 1889 LA TANTE. C’est que, dès aujourd’hui, tu prendras
124 1879 1015 1936 un aide; à notre compte, cela va sans dire.
165 1931 1230 2002 ISIDORE. Un aide! non, dame! Je n’ai pas besoin
124 1988 867 2046 d’aide ; je ne les aime pas, les aide.
171 2045 1130 2102 LA TANTE. Tu prendras un aide ou tu t’en iras!
168 2095 1130 2159 ISIDORE, grommelant. En voilà de la tyrannie !
171 2149 555 2211 LA TANTE. Choisis!
168 2207 1230 2268 ISIDORE. Pardine! faut bien avoir de l’argent mignon
129 2253 331 2320 de reste!
165 2302 549 2376 LA TANTE. Choisis!
168 2363 1237 2430 ISIDORE, s'en allant. Ah! si je n'aimais pas tant vos
121 2420 1225 2483 rosiers mousseux !.. Un aide! Eh ben! qu’il y touche,
117 2471 1234 2526 lui, aux rosiers mousseux! (Il sort en murmurant et
122 2521 637 2598 heurte madame Bonard.)
531 2637 823 2754 SCÈNE VII.
145 2780 1202 2852 LES MÊMES, MADAME BONARD, triste et abattue.
1309 300 2389 377 que vous, et se sentir dévorée d’un chagrin que, n
1309 336 2413 448 l’affection de ses amis, ni la tendresse de son mari et
1314 404 2407 488 de ses enfants, ni la quiétude d’une position aisée,
1305 467 2406 546 n’ont le pouvoir d’amoindrir! (De nouveau Léon et Cécile
1305 524 2405 600 veulent s’éloigner.) Non, non, vous dis-je, restez! Je
1311 567 2402 628 veux que vous connaissiez ce qui cause mon tour-
1315 624 2402 702 ment, ce qui gâte ma félicité, afin que vous voyiez à
1311 673 2409 749 en préserver vos nièces, mademoiselle Angélique, vos
1318 730 2414 792 sœurs, M. Léon! (Mouvement d’attention.) Eh bien
1311 790 2412 844 donc! ce qui me préoccupe éternellement, sans que
1320 833 2417 903 je m’en puisse défendre; ce qui m‘amène, peu à peu,
1315 892 2419 947 à fuir les réunions; ce qui me retient lorsque je suis
1319 952 2412 1023 près de laisser ma carte en quelque endroit; c’est...
1315 999 2412 1077 Mais, vous l’avez compris, n’est-il pas vrai? Mon mal¬
1318 1048 2402 1122 heur est trop évident, pour que vous ne le connais-
1309 1113 2409 1173 siez point delongue date? Je n’ai pas besoin de vous
1314 1162 2412 1259 dire que c’est cet horrible nom de Bonard qui le
1314 1218 1454 1300 cause?
1359 1237 1960 1336 LA TANTE. Quoi, il se peut?..
1350 1300 2074 1384 LEON. Comment, madame, c’est?...
1362 1373 2412 1440 CÉCILE. Mais, madame, est-ce que M. Bonard ne
1315 1430 2414 1504 s’appelait pas M. Bonard, lorsque vous l’avez épousé?
1354 1497 2409 1576 LA TANTE. Taisez-vous, petite fille; à votre âge, on
1311 1542 2078 1615 n’a la parole que dans le tête-à-tête.
1354 1604 2417 1651 MADAME BONARD. Laissez-la dire, mademoiselle; sa
1315 1651 2398 1711 réflexion est juste; je me la suis faite cent fois. Hé¬
1311 1708 2414 1771 las! si, vraiment, M. Bonard s’appelait M. Bonard,
1315 1763 2419 1829 alors comme aujourd’hui; mais, à cette époque, je ne
1311 1825 2417 1886 comprenais point l’immense portée d’un nom; je ne
1315 1871 2414 1933 savais pas qu’un nom rehausse l’individu ou le couvre
1311 1936 2414 1986 de ridicule ; je ne me figurais point l’effet que, dans
1315 1981 2406 2036 la bouche d’un domestique, ouvrant à deux battants
1315 2031 2406 2093 les portes d’un salon, devaient produire ces terribles
1311 2085 2402 2153 syllabes : M. et madame Bonard ! Depuis que j’ai vu,
1315 2145 2412 2207 à mon nom, se plisser toutes les lèvres, ainsi que les
1320 2199 2410 2260 vôtres, à l’instant même; depuis que je sens toute
1320 2255 2396 2309 l’étendue de ma disgrace; j’avoue que j‘en suis ac-
1309 2303 2409 2369 cablée !.. Avec de nombreuses démarches et beaucoup
1311 2360 2409 2417 d’argent, nous aurions pu substituer mon nom de
1311 2409 2409 2473 fille à ce nom malencontreux qui me désole; M. Bo¬
1311 2462 2412 2526 nard ne l’a pas voulu : il dit que l‘homme honore son
1314 2523 2402 2578 nom; que le nom sans tache est le nom le plus beau;
1315 2592 2401 2638 et que, s'appelât-il d’un nom cent fois moins sonore,
1315 2622 2398 2708 il respectait trop son père, il se respectait trop lui¬
1311 2677 1826 2744 même, pour en changer!
1354 2715 2406 2798 LA TANTE. Et votre mari a raison, ma belle petite
1311 2783 2401 2856 voisine. Si, tout à l’heure, nos bouches ont souri,
1315 2843 2399 2904 c’est de la surprise de vous voir affligée sérieusement,
1311 2919 2407 2958 changée même pour un motif aussi léger; et si, jamais,
1311 2954 2402 3012 on a purire à votre nom, les rieurs étaient des sots,
1315 3014 2399 3087 dont le suffrage ou le blâme importe peu; mais mon
1308 3050 2405 3111 avis est que vous vous êtes trompée, qu’on n’a
1320 3108 2403 3180 point ri, par la simple raison qu’on n’en avait point
1315 3162 2392 3229 de sujet. Il y a longtemps que je remarque votre tris-
1318 3215 2395 3289 tesse, chère madame; cependant, quand je vous ai
1319 3265 2396 3350 vue, ce matin, plus abattue que de coutume, je vous
1311 3312 2403 3401 avoue que, tout d’abord, j’ai cru que l’événement
1311 3375 2403 3464 arrivé à Louise, voire laitière et la nôtre, vous était
1311 3450 1471 3519 connu.
1352 3486 2056 3570 MADAME BONARD. Quel événement ?
1359 3533 2402 3608 LA TANTE. Sa pauvre petite fille, dont le bras était
1311 3597 2402 3665 passé au licol de la vache qu’elle menait paître, a été
1311 3653 2407 3715 trainée, à travers champs, par cette vache, effarouchée
1315 3707 2406 3782 d’on ne sait quoi, et presque mise en lambeaux ! A
1319 3766 2092 3829 peine, si l’on ose espérer de la sauver.
1362 3817 2399 3888 MADAME BONARD, debout. Que me dites-vous là? J'i¬
163 2904 1225 2962 MADAME BONARD, à Isidore qu’on ne voit plus. Eh bien!
160 2963 1230 3015 LA TANTE. Excusez-le, chère voisine! (Léon a offert
124 3012 1223 3075 un siége, madame Bonard s’est assise.) C’ est aimable
129 3064 1226 3126 à vous de ne point oublier la percluse ! Mais, vous me
124 3122 1223 3179 semblez moins gaie que de coutume; seriez-vous
122 3172 353 3239 souffrante?
170 3223 694 3304 MADAME BONARD. En effet!
170 3280 930 3354 LA TANTE. Quelque ennui, peut-être?
165 3328 627 3414 MADAME BONARD. Hélas !
171 3394 1200 3458 LÉON, debout ainsi que cÉCILE. Nous nous retirons.
164 3436 1223 3518 MADAME BONARD. Restez, je vous en conjure ! Ce qui
128 3493 1223 3571 fait mon désespoir, j’en puis parler devant vous. (Léon
126 3554 1220 3613 et sa sœur reprennent leurs places.) Mais à quoi bon
120 3600 1226 3668 en parler? Ma peine est de celles auxquelles il n’est
126 3652 488 3721 point de remède!
165 3702 731 3768 LA TANTE. Vous m’effrayez!
164 3763 1220 3831 MADAME BONARD. Avoir un mari qu'on aime, deux
124 3827 1208 3899 enfants, trente mille livres de rente, et des amis tels
