2959 4075
1700 162 1858 266 192
1580 372 1972 499 ÉPHÉMÉRIDES.
1033 531 2523 605 25 juin 1190.— Départ de Philippe-Auguste pour la troisième croisade.
701 637 1732 749 Jérusalem, après avoir été pendant près d’un siècle
651 741 1738 799 au pouvoir des chrétiens, venait de retomber en la
663 793 1724 863 puissance de Saladin ; les princes d’Occident se croi¬
649 847 1724 899 sèrent alors pour aller délivrer la ville sainte. Phi¬
647 893 1734 953 lippe-Auguste passa en Orient; mais quelle que fut
647 943 1738 1005 la valeur incontestable du monarque français, il fut
647 1001 1734 1059 éclipsé par le nouveau roi d'Angleterre , Richard
647 1051 1730 1109 Cœur-de-lion. « L'ombre de ce prince, dit un histo¬
647 1101 1734 1171 rien, faisait tressaillir les chevaux sarrasins; il reve¬
1810 685 2886 763 nait du combat la cuirasse hérissée de flèches comme
1808 745 2461 813 une pelote couverte d'aiguilles. »
1852 801 2880 867 La brillante valeur des croisés échoua contre les
1804 847 2880 921 armes du sultan Saladin; après dix-huit mois d’ef¬
1802 905 2880 983 forts inutiles, Philippe revint dans son royaume, et,
1814 957 2880 1033 occupé de ses affaires intérieures, il ne prit aucune
1814 1015 2880 1079 part à la quatrième croisade, qui fut signalée par
1806 1063 2735 1139 l’avénement des Latins sur le trône de Grèce.
1592 1308 1926 1406 Mosaïque.
689 1456 1718 1566 Les louanges qu’ont méritées les âmes fortes et
641 1540 1744 1636 élevées, augmentent leur ardeur et leur puissance ;
641 1604 1724 1670 elles auraient honte de ne pas rester fidèles à leur
647 1660 1718 1734 gloire, de ne pas lui donner plus d’éclat encore par
639 1706 1109 1792 des actions plus belles.
1344 1724 1582 1834 PLUTARQUE
677 1822 1720 1950 Nul ne peut être heureux s’il ne jouit de sa propre
631 1918 791 1994 estime.
1260 1932 1580 2049 J. J. ROUSSEAU.
1844 1496 2884 1574 Il faut des vertus, et par conséquent de la force
1800 1560 2880 1624 pour être religieux; il ne faut que des passion, et
1804 1618 2836 1680 par conséquent de la faiblesse, pour être incrédule.
2507 1666 2749 1740 LAMENNAIS.
1842 1766 2876 1850 Les bons livres sont l’essence des meilleurs esprits,
1792 1804 2874 1888 le précis de leurs connaissances et le fruit de leur
1802 1870 2872 1936 longues veilles. L’étude d’une vie entière s’y peut re¬
1802 1934 2838 2015 ßueillir en quelques genres; c’est un grand secours.
2449 1986 2753 2055 VAUVENARQUES.
1368 2123 2065 2299 REBUS
1290 3719 2185 3813 Paris. — de lyp. Morris et comp., rue Amelot, 64.
