2946 4158
1651 86 1762 195 282
601 153 1656 270 Les premiers accents de Duprez frappèrent l'assem¬
557 242 1656 317 blée par leur puissance sonore ; on s'étonnait de ce
554 303 1651 365 chant si majestueusement conduit. O Mathilde! causa
554 365 1656 426 une grande sensation ; le duo dans la forêt, le trio
554 415 1659 470 des I:bérateurs, l'appel guerrier, avaient séduit tous
557 465 1645 532 les auditeurs; mais lorsqu'au dernier acte Duprez.
554 521 1654 590 avec cet organe pénétrant qu’il faisait vibrer avec
557 571 1648 635 tant d’énergie, chanta auprès de la chaumière pater¬
554 629 1640 696 nelle : J'appelle, j'appele! il ne m'entend pas ! les
557 682 1642 746 cœurs se brisèrent; puis, lorsqu’il s'écria : Suivez-
548 729 1640 802 moi ! il n’y eut, pour lui répondre, qu'un cri d’admi¬
551 791 1648 857 ration universe', prolongé et retentissant; les applau¬
543 849 1645 910 dissements éclatèrent ensuite avec des redoublements
543 896 1640 969 d'alléresse générale. Duprez était l’idole du public
546 949 1645 1016 de Paris ; il avait atteint le comble de ses vœux. Les
534 1005 1640 1080 Huguenots, Robert le Diable, Stradella, la Juive, la
537 1061 1634 1127 Muette, Guido et Ginevra, le Lac des Fées, les Martjrs,
534 1108 1640 1186 la Reine de Chypre, Lucie, Jérusalem, etc., ont montré
537 1166 1631 1230 son talent sous mille aspects divers; mais le souvenir
543 1216 1634 1297 de la première soirée et celui du dernier chant de
537 1272 1470 1350 Guillaume Tell sont demeurés impérissables.
579 1319 1628 1397 On a souvent reproché à Duprez le trop grand soin
532 1375 1634 1459 qu’il apportait à l’exécution, et ne luilaissait pas assezde
537 1434 1626 1512 loisir pour l’action; les efforts de l‘admirable instru¬
532 1487 1631 1567 ment dont il manie les sons avec un art infini sont trop
543 1551 1634 1617 visibles, et laissent peu de place aux illumions de
532 1595 1628 1676 théâtre : mais l’âme musicale vivifie cette nature; le
532 1654 1626 1731 souffle lyrique anime bientôt tout son être, et l’on
526 1706 1626 1787 est surpris de voir combien l’expression mélodieuse
537 1759 1626 1823 prête d’énergie, de vérité et de sensibilité à ce jeu
529 1821 1617 1882 qu’on avait d’abord regardé comme si négligé, si in¬
521 1868 1620 1946 complet. Une manière large, pleine, franche, révèle
515 1907 1620 1996 chez lui la vigueur organique; il donne au son une
521 1965 1612 2054 ampleur matérielle qui le rend presque palpable. Le
515 2032 1603 2102 sentiment principal du chant de Duprez, c’est la pu¬
512 2071 1612 2149 reté sévère et mélancolique; il sait être tendre et
518 2124 1603 2213 vif, enjoué même, mais il est plus fréquemmen¬
512 2174 1606 2269 religieux et héroïque; il y a de la piété dans son chant
518 2238 1598 2336 qui fait monter la petition jusqu’aux plus suaves
512 2285 974 2361 régions de la mélodie.
554 2302 1603 2427 Ce fut un malheur réel pour la France que cette
512 2380 1598 2483 lassitude précoce qui força l’illustre artiste de quitter
501 2452 1601 2528 la scène ; mais la mission de Duprez n’était pas ache¬
512 2505 1603 2597 vée : compositeur de mérite, musicien instruit, et
512 2553 1592 2645 professeur excellent, il rend chaque jour à l'art d'im¬
507 2617 1606 2697 portants services, en formant des élèves remarquables
501 2670 1364 2745 et en créant des compositions distinguées.
546 2720 1595 2798 Un tel artiste est un témoignage réel et éclatant
501 2767 1595 2851 de la puissance du travail; il a tout obtenu, tout
498 2828 1584 2917 conquis, tout surpassé, parce qu'il n a rien négligé
498 2881 1590 2962 rien omis, rien dédaigné. Duprez s’est fait lui-même
498 2934 1587 3015 ce qu’il est ; rare exemple de la persévérance dans
490 2987 1590 3073 la volonté, et d’un jugement solide dans la direction
493 3037 704 3129 de la vie.
799 3212 1286 3329 MADAME STOLTZ.
526 3343 1598 3482 Rosine Stoltz, tel est le nom que prit, dès l'âge de
1743 150 2859 273 douze ans, une charmante enfant appelée la petite
1743 256 2856 326 Noël à l’école de Choron. Grâce à la protection de la
1745 309 2856 379 duchesse de Barry, elle fut confiée aux soins de la
1737 365 2848 431 supérieure d’un couvent de Bénédictines. Vers cette
1745 404 2856 493 époque, Rosine manifesta un goût très-vif pour la
1737 462 2661 529 musique et particulièrement pour le chant.
1787 515 2834 593 Loin de chercher à refouler sa vocation, on la con¬
1737 562 2845 660 duisit chaque jour du couvent au cours de Choron,
1734 626 2848 729 cours qui a formé tant d'artistes remarquables, en
1737 682 2503 754 tête desquels il faut placer Duprez.
1784 727 2837 813 On ne saurait croire combien de musiciens savants
1729 796 2842 877 sont sortis des écoles de Choron, sans compter made¬
1737 846 2839 919 moiselle Rachel, dont l’incomparable diction n’est pas
1723 910 2839 988 sans analogie avec l’art de la musique. Choron mar¬
1729 966 2837 1044 quera dans l'histoire de l'art musicaI en France, par
1729 1005 2834 1086 les élèves qu'il a faits. Les grands concerts qu'Il donna
1715 1072 2837 1150 depuis 1827 jusqu'en 1830, dans la rue de Vaugirard,
1726 1119 2839 1197 ne sont pas encore oubliés. On se rappelle que les
1718 1186 2831 1253 chefs-d'œuvre de Mozart, de Hœndel, de Jomelli,
1720 1233 2839 1306 d’Haydn, de Corpora, de Palestrina, de Clari, étaient
1729 1289 2837 1364 exécutés avec un rare ensemble par plus de cent voix
1718 1347 2834 1439 choisies. Le talent de la jeune Rosine commença à se
1726 1392 2338 1470 développer dans ces concerts.
1768 1431 2828 1531 A seize ans elle abandonna cette vie tranquille
1723 1503 2817 1576 pour une nouvelle destinée toute pleine de tempêtes.
1712 1570 2820 1637 Que de fois, au milieu de ses triomphes, elle a dû
1706 1620 2820 1681 songer à ces jours d'heureuse innocence, et de calme
1720 1662 2817 1737 paisible. Que de fois, peut-être, elle a dû maudire
1706 1723 2820 1790 cette existence de luttes, de jalousies artistiques, de
1706 1762 2814 1848 fatigues, de victoires et de désenchantements au mi¬
1706 1826 2792 1896 lieu de laquelle elle s’était si hardiment aventurée!
1751 1879 2809 1949 Rosine s’adonna alors à l’étude des grands maîtres et
1701 1929 2814 2013 sentit le besoin de se former aux habitudes de la
1704 1996 2803 2063 scène. En 1834, elle vint à Bruxelles demander à
1695 2035 2800 2127 M. Cartigny, qui avait la direction générale des théà¬
1698 2099 2809 2171 tres royaux, la permission de paraître sur le théâtre
1695 2141 2803 2235 du Parc. Et ne croyez pas qu’elle y débuta par un
1693 2210 2800 2277 rôle de chanteuse. Non pas vraiment! On l'applaudit
1698 2255 2806 2338 dans la Fille de Dominique, les Trois chapeaux, et
1698 2305 2795 2391 dans plusieurs vaudevilles où sa manière de chanter
1687 2355 2800 2441 le couplet avait donné aux auditeurs un aperçu de
1693 2430 2798 2505 son talent. Heureuse dans ses premiers débuts, elle
1690 2478 2792 2555 se mit bientôt en route pour la Hollande. Elle se
1679 2525 2792 2606 montra à La Haye et à Amsterdam dans la traduction
1681 2569 2787 2661 des chefs-d'œuvre de Rossini. Elle chanta successive¬
1681 2636 2792 2714 ment Tancrède, Othello, Ninetta, et la Rosine du
1679 2692 2383 2759 Barbier, son rôle de prédilection.
1729 2728 2787 2826 Cependant l'humidité de la Hollande lui fit peur.
1679 2784 2792 2870 Sa voix semblait perdre de sa puissance sous ce
1676 2853 2792 2929 climat brumeux. Rosine songea au retour. Elle s'arrêta
1676 2898 2789 2987 à Anvers vers la fin de l’année 1834. On cherchait
1670 2962 2784 3032 à monter Robert le Diable au théâtre de cette ville.
1670 3004 2784 3098 Il ne manquait plus qu’une Alice : la voici ! place à
1670 3062 2778 3151 la francée de Raimbault! Le succès fut immense,
1670 3115 2784 3204 aussi une personne qui se trouvait à Anvers à cette
1667 3185 2781 3260 époque, assure-t-elle qu’il fut très-facile dès ce mo¬
1667 3235 2781 3315 ment de prévoir la brillante destinée de Rosine Stoltz.
2260 3299 2639 3382 MARIE LASSAVEUR
2049 3332 2642 3452 (La fin au numéro prochain.)
1375 3502 1882 3649 Énigme Historique.
537 3608 2773 3775 Quel est le personnage du siècle dernier sur la tombe duquel on inscrivit ces paroles : La fortune lui
468 3655 1292 3791 donna un trône et lui refusa du pain?
