2907 4318
1060 189 1650 337 JOURNAL
482 572 2209 680 DES DEMOISELLES
836 1090 1874 1234 LE FORGERON D'ANVERS
722 1339 764 1371 I
209 1397 1302 1495 « Allons, ferme, mes enfants ; pas de relâche. Il
152 1480 1291 1552 s’agit de déployer tous vos talents : le vieil orfévre¬
158 1544 1291 1615 joaillier Jacob Krukker nous a défiés de confectionner
158 1596 1301 1663 une caisse telle qu’il la désire, c’est-à-dire une vraie
152 1654 1286 1705 citadelle de fer qui puisse braver les malignes entre¬
152 1705 1299 1775 prises de tout larron; et, quoiqu’il ne mette point à
148 1773 1301 1834 notre œuvre le prix qu’elle eût valu pour un autre
148 1819 1297 1896 chrétien, je n’en veux pas moins que la dite caisse soit
148 1879 1283 1938 achevée comme un coffret de prince, afin que Ja-
147 1930 1294 1992 cob Krukker soit obligé de reconnaître qu’il n’est
155 2000 1293 2059 point dans les Flandres de maître forgeron comme
147 2042 1291 2119 Abraham Liederke, ni d’artisans tels que Claude
147 2103 1079 2156 Kluyt, Pierre Ricaert et Guillaume Bawr. »
194 2152 1294 2227 Le personnage qui venait de prononcer ces paroles
155 2209 1291 2271 était un gros homme taillé en cyclope et à peu près
147 2269 1294 2333 aussi laid qu’aucun des compagnons de Polyphème.
148 2319 1301 2394 Son visage, échauffé par l’ardeur de la forge, offrait
148 2378 1289 2443 une teinte égale de rouge cramoisi traversée par des
148 2437 1288 2510 raies de noir qu’expliquait assez l’épaisse fumée qui,
152 2502 1288 2561 en ce lieu, s’était condensée en nuage perpétuel. Quant
140 2554 1289 2619 aux trois ouvriers qu’il avait nommés, ils offraient
152 2605 1280 2673 une ressemblance exacte avec le patron ; et, franche-
148 2667 1289 2727 ment, à la vue de ces hommes habitués à marteler le
148 2717 1281 2781 fer et à respirer les vapeurs brûlantes d’une four-
140 2766 1281 2839 naise, on se fût cru au sein des entrailles de la terre
148 2833 1283 2903 dans les caveines de l’Etna, où l‘imagination des poè¬
147 2880 1157 2950 tes antiques avait placé les ateliers de Vulcain.
191 2949 1288 3012 Cependant, maître Liederke, en adressant un éloge
152 2989 1284 3063 collectif à Claude, Pierre et Guillaume, semblait avoir
147 3050 1291 3130 à dessein oublié un quatrième compagnon, jeune
145 3104 1291 3188 homme à la figure fine et intelligente, au front
152 3170 1276 3231 d’une pâleur mate qui se dessinait en lignes cor-
145 3216 1283 3293 rectes sous des cheveux d’un noir lustré aux reflets
147 3276 1291 3348 presque bleuâtres. Celui-ci avait écouté le patron en
148 3330 1289 3395 souriant avec une espèce d’indifférence ,vague, ou
152 3387 1288 3460 plutôt de tristesse maladive. Il posa son marteau
150 3446 1286 3508 contre l’enclume, et dit en se croisant les bras d’un
148 3506 473 3576 air découragé :
194 3506 1291 3622 « Excusez-moi, maître, si je me plans de votre si¬
147 3604 1286 3679 lence à mon égard. A coup sûr, je ne réclame point
148 3663 1286 3734 d’éloges, et je me souviens bien d’avoir lu en une
148 3708 1291 3795 chronique ce que disait un roi de France (1) : « Quand
187 3852 460 3969 (1) Louis XI.
360 3894 1015 4020 VINGT-CINQUIÈME ANNÉE. — N° I.
1389 1278 2504 1394 orgueil chevauche devant, honte et dommage le sui¬
1397 1369 2513 1433 vent de bien près. » Mais c’est justement parce que
1382 1426 2507 1488 l’orgueil est étranger à mon cœur, que je crains de
1394 1478 2509 1547 vous avoir donné quelque sujet de mécontentement :
1389 1539 2504 1627 ne vous faites pas faute de me chapitrer si j’ai failli
1382 1591 1822 1671 en quoi que ce soit !
1500 1648 2496 1703 Par sainte Gudule! s’écria Claude Kluyt, le plai¬
1389 1700 2504 1769 sant de la troupe, quelle langue dorée il vous a ce
1389 1752 2507 1821 Quentin Matsys ! Ce luron-là est de la trempe dont on
1382 1811 2497 1871 fait les magisters. Ah ! mais c’est qu’il sait lire, lire
1382 1870 2500 1928 couramment. Aux heures des repas, il vous a plus sou-
1390 1923 2492 1977 vent une Bible dans les mains qu’une pipe. Et pour¬
1376 1974 2246 2051 tant quelle différence, mille arquebuses !
1469 2020 2494 2088 - Paix-là! dit le maître forgeron; tu parles comme
1382 2090 2489 2143 un homme qui aurait passé trois jours consécutifs à
1376 2139 2491 2212 boire du genièvre dans un hanap allemand : ami, res¬
1386 2199 2484 2298 pecte celui qui sait, tout en étant bon artisan, ac¬
1377 2251 1989 2339 quérir la science d’un clerc.
1443 2280 2489 2394 — Oh! maître, je suis bien loin... murmura le
1379 2339 1685 2442 jeune homme.
1436 2390 2494 2479 — Je te connais et je t’estime, Quantin, et tout à
1379 2468 2496 2544 l'heure je te répondrai. En ce moment, c’est à Claude
1376 2522 2491 2595 Kluyt que je réponds. Claude, apprends, mon garçon,
1376 2593 2489 2654 que le bras doit respecter la tête. A qui avons-nous
1379 2641 2484 2724 dû ces dessins ingénieux, de fleurs, de rinceaux, de
1374 2696 2478 2761 spirales, qui nous ont permis de forger la cage miri¬
1379 2743 2292 2838 fique du puits de la place de la cathédrale ?
1430 2784 2497 2867 — Non, Quantin, je ne t’oubliais pas, mais j’avais à
1376 2846 2489 2952 te prouver mon amitié, en te demandant quelle peut
1376 2908 1992 2980 être la cause de ta tristesse...
1426 2960 1910 3037 — De la tristesse, moi!
1425 2989 2486 3079 — Ne cherche pas à me tromper. Je ne suis pas
1376 3068 2479 3134 ton maître seulement, mais ton second père. Aie de
1376 3117 2476 3192 la franchise envers moi. Je t’ai observé depuis un cer¬
1376 3169 2481 3249 tain temps: souvent je te vois distrait; souvent ton
1371 3226 2474 3309 regard se fixe en l’air, je ne sais pourquoi, sans pa¬
1371 3275 2491 3351 raître pouvoir se détacher de ce qui l’attire. C’est du
1371 3335 2481 3418 rêve ou de l’ennui. Est-ce que tu t’ennuies ici, mon
1377 3397 2481 3482 garçon ? Est-ce que le métier te semble trop dur ? Ne
1372 3443 2473 3524 me dissimule rien. Je suis tout rond, et j’aime la ron¬
1376 3498 2487 3575 deur. Je ne veux point de paille dans le fer ni de pli
1377 3566 1796 3637 caché dans le cœur.
1426 3593 2496 3682 — Je vous remercie beaucoup, maître, répondit
1376 3667 2486 3747 modestement Quantin. Le ciel m’est témoin que je ne
1371 3736 2486 3788 songe nullement à vous tromper, et que je mets ma
1381 3772 2478 3863 joie à vous complaire. Aussi lorsque j’ai fait les des-
1371 3829 2481 3943 sins que vous venez de rappeler, ma plus grande sa-
2220 3922 2251 3952 1
