2897 4318
1183 294 1289 378 327
207 362 813 458 Eyelids waried out with weeping
205 441 752 497 Close for very weakness now.
208 493 809 556 And that short relief from sorrow
208 537 770 600 Harrassad nature shall sustain,
213 582 798 636 Till they wake again to-morrow,
208 622 847 700 Strengthen'd to contend with pain.
213 698 973 773 They are sleeping! — Who are sleeping? —
213 769 772 833 Captives on their gloomy cells
216 814 967 883 Yet sweet dreams are o’er them "creeping,
213 870 800 914 With their many color’d speaks.
209 907 914 966 All they love — again they clasp them,
208 950 770 1011 Feel again their long-lost joys
208 1005 966 1067 But the haste with which they grasp them
209 1055 692 1131 Every fairy form destroys.
209 1118 942 1219 They are sleeping! — Who are sleeping? —
209 1197 752 1263 Misers by their hoanded gold;
209 1251 749 1301 And in jancy now are heoping
215 1290 809 1347 Gems and pearls of price untold;
213 1334 866 1395 Golden chains their limbs encumber,
208 1383 866 1446 Diamonds seem before them strewn;
208 1435 861 1488 But they waken from their slumber,
213 1480 811 1536 And the splendid dream isie down.
201 1576 942 1640 They are sleeping! — Who are sleeping? —
201 1626 782 1678 diese a moment — softly bread;
201 1678 830 1748 Anxious friends are fondly keeping
208 1708 693 1766 Vigils by the sleeper's bed!
201 1752 749 1812 other hopes have all forsaken, —
205 1803 830 1864 One remains, — that slumber deep, —
199 1854 847 1907 Speak not, lest the slumberer waken
188 1909 835 1960 From that sweet, that saving sleep.
201 1996 931 2059 They are keeping! — Who are keeping !
200 2044 800 2108 Thousands who have passed away
200 2087 823 2168 From a world of woe and weeping,
200 2135 640 2203 To the region of decay!
205 2167 854 2256 Safe they rest, the green turf under
196 2219 797 2281 Sighing breeze, or music’s breath.
201 2276 842 2336 Winter’s wind, or summer’S thunder
196 2321 776 2376 Cannot break the sleep of death !
721 2368 1009 2436 M. A. BROWNE.
1282 394 2337 472 se sont fermées sous la fatigue. Un repos momentané répare
1282 449 2332 514 leurs forces épuisées, jusqu'à ce que demain ils se réveil¬
1277 502 2173 573 lent, obligés de lutter de nouveau contre la peine.
1330 698 2332 790 Ils dorment, — quels sont ces dormeurs ? — Des prison¬
1282 764 2341 843 niers dans leurs cellules obscures. Des rêves agréables vol¬
1294 835 2341 895 tigent autour d’eux avec leurs enchantements prismatiques;
1286 887 2335 954 ils les aiment, les enlacent, ils ressentent encore les joies
1286 947 2339 1003 qu’ils ont perdues depuis longtemps... Mais dans leur em¬
1287 1003 2332 1067 pressement à saisir ces rêves, les prisonniers en voient s'é¬
1287 1063 1830 1133 vanouir les formes délicieuses.
1318 1150 2337 1221 Ils dorment, — quels sont ces dormeurs? — Des êtres
1282 1222 2337 1283 malheureux par l’amas de leurs richesses : dans leurs rêves
1282 1281 2337 1329 ils amoncellent encore des pierreries et des perles d’un prix
1283 1331 2341 1390 inouï. Des chaînes d’or pressent leurs membres, les dia¬
1287 1390 2345 1456 mants semblent semés devant eux : mais ils s’éveillent, et
1277 1438 1755 1507 le splendide rêve s’envole.
1321 1572 2339 1634 Ils dorment, — quels sont ces dormeurs ? — Arrêtez-vous
1283 1646 2337 1694 un instant, marchez sans bruit. Des amis pleins d’anxiété
1286 1688 2341 1744 veillent avec tendresse près du lit de celui qui dort. Toutes
1283 1746 2337 1799 les espérances sont évanouies; il n’en reste qu’une c’est
1286 1800 2341 1852 celle d’un profond sommeil. Ne parlez pas, pour ne point
1283 1851 1981 1920 tirer le malade de ce sommeil sauveur.
1317 2003 2336 2059 Ils dorment, — quels sont ces dormeurs ? — Des milliers
1283 2059 2332 2128 de créatures qui ont passé d’un monde de misère et de
1279 2108 2331 2169 larmes à la région de la mort ! Ils reposent tranquilles sous
1279 2165 2331 2235 le tertre vert : ni la brise harmonieuse, ni les cbants, ni le
1277 2232 2335 2279 vent de l’hiver, ni le tonnerre de l'été ne peuvent rompre
1271 2267 1690 2339 le sommeil de la mort !
1864 2368 2257 2442 Mite AMÉLIE DESewer.
573 2676 1888 2854 RÉGINE DE BEAUFRENY
638 2963 674 3057 I
188 3083 1183 3155 Vers l’an 1820, par une tiède soirée de juillet, deux
144 3129 1181 3205 jeunes filles d’environ dix-huit ans se promenaient
141 3199 1183 3265 au clair de lune dans un vaste parc où les arbres
140 3243 1181 3310 et les fleurs étaient groupés avec tant d'art et de
144 3293 1178 3370 grâce, qu’à leur aspect, à leur parfum, on se sentait
140 3338 1173 3422 heureux de vivre. L'âme, pénétrée d'une douce émo¬
141 3382 1181 3457 tion, s’ouvrait à l’espérance et l‘avenir lui apparaissait
141 3446 1182 3518 radieux à travers le prisme de ce paradis terrestre.
144 3494 1177 3578 A l'heure où nos jeunes filles en parcouraient les
140 3550 1182 3623 allées, l’ombre du soir brunissait les vertes pelenses ;
140 3595 1171 3668 le murmure des iets d’eau et la clarté douce et mé¬
141 3647 1182 3718 lancolique répandue par la lune à travers le feuil¬
141 3699 1185 3783 l’age produisaient une tout autre impression. Ce
141 3755 1213 3843 n'était plus la joie que faisait naître dans le jour
1265 2989 2329 3053 l'éclat de mille fleurs diverses sous les reflets dorés
1265 3049 2323 3098 des rayons du soleil, c’était un sentiment pieux
1274 3099 2324 3149 qui reportait la pensée vers le dispensateur de tant
1271 3146 2324 3206 de biens. L'une de ces jeunes filles, Régine, orpheline
1274 3205 2307 3271 de mère, était la fille unique de M. de Beaufreny
1271 3251 2315 3311 et, dans cet Eden, tout était disposé pour charmer ses
1275 3303 2316 3374 yeux, pour réjouir son cœur, pour égayer sa jeunesse
1273 3365 1900 3423 privée de l’amour d’une mère.
1310 3398 2309 3466 Au nord de ce parc, une épaisse charmille ca¬
1279 3449 2313 3516 chait entièrement une muraille mitoyenne, derrière
1273 3499 2323 3576 laquelle s’étendaient les allées sombres et humides
1271 3564 2320 3627 d’un autre jardin tout aussi vaste que celui-ci, mais
1277 3612 2320 3667 où la nature, livrée à elle-même, ne produisait que
1271 3659 2323 3719 des fleurs sauvages croissant ça et là dans l'herbe
1271 3708 2311 3771 dont toutes les allées étaient couvertes. La grosseur
1267 3756 2323 3828 de ses arbres centenaires, les ronces qui obstruaient
