2840 4318
1244 227 1337 315 75
130 326 1242 397 pelle royale. La grande voix du peuple leur répond,
122 384 1239 448 et va se prolongeant au dehors, dans la foule, par
123 441 1247 517 toute la cité, au milieu de telles délices que les âmes
128 503 1236 582 chrétiennes, suivant le vénérable évêque de Chiapa,
123 549 1201 610 en ressentaient un avant-goût des joies du paradis.
171 605 1242 677 Nous n’irons pas plus loin aujourd’hui. Nous vous
129 663 1239 722 avons raconté, dans un premier article, les efforts de
129 717 1229 775 Colomb, ses longues et vaines démarches, s es souf-
129 764 1239 830 frances, sa pauvreté; nous sommes parvenus au point
126 831 1229 881 culminant de sa vie, alors que dans la gloire pre-
123 873 1239 940 mière de son immortelle découverte, il vit l’Espagne
123 936 1239 999 inclinée devant son audace et sa vertu; dans un
123 988 1236 1040 troisième et dernier article, nous vous dirons ses pé¬
123 1044 1239 1101 rilleux voyages et les peines dont fut abreuvée sa
129 1099 1239 1157 vieillesse. Mais notre sèche analyse est bien peu de
126 1152 1242 1212 chose, et c’est dans M. Roselly de Lorgues qu’il faut
126 1199 1242 1263 lire le récit de cette existence si éprouvée et qu’il faut
123 1265 1239 1330 apprendre à connaître et à admirer ce héros, à qui
126 1310 1233 1397 rien de grand ne manqua, pas même un malheur
132 1369 489 1454 égal à son génie.
165 1540 1229 1617 LA VIE RÉELLE a paru. Nous l’enverrons, franco
123 1607 1215 1673 par la poste, à toutes les personnes qui nous en fe-
123 1669 1226 1719 ront la demande, accompagnée de 3 francs en tim¬
123 1711 363 1788 bres-poste.
1679 294 2103 418 LE CALICE (1)
1443 411 2347 510 MÉDITATIONS D'UNE AME CHRISTIENNE
1847 535 1928 617 SUR
1359 615 2406 699 LES SOUFFRANCES ET LA MORT DU SAUVEUR.
1443 706 2318 776 Traduit de l’allemand, par Mme ÉLISE VOïART.
1375 789 2427 870 Ce livre de piété, populaire de l’autre côté de Rhin,
1323 860 2435 925 est une heureuse acquisition pour les chrétiens fran-
1333 904 2433 981 çais et nous voudrions le voir entre les mains de
1328 974 2424 1048 toutes nos jeunes lectrices pour l’époque de la pre¬
1326 1023 2427 1104 mière communion. Rarement il nous a été donné de
1323 1071 2420 1135 lire un ouvrage pieux aussi bon et aussí sympathique :
1321 1136 2430 1201 des pensées affectueuses et touchantes, un style noble
1321 1191 2430 1260 et simple, des réflexions et des prières appropriées
1323 1250 2424 1300 aux diverses situations de la vie, tout se réunit pour
1331 1303 2424 1366 que ce livre plaise à tous et soit utile à un grand
1323 1354 2414 1405 nombre. Nous félicitons l’aimable traducteur de l‘ex¬
1321 1403 2423 1466 cellent usage qu’elle a fait de son talent, et nous fai¬
1321 1460 2428 1523 sons du fond du cœur le vœu que son travail devienne
1323 1506 2431 1569 le Vade-mecum des familles chrétiennes et soit aussi
1323 1568 2430 1635 répandu en France qu’il l’est depuis longtemps en
1323 1611 1553 1682 Allemagne.
1359 1719 2417 1784 (1) Chez Jules Tardieu, 13, rue de Tournon, Paris. —
1312 1785 1606 1852 Prix : 1 franc.
1299 1779 1304 1830 1
1341 1930 1383 2011 V
1333 1935 1833 2070 Cirangère.
729 1928 1233 2053 Littérature
702 2103 736 2154 75
733 2113 922 2220 YENTO
440 2100 506 2215 P.
673 2239 702 2322 I
356 2312 848 2377 Este mundo es un camino
350 2363 842 2423 Para otro que es morada
451 2414 661 2479 Sin pesar,
356 2462 901 2528 Mas cumple tenar buen tino
350 2512 825 2590 Para andar esta jornada,
451 2561 650 2639 Sin errar.
649 2637 710 2738 II
353 2723 873 2795 Partimos quando nascemos.
353 2783 870 2863 Andamos mientras vivimos,
460 2829 691 2901 Y allegamos
350 2847 867 2931 Al tiempo que fenescemos :
350 2924 832 2992 Asi que quando morimos
451 2975 723 3042 Descansamos.
642 3067 719 3140 III
363 3111 930 3235 Que se hizo el rey Don Juan?
356 3195 790 3262 Les infantes de Aragon
460 3242 785 3313 Que se hicieron ?
367 3279 830 3352 Que fué de tanto galan?
371 3350 877 3402 Que fué de tanta invención
458 3392 740 3460 Cual traxoron?
646 3465 716 3566 IV
369 3548 813 3624 Las justas y los torneos,
373 3607 823 3670 Paramentos, bordaduras
472 3652 684 3718 Y cimeras:
363 3696 796 3771 Fueron sino devaneos?
376 3751 859 3830 que fueron sino verduras
469 3799 705 3862 De las eras?
638 3848 1075 3938 DON GEORGE MANRIQUE.
1490 2119 1781 2229 STANCES
1801 2114 2245 2229 ÉLÉGIAQUES
1852 2246 1893 2315 1
1358 2312 2250 2393 Ce monde est un chemin, la vie est un voyage.
1359 2375 2095 2454 On trouve en arrivant un asile assuré;
1359 2449 2250 2525 Mais il faut s’avancer d’un pas prudent et sage
1362 2514 2138 2591 Pour atteindre le but et n’avoir pas erré.
1359 2714 2224 2800 Le jour où nous naissons le voyage commence.
1372 2783 2292 2887 Tandis que nous vivons, — remplissant notre sort
1359 2885 2319 2947 Nous marchons; notre fin vient combler la distance,
1359 2936 2276 3007 Et nous nous reposons dans les bras de la mort.
1831 3030 1904 3118 III
1362 3147 2248 3213 Que sont-ils devenus, ces brillants personnages,
1359 3214 2155 3278 Don Juan notre roi, les infants d’Aragon ?
1359 3245 2333 3338 Où sont leurs officiers, leurs chapelains, leur pages,
1363 3315 2253 3434 Leurs projets, et la gloire attachée à leur nom ?
1831 3464 1897 3533 IV
1365 3524 2199 3642 Les joutes, les tournois, les riches broderies,
1359 3626 2319 3698 Les manteaux, les cimiers, les emblèmes touchants,
1368 3689 2131 3760 Que sont-ils devenus, sinon des réveries,
1443 3755 2047 3809 Sinon l'herbe dans les champs ?
1850 3837 2242 3918 Mlle Louise Mercier.
