2897 4318
1232 222 1383 303 341
214 296 1225 360 Je pris la lettre adressée à sœur Saint-Joseph, reli¬
175 362 1224 409 gieuse de la Visitation, rue de...., à Paris. La lettre
178 406 1225 465 était une chaleureuse recommandation, conçue dans
175 447 1216 512 les termes les plus flatteurs pour moi. Je la lus, et je
175 506 1216 576 serrai avec reconnaissance la main de ma vieille
175 558 1224 620 amie. « Mon enfant, me dit-elle avec émotion, si vous
171 604 1227 672 avez quelque trouble, quelque chagrin, confiez-vous
178 666 1225 725 en mon amie comme vous vous seriez confiée en votre
178 718 1225 774 mère. C'est une femme d'un grand jugement, d' un
175 767 1217 824 tact enquis, et qui a puisé dans la religion, dans l’ab¬
175 815 1212 875 négation d’elle-même, une bonté toute céleste. Elle
175 870 1209 929 vous plaira, vous l’aimerez, et si je vous sais en con¬
166 921 1213 981 fiance avec elle, je serai tranquille sur votre compte.
171 972 1204 1041 Irez-vous la voir? — Je vous le promets, madame. —
171 1020 1215 1082 C’est bien, mon enfant, ce que Dieu garde est bien
169 1077 1216 1135 gardé; nous prierons pour vous afin que vous suiviez
170 1127 1219 1196 la volonté du Seigneur et que vous restiez toujours
169 1188 811 1240 digne de votre vertueuse mère. »
653 1285 1098 1402 Loches. Novembre 18...
219 1385 1213 1456 Mes préparatifs sont faits; je pars demain. Je laisse
167 1424 1216 1503 à Léonide le peu qui nous revient de la succession de
162 1493 1205 1551 notre mère, son mobilier, sa petite argenterie; j'em¬
169 1544 1215 1605 porte mes livres, mes papiers, un médaillon précieux
170 1598 1215 1658 qui renferme les cheveux de nos parents bien-aimés,
162 1649 1204 1706 et après avoir baisé une dernière fois la croix qui s’é¬
166 1689 1201 1762 lève sur le tombeau de celle que je regretterai tou¬
166 1747 1055 1829 jours, je partirai avec courage et confiance...
689 1864 1107 1975 Paris. Novembre 18...
206 1955 1208 2027 Me voici de nouveau dans l'immense solitude de la
162 2009 1205 2075 grande ville. J’ai employé mes premiers instants à
163 2067 1203 2136 chercher une chambre, et j’en ai trouvé une, toute
155 2120 1205 2178 meublée, dans une maison décente, au quatrième
162 2161 1207 2238 étage, rue Jacob. C’est un triste logis, où les yeux,
155 2213 1204 2295 après avoir plongé dans des cours noires, sombres,
163 2279 1203 2332 encombrées de meubles sordides, ne rencontrent, en
155 2326 1201 2390 s’élevard, qu’un triste horizon de toits où la pluie
162 2379 1199 2440 ruisselle et des cheminées d’où s’élève une épaisse
158 2432 1183 2504 fumée. La chambre est mesquinement meublée, de¬
155 2489 1204 2558 meure banale et transitoire, où d’autres ont passé et
165 2522 1203 2601 passeront encore, et qui ne peut me rappeler ma
162 2581 1193 2651 jolie chambre de Loches que pour me donner des re¬
158 2638 1196 2701 grets; mais qu’importe! Je ne suis pas venue chercher
157 2687 1197 2756 à Paris l’élégance et les douceurs du foyer, j’y suis
162 2736 1188 2817 venue au-devant de la lutte et du travail... plus tard,
153 2789 1199 2865 naîtront les succès; à plus tard les jouissances de la
153 2834 1200 2915 moisson et le repos paisible dans une maison, que
158 2889 1195 2975 ma sœur et sa jeune famille animeront de leur
155 2939 1193 3017 gaieté et de leur tendresse. A moi le travail! à ceux
158 2992 823 3059 que j'aime la douceur et les joies!
688 3133 1091 3223 Paris. Décembre 18...
200 3183 1193 3275 Ce matin, je me suis habillée avec soin, j’ai pris
153 3252 1193 3331 mon recueil d’élégies, et le cœur tremblant, saisi,
154 3309 1191 3381 comme disent les petites filles, je suis allée jusqu’à
153 3345 1193 3432 la porte d’un éditeur qui publie beaucoup de recueils
161 3389 1189 3487 de vers. J'ai posé la main sur le bouton de la serrure,
153 3457 1200 3532 mais je n’ai osé ouvrir; à plusieurs reprises, j’a
155 3502 1193 3586 passé devant ce brillant magasin où les production
157 3560 1195 3635 nouvelles étalaient leurs titres séduisants et leurs
153 3602 1192 3694 fraîches couvertures, mais longtemps le courage m’a
153 3661 1195 3766 manqué. Enfin, prenant sur moi-même, et par un
1305 305 2359 398 violent effort de volonté, j'ai ouvert la porte et je suis
1305 354 2352 459 entrée. « Que désire madame? » m’a dit un commis
1308 408 2356 512 dont le regard assuré m'a fait baisser les yeux. « Je
1305 466 2358 554 voudrais parler à monsieur E... — Impossible! il dé¬
1316 512 2352 600 jeune en ce moment. — Pourrai-je revenir dans une
1309 576 2197 648 demi-heure? — Si vous le voulez, madame.»
1346 628 2352 720 Je sortis, et vraiment j'étais enchantée de ce délai,
1298 666 2356 751 de ce moment de grâce que d'autres, peut-être, au¬
1308 734 2359 807 raient trouvé bien importun. Je marchai quelque
1300 783 2359 856 temps dans la rue, et quand la vieille montre de mon
1306 834 2363 915 pauvre père m'eut avertie que la demi-heure était
1308 877 2360 962 écoulée, je retournai. « Désolé, madame! mais M. E...
1309 939 2364 1017 vient de partir pour Saint-Mandé. Il ne reviendra que
1305 988 1965 1062 vers le soir, à l’heure du dîner.»
1341 1034 2358 1104 Je respirai de nouveau, car mon pauvre cœur bat¬
1298 1085 2359 1159 tait à m’échapper, et je revins chez moi. Je relus
1302 1150 2356 1235 quelques-uns de mes vers, je corrigeai, je redressai,
1301 1192 2351 1276 j’ajoutai même une strophe à mon élégie l’Anniver¬
1305 1245 2356 1320 saire, et vers le soir, je retournai, car je voulais pour¬
1302 1305 2360 1381 suivre résolûment mon entreprise, quelles que fussent
1294 1359 2359 1434 mes craintes et les souffrances que me causait ma
1298 1407 2355 1479 timidité. Je venais d’entrer dans le magasin, un des
1302 1463 2351 1535 commis s’avançait vers moi avec une figure néga¬
1293 1492 2346 1592 tive, si je puis m'exprimer ainsi, lorsqu’un monsieur,
1294 1566 2350 1625 entré après moi, me dit poliment : « Vous me deman¬
1294 1624 2358 1702 dez, madame? — Oui, monsieur, je désirerais avoir
1297 1659 1975 1736 avec vous un instant d'entretien. »
1334 1706 2350 1793 Il me fit entrer dans un cabinet de travail, meublé
1290 1782 2352 1837 avec une élégance extrême : tableaux, bronze, objets
1293 1816 2352 1885 d’art, raretés venues des pays lointains éblouissaient
1288 1868 2350 1943 les yeux. Je m’assis et lui présentai mon manuscrit,
1297 1933 2343 2003 en le priant d’en prendre connaissance. Il y jeta les
1298 1986 2351 2060 yeux : «Des vers? dit-il, en faisant une moue un peu
1297 2040 2343 2093 dédaigneuse, des vers! nous sommes bien peu poéti¬
1300 2089 2348 2161 ques en ce moment, mademoiselle! Et, je le vois,
1294 2140 2342 2214 vous n’avez traité que des sujets de jeune fille, une
1288 2201 2347 2249 spécialité (et il feuilletait du pouce), les titres le disent
1290 2233 2347 2305 Souvenirs, le Mois de Mai, les Fleurs des Champs. De
1285 2290 2342 2371 la poésie à la crème, rien de hardi, rién de cavalier,
1289 2350 2340 2425 c’est le genre qui plaît aujourd’hui... Cependant, ma¬
1290 2400 2339 2473 demoiselle, si vous êtes décidée à courir la fortune, je
1286 2459 2340 2514 serais heureux d’être votre éditeur. Vous publieriez à
1286 2510 2338 2578 vos frais, et les bénéfices, comme de raison, vous ap¬
1294 2561 2343 2623 partiendraient...—Mais, monsieur, dis-je timidement
1282 2603 2331 2668 et en rougissant beaucoup, telle n’était pas ma pen¬
1286 2663 2338 2725 sée... J'espérais... je me figurais qu'après avoir lu ce
1294 2720 2336 2789 petit recueil, vous auriez consenti... à me l’acheter...
1285 2768 2335 2837 je n’aurais pas été exigeante... — Oh! mademoiselle,
1285 2820 2327 2891 répondit-il en réprimant à demi un sourire, les édi¬
1285 2863 2328 2934 teurs sont des marchands et non pas des clients...
1285 2919 2343 2990 Nous faisons des affaires avec les auteurs dont le nom
1285 2970 2338 3047 est connu, dont le talent est goûté du public, mais
1277 3025 2331 3076 nous ne pouvons, en bonne conscience, encourager
1285 3067 2320 3128 des débuts. Siècle d’argent, siècle de fer, mademoi¬
1280 3129 2328 3174 selle, que voulez-vous!... Je ne doute nullement du
1282 3185 2326 3230 mérite et de la grâce de vos poésies; tel auteur, tels
1286 3226 2327 3291 vers, mais il me serait impossible de publier ceci à
1277 3291 1932 3351 mes frais... Désolé, en vérité...»
1318 3325 2323 3392 En parlant ainsi, il me rendit mon manuscrit pro¬
1286 3384 2320 3448 prement roulé, et me salua. Je me levai, la gorge
1277 3436 2331 3481 serrée, et quand je fus hors du magasin, parmi cette
1280 3479 2330 3554 foule turbulente, indifférente, qui se croisait dans la
1280 3547 2328 3608 rue, je sentis profondément que j’étais seule et sans
1280 3596 2327 3652 appui, et des larmes montèrent de mon cœur à mes
1288 3641 2319 3702 yeux... Pourtant, faut-il se désespérer pour un pre¬
1281 3689 2330 3775 mier échec? Afin de me distraire de ma tristesse, j'ai
