2946 4158
1622 99 1740 188 316
526 181 1640 267 manches courtes; les croquis des numéros 31 et 32
526 261 1382 326 le montrent sous deux aspects différents.
574 301 1634 381 27 à 30, DEVANT, DOS, PIÈCE ET COL d’une chemise
538 382 1636 447 d’homme. Ce patron est parfait de coupe, et, si tu le
541 425 1634 498 suis exactement, tu pourras très-bien faire toi-même
542 484 1636 546 les chemises de ton père et de ton frère, ce qui fait
545 542 1636 603 une grande économie; tu sais combien les chemises
536 603 1307 668 les plus simples sont chères de façon.
583 648 1622 744 31 et 32, Voici deux autres fichus MARIE-ANTOINETTE,
538 731 1638 797 Le premier, le plus élégant des deux, est en tulle, point
538 779 1627 854 d'esprit, à dessin très-fin; il est orné de deux garni¬
542 833 1630 903 tures également en tulle, terminées par un double
535 900 1627 964 feston à dents rondes; au-dessus de chacune des gar¬
529 950 1629 1010 nitures, sont placés quatre rangs de petits velours
529 1005 1636 1063 zéro, soit noirs, soi de couleur assortie à la robe; mais
524 1053 1627 1129 le noir est toujours préférable; il s’harmonise avec
526 1109 1633 1173 tout. Un seul rang de garniture autour des pens; au¬
529 1164 1626 1228 dessus de cette garniture, deux rangs de velours (c’est
526 1218 1629 1283 par erreur que notre croquis n’indique pas ce détail).
535 1281 1627 1344 Un nœud de ruban, ou mieux encore de velours, se
538 1336 1626 1400 place au bas de la taille, à l’endroit où les deux bouts
519 1396 1623 1444 se croisent. Quant aux manches, elles sont composées
526 1448 1623 1519 d'un simple bouillon terminé par une garniture ma¬
526 1486 1620 1551 logue à celles du fichu (dix à douze centimètres de hau¬
526 1545 1623 1610 teur); trois nœuds de velours numéro 5 sont placés
529 1593 1623 1664 en dessous du bouillon. Ce fichu, en tulle noir, est
538 1654 1627 1710 également fort joli; les jeunes femmes qui ont des
521 1710 1623 1785 dentelles, peuvent remplacer la garniture festonnée
526 1767 1616 1826 par une dentelle d’égale hauteur. Notre second mo¬
519 1818 1613 1874 dèle, bien que de même forme, convient pour des toi¬
518 1874 1626 1933 lettes plus simples. Le fond est en mousseline avec
521 1919 1622 1994 semé de gros pois; il est orné d’une garniture de
512 1973 1610 2053 même étoffe, terminée par un feston et ayant, pour
526 2025 1623 2089 tête, un bouillonné de mousseline unie; une petite
522 2080 1613 2176 dentelle entoure le cou, et un nœud de ruban de taf¬
514 2123 1027 2216 fetas complète ce fichu.
560 2196 1620 2269 Ces sortes de fichus se portent aussi montants; notre
524 2228 1620 2326 modèle peut servir pour cette forme ; il suffit de le
519 2312 1613 2378 couper tout à fait montant, sans rien changer à la poser
519 2351 1610 2427 qu’il doit avoir sur les épaules, en faisant, au besoin,
514 2403 1176 2494 une ou deux pinces vers le cou.
556 2484 1623 2549 33,½ORBEILLE POUR RECEVOIR LES CARTES DE VISITE.
524 2528 1613 2598 Cette corbeille, qui se fait sur carcasse, est composée
514 2592 1609 2662 de chenille, de perles et de fleurs en chenillé. Les
518 2639 1605 2711 dimensions de la carcasse sont de 14 centimètres de
512 2694 1606 2769 hauteur, 28 de diamètre dans le haut, 15 dans 1e
511 2746 1609 2820 bas, et de 5 de hauteur pour le pied, qui forme des
514 2804 1600 2873 dents arrondies. Les montants en fil de fer sont re¬
517 2858 1605 2933 couverts de perles rocailles blanches et de per les ce¬
512 2914 1603 2985 rise; ces perles, enfilées en alternant les couleurs,
508 2975 1612 3034 sont enroulées autour de chaque montant, puis avec
511 3021 1596 3079 de la chenille vert d'eau (chenille de moyenne gros
514 3079 1602 3136 seur) on forme de tout petits losanges, ainsi que l’in¬
502 3136 1602 3195 dique le croquis; chaque bout de chenille doit être
502 3184 1602 3254 solidement arrêté dans le bas et dans Le haut. Les fes¬
508 3236 1602 3297 tons du haut étant doubles, l'un sera recouvert de per¬
505 3292 1598 3353 les comme les montants, et l’autre de chenille; pour
511 3349 1607 3408 le pied, il faudra procéder de même. Le fond de la
508 3403 1610 3466 corbeille se fait en carton doublé à l’envers d’une
518 3460 1596 3520 percaline verte, et à l’endroit de satin ou de moire ;
511 3510 1612 3575 la doublure légèrement bombée à l'aide d'un peu de
512 3556 1598 3635 coton; une chenille doit être collée autour de ce fond
508 3616 1610 3695 c'est sur l'entourage du haut que sont posées les fleurs
512 3664 1607 3740 en chenille avec leur feuillage; le choix de ces fleurs
508 3723 1606 3806 te regarde; ceci dépend tout à fait de tes idées et de
1723 179 2846 258 tes goûts; une guirlande de petites violettes et de
1732 241 2515 320 paquerettes ferait, je crois, fort bien.
1768 298 2834 377 34, DEVANT DE FoYER. Cet ouvrage, tout nouveau,
1720 344 2834 419 se fait au crochet ; il se compose de bandes de fleurs
1726 406 2834 478 en relief, coupées par d'autres bandes en immitation
1723 460 2841 526 d'hermine, dite asiatique. Procure-toi un crochet nu¬
1720 518 2834 593 méro 6, en acier, 400 grammes de laine blanche
1729 569 2842 638 Vénitienne 4 fils, — 100 grammes de laine noire 4
1723 625 2831 704 fils, — 100 grammes de laine vert d’eau brillantée,
1729 687 2832 755 — 30 grammes de moire aussi brillantée, et, enfin,
1785 742 2835 809 30 derniers grammes de laine de Saxe 5 fils;
1720 797 2841 864 quantité de laine suffisante pour faire ce tapis d'une
1720 851 2834 909 longueur de 1 mètre 50 centimètres sur 50 centi¬
1717 909 2834 964 mètres de large; chaque bande ayant 10 centimè¬
1715 957 2842 1020 tres de largeur. Je ne donne point ici les quantités
1715 1016 2838 1078 nécessaires pour faire les fleurs de la guirlande qui
1717 1075 2841 1130 court dans le milieu des deux bandes, car je pense
1717 1129 2838 1193 que beaucoup de nos amies achèteront ces fleurs
1719 1190 2830 1252 toutes prêtes; celles qui les feront elles-mêmes, de¬
1720 1238 2828 1300 vront utiliser les restes de laines qu’elles doivent trou¬
1715 1297 2577 1356 ver au fond de leur corbeille à tapisserie.
1765 1351 2834 1408 Cette bande fleurie se fait au crochet carré ordi¬
1715 1403 2831 1462 naire avec la laine verte brillantée, c'est-à-dire deux
1717 1459 2831 1521 mailles en l’air, une barette, deux mailles en L’ai, et
1715 1516 2831 1585 ainsi de suite, tu auras monté 29 mailles et tu dois
1708 1572 2831 1627 avoir 9 petits carrés. La bande finie recevra la
1712 1626 2839 1695 guirlande en question, composée de marguerites
1708 1674 2835 1743 bouclées roses ou de tout autres petites fleurs de
1708 1732 2835 1792 laine, en harmonie avec l'appartement dans lequel ce
1706 1798 2830 1854 tapis doit trouver sa place. La guirlande devra être
1703 1853 2825 1915 solidement cousue à la bande de crochet vert d’eau;
1706 1894 2828 1973 les nervures des feuilles et la tige de la guirlande se¬
1705 1948 2124 2015 ront en laine noire.
1749 2007 2828 2070 Pour l’imitation d’hermine, il faut faire d‘abord une
1702 2063 2831 2124 bande pareille à la précédente, puis, lorsque les trois
1701 2111 2834 2186 bandes longues et les deux des côtés seront faites, tu
1702 2175 2832 2233 couperas le restant de ta laine en morceaux de 18
1706 2231 2822 2286 centimètres chacun; tu feras de même pour la laine
1702 2279 2824 2327 noire; alors, reprenant la bande au crochet, tu com¬
1702 2334 2825 2391 menceras le travail de fourrure; pour cela, on tient
1701 2386 2822 2461 sa bande de la main droite, et de la mais gauche
1702 2441 2820 2501 deux bouts de laine blanche pliés en deux; on fait
1705 2492 2814 2559 d’abord entrer le crochet dans la première maille; en¬
1695 2554 2813 2616 suite on l’en fait ressortir, on accroche les deux bouts
1696 2609 2820 2674 de laine par le milieu, on ramène à soi le crochet que
1696 2659 2815 2722 l'on fait repasser dans la maille suivante, on rac¬
1705 2715 2818 2776 croche deux autres bouts de laine... et ainsi de suite
1708 2762 2817 2831 jusqu’à la neuvième maille ; là, la laine blanche est
1699 2831 2807 2886 remplacée par six boots de laine noire, que l’on tra¬
1705 2885 2810 2950 vaille de même, et qui forment les petites queues
1689 2934 2811 3003 noires. Ce rang terminé, tu feras les trois suivants,
1705 2986 2822 3045 complétement blancs; au quatrième, tu reprendras la
1696 3026 2818 3108 laine noire, en ayant soin de placer les petites queues
1702 3091 2814 3164 dans l’ordre indiqué par le dessin. J’espère que ce
1695 3141 2814 3226 travail est simple ! rien de plus facile à exécuter; c’est
1702 3204 2813 3280 un des plus jolis ouvrages que madame Marie Soudant
1696 3246 1981 3321 ait composés.
1740 3307 2810 3390 Les bandes se consent les unes aux autres, par un
1699 3369 2807 3442 point de surjet, seulement je dois te faire une obser¬
1703 3429 2811 3496 vation sur la largeur des bandes: bien qu’elles soient
1702 3470 2803 3542 toutes de même dimension, les bandes fleuries paraî¬
1702 3530 2799 3593 tront plus étroites, parce que la frange hermine retom¬
1698 3583 2807 3664 bera un peu dessus; je te donne cet avertissement,
1689 3652 2801 3723 afin que tu n’emploies pas de trop grosses fleurs, qui,
1699 3689 2796 3758 une fois l’ouvrage terminé, te sembleraient en dis¬
1701 3743 2533 3833 proportion avec la largeur de la bande.
