2840 4318
1257 203 1354 286 77.
183 278 1248 353 LÉON. Allons, une attaque de n 5 fs, une pamoison !
135 345 1184 434 Il est vrai que, peut-être, on ne te les permet pas!
188 407 885 480 ÉMILIE, avec emportement. Léon !..
571 505 830 591 SCÈNE II.
202 614 1197 678 LES MÊMES, LA TANTE ANGÉLIQUE, CÉCILE.
160 705 1251 762 La tante Angélique est dans un grand fauteuil, que
189 766 1258 828 deux domestiques roulent jusqu’au milieu de la
183 806 1066 897 scène ; elle a un petit rouet sur ses genoux.)
189 880 1070 959 LA TANTE. Eh bien, eh bien une querelle!
189 935 1262 1006 ÉMILIE. C’est qu’aussi, ma tante, Léon ne respecte
139 998 256 1068 rien!
183 1045 1254 1113 LÉON. Jugez-en, ma tante : l’école des Mines, mon
145 1115 1251 1180 rêve, l’école des Mines m’est fermée; je m‘en déses-
150 1163 1257 1237 père, à bon droit; et, au lieu de me relever, de me
147 1220 1254 1283 consoler, elle vient me psalmodier je ne sais quelle
142 1276 1257 1333 antienne, à propos de chiffons, et elle s’étonne qu’à
145 1330 1259 1394 son récit, un déluge de larmes ne jaillisse pas de mes
150 1384 267 1455 yeux!
196 1436 1254 1503 ÉMILIE. Du tout, monsieur, du tout ! vous présentez
142 1500 749 1555 les faits sous une couleur!...
190 1551 1257 1615 LA TANTE. Bon! bon! Emilie, écoute-moi; ton frère
146 1601 1251 1668 souffre; la première déception sérieuse est cruelle;
147 1658 1248 1711 nous devons à ce pauvre garçon d’autant plus d‘in-
156 1714 1245 1779 dulgence et de tendresse! quant à toi, Léon, tu ou¬
153 1764 1257 1835 blies toujours qu’Émilie n’a que quinze ans, et tu
147 1825 1109 1895 exiges d’elle une raison au-dessus de son âge!
192 1882 865 1935 ÉMILIE, blessée. Mais, ma tante!...
192 1935 1248 1995 La TANTE. Embrassez-vous ; faites ce plaisir à votre
156 1986 1254 2053 pauvre vieille tante, qui, ne pouvant plus courir à la
153 2050 1251 2099 recherche des beaux horizon et des ciels pars, ne
156 2106 1252 2153 s’en console qu’on voyant autour d’elle, des visages
152 2154 1152 2217 riants et heureux! (Emilie et Léon s’embrassent.)
210 2202 1254 2270 CÉCILE. Ah! ma sœur, les belles garnitures que tu
153 2259 1163 2312 as à ta robe! Mademoiselle va joliment gronder!
196 2314 991 2377 EMILIE. Je serais curieuse de voir cela!
195 2359 1209 2439 CÉCILE. Elle va, peut-être, t’obliger à les enlever.
192 2419 1248 2515 ÉMILIE. Ce serait fort! mais j’en veux avoir le cœur
153 2471 626 2534 net. Elle est au salon?
197 2527 688 2602 CÉCILE. Je crois que oui.
202 2570 1090 2679 ÉMILIE. A merveille! (Elle sort rapidement.)
563 2715 841 2794 SCÈNE III.
395 2827 1005 2919 LES MÉMES, excepté ÉMILIE.
156 2950 1252 3032 (Cécile est assise aux pieds de la tante Angélique et
202 3014 1187 3075 brode; Léon est appuyé au fauteuil de l’infirme.)
196 3112 1251 3175 LÉON. Avouez, ma tante, que cet amour de la toi¬
160 3166 912 3232 lette est, tout au moins, fort ridicule.
204 3216 1248 3279 LA TANTE. Il est naturel aux jeunes filles, et made¬
152 3272 1251 3358 moiselle Dumont me semble, sur ce point, un peu sé¬
168 3332 1250 3401 vère ; il faudra que, tout doucement, je le lui fasse
163 3393 1245 3456 entendre ; autrement, par la contrainte, cela devien¬
158 3453 819 3506 drait une véritable passion. Aïe!
199 3496 831 3563 LÉON. Qu’avez-vous, ma tante?
200 3558 1044 3621 CÉCILE. Votre rhumatisme du bras droit?
200 3606 1254 3678 LA TANTE. Non, c’est celui des reins ; mais n’y faites
156 3664 1254 3731 pas attention; cela passe, d’ailleurs. Ainsi, beau neveu,
156 3720 1080 3772 tu es mécontent du résultat de tes examens ?
196 3778 970 3828 LÉON. N’en ai-je pas sujet, ma tante?
196 3820 1254 3893 LA TANTE. Sans contredit, puisque l’école des Mines
1337 286 2435 386 faisait ton envie; bien qu’après tout, l’artillerie soit
1340 367 2438 443 une fort belle arme; de fortes études ne sauraient
1341 414 2435 505 manquer d’y faire faire du chemin; tu as dix-neuf
1336 485 2435 542 ans; si à vingt-cinq tu étais capitaine, ce serait très¬
1337 525 2434 607 honorable! Et pourquoi ne le serais-tu pas? Je vous
1336 567 2435 651 ferai cadeau de votre premier uniforme, mon beau
1336 621 2439 698 neveu; j’ai idée que les épaulettes d’or ne pourront
1341 678 2049 749 que rehausser votre bonne mine!
1386 734 1733 806 CÉCILE. II sourit !
1383 790 2441 852 LÉON. C’est étonnant comme un nouveau but indi¬
1341 834 2439 908 qué à une louable ambition distrait des coups portés
1336 894 1529 965 ailleurs!
1380 948 2445 1022 LA TANTE. C’est l’ordinaire. Mais, fais-moi donc le
1347 999 2445 1074 plaisir de regarder dans la grande allée si ton père
1336 1056 1654 1125 ne vient point.
1379 1111 2414 1184 LÉON, à une fenêtre. Je ne l’aperçois pas, ma tante.
1386 1175 2438 1236 LA TANTE. Cela est étrange; il me semble bien en
1339 1222 1498 1290 retard!
1377 1277 2189 1332 LEON. Seriez-vous inquiète à son sujet?
1383 1330 2438 1394 LA TANTE. On fait aujourd’hui l’expérience de ma-
1339 1387 2432 1454 chines dont il est l’inventeur; sa fortune et sa re¬
1341 1439 1803 1500 nommée sont en jeu !
1377 1490 2199 1555 LÉON. C’est juste; et moi qui l’oubliais!
1377 1547 2446 1605 LA TANTE, appuyant. Préoccupé que tu étais de ta
1344 1604 2451 1671 propre déconvenue; cependant, espérons que tout
1339 1661 1952 1731 aura marché pour le mieux.
1751 1758 2036 1879 SCÈNE IV.
1667 1868 2117 1988 LES MÊMES, ISIDORE.
1382 1974 2435 2081 ISIDORE, il s’essuie le front. Mille pardons, mam'zelle
1336 2077 2434 2136 et la compagnie, mais je n’y tiens plus; mon métier
1344 2127 2446 2193 est un métier de galère, je suis las d’être exposé aux
1339 2188 2438 2248 intempérisies des saisons; subir, tour à tour, les rayons
1336 2235 2441 2307 d’un soleil ardent, les averses, la bise; se lever
1336 2289 2441 2360 avant le jour; bêcher, émonder, arroser, pour douze
1336 2331 2439 2405 cents malheureux francs par an, avec les misérables
1343 2391 2435 2464 profits des fruits qui tombent; j’en ai assez! et, ma
1334 2442 2439 2534 foi! je viens vous dire, sauf respect, que vous ayez à
1341 2510 1935 2580 voir pour un autre jardinier.
1382 2537 2435 2627 LA TANTE. Encore une de tes boutades, Isidore; si je
1341 2616 2437 2692 te prenais au mot, je crois, que, de nous deux, tu
1336 2663 1779 2737 serais le plus attrapé.
1384 2679 2435 2784 isidore. Non, mam'zelle, cette fois, c’est définitif; je
1336 2761 2437 2837 ne reviendrai pas sur ma détermination; c’est tout
1334 2816 2043 2900 comme si le notaire y avait passé.
1380 2869 2437 2951 La TANTE. Il faut, du moins, que tu me donnes huit
1350 2934 1468 3011 jours.
1383 2959 2431 3055 isipore. C’est parce que je ne peux pas faire autre-
1336 3044 2430 3104 ment, allez, mam’zelle! J’ai le jardinage en abomina¬
1339 3091 2084 3184 tion, quoi! C’est une grippe! c’ est...
1758 3214 2013 3292 SCÈNE V.
1622 3310 2136 3397 LES MÊMES, JOSÉPHINE.
1377 3414 2427 3493 JOSÉPHINE. Mademoiselle, je suis votre servante;
1336 3472 2427 3560 M. Léon, je vous présente mes respects; bonjour, ma¬
1339 3546 2431 3613 demoiselle Cécile. Mademoiselle, je viens vous prier
1336 3583 2430 3665 de régler mon compte et de me chercher une rempla-
1344 3657 1475 3727 çante.
1384 3699 1756 3767 LA TANTE. Ah bah!
1383 3749 2032 3820 LÉON. C’est donc une épidémie!
1383 3807 2437 3873 JOSEPHINE. On peut se tromper dans le choix d’un état,
