2897 4318
1231 171 1375 263 139 —
159 234 1256 336 gre présent de ses eaux. A l’extrémité de la prairie
159 320 1256 384 commence un petit bois épais, impénétrable. De
159 374 1249 435 toutes parts l’horizon est fermé par du granit. En ce
166 422 1251 501 pays sauvage on eût en vain cherché, même il y a
159 483 1238 551 deux cents ans, quelque site plus rude, plus de soli¬
158 542 555 612 tude et d’austérité.
207 590 1245 662 Et cependant cet endroit, qu’on nomme Kernevel,
160 646 1245 713 était le seul, sur les bords de la rivière, tout près du¬
171 697 1253 768 quel on pouvait alors rencontrer une maison, ou
166 750 1248 831 quelque chose d’approchant, et des hommes. La gorge
159 808 1255 872 qui laissait échapper le ruisseau servait, en même
166 869 1251 920 temps, de sentier pour arriver, sans gravir le roc et
166 917 1255 972 sans braver les ajoncs, à l’autre côté des collines, dont
162 961 1248 1027 les pentes opposées étaient, au reste, plus douces. Là,
162 1034 1251 1082 au bord du ruisseau, au sortir de la gorge, derrière
166 1068 1251 1140 un épais rideau de hêtres, en avant d’une châtaigne¬
166 1140 1241 1188 raie, on apercevait un amas de constructions vérita-
166 1178 1255 1252 blement primitives, devant lesquelles l’archéologue
166 1237 1245 1300 le plus inventif et le plus opiniâtre aurait perdu
171 1288 1253 1367 toute son audace et tout son latin; c’était un rustique
174 1347 1251 1412 pâté de masures, construites avec de l’argile et de la
177 1400 1251 1467 paille hachée; au milieu, une ferme, sans doute, une
171 1449 1251 1511 maison en vraie pierre (ô luxe coupable!), et quelques
174 1510 1251 1571 bâtiments d’exploitation sans le moindre vestige de
165 1548 1241 1621 terres cultivées à l’entour. Puis un vaste mur d’en¬
169 1613 1248 1674 ceinte en pisé, mais autrefois épais d’une toise,
166 1669 1255 1724 écroulé d’ailleurs en maint endroit et ne se soutenant
171 1713 1253 1776 en tous les autres que par la protection manifeste du
174 1768 1251 1824 dieu de l’équilibre. Enfin, à l‘un des angles de ces
166 1829 1251 1879 fortifications bizarres et ultra-pacifiques, comme pour
166 1881 1251 1932 les flanquer dignement, une fuie gigantesque avec
174 1927 1253 1986 ses créneaux imitatifs, avec ses écussons armoriés et
177 1980 1253 2046 tous ses nobles insignes, une fuie seigneuriale, et du
171 2040 1248 2103 reste, parfaitement peuplée. Evidemment ce n’était
181 2088 1253 2151 pas là un nid de roture; mais que cela ressemblait
177 2142 1253 2205 à un pauvre nid! L’honnête et nécessiteuse demeure
181 2198 1245 2254 de ce bon roi d’Yvetot, qui aima si fort ses sujets et
181 2252 1253 2313 qui n’eut jamais d’autres ministres que son âne, devait
177 2302 1009 2367 porter aussi toutes ces féodales enseignes.
222 2341 1253 2418 Le personnage qui sortait en ce moment des
169 2411 1248 2460 ruines de Kernevel rappelait exactement le roi dé¬
171 2461 1256 2541 bonnaire. Il marchait, il trottinait plutôt, trébuchant
174 2520 1242 2571 à chaque pas contre une pierre, et, sans cesse me¬
177 2572 1245 2626 nacé par la chute de quelque pan de mur, il mau¬
177 2622 1253 2689 gréait; il s’efforçait de faire comprendre à ses petites
166 2674 1251 2747 jambes qu’il était urgent d’aller vite. C’était une
169 2734 1245 2786 grasse encolure que la sienne! Possesseur, au reste, de
169 2782 1248 2840 la plus honnête mine du monde, il s’étudiait en vain
166 2830 1245 2899 à la rendre fière. Sous son costume vraiment origi¬
174 2885 1242 2947 nal, une noble arlequinade dont les deux règnes pré¬
170 2945 1251 3002 cédents et le règne actuel avaient également fourni
171 2992 1241 3048 les modèles, avec sa fraise Henri IV, son long cha¬
177 3052 1238 3106 peau Louis XIII, et le juste-au-corps du temps, avec
176 3100 1241 3163 son grand manteau jadis écarlate, et sa formidable
169 3154 1235 3231 rapière dont la pointe battait les cailloux, il faisait
176 3196 1238 3279 grand’peur aux oiseaux et remplissait tout le chemin.
171 3254 1235 3329 Gentilhomme de cape et d’épéel si la cape était ample,
165 3307 1242 3379 le gentilhomme était large; si l’épée étail vieille, le
177 3371 1241 3428 personnage avait cessé d’être jeune, et c’était pourtant
165 3423 1235 3482 plaisir que de le voir porter si aisément le poids im¬
158 3479 1238 3541 mense de sa vie. Lorsqu’il eut dépassé l’endroit le
167 3517 1240 3583 plus caillouleux du chemin, il s’arrêta pour reprendre
158 3575 1238 3650 haleine, et n’étant plus forcé de veiller à la sûreté de
155 3615 1241 3697 sa courte personne, il se mit à penser, tout comme
160 3680 1238 3752 un homme ordinaire. Son bon visage s’illumina d’un
162 3727 1245 3826 sourire intime qui peu à peu se fit jour jusque sur ses
1330 236 2423 328 lèvres. Et alors il reprit sa marche, battant la terre
1333 317 2311 385 d’un pied presque alerte et se frottant les mains.
1377 367 2422 450 « Non, disait-il, cela n’est point indifférent d’être le
1329 425 2418 505 cousin du roi... par les femmes, il est vrai.. Hé... les
1330 474 2413 548 femmes nous ont donné la grande duchesse Anne...
1333 543 2420 601 et la Vierge Marie... Il faut bien que les nobles gens
1330 577 2090 643 aient des mères... par conséquent. »
1384 638 2415 713 Il recommença alors à compter sur ses doigts sans
1330 705 2420 754 mot dire et tout en marchant. Il s’y reprit même à
1336 740 2424 804 deux fois, car le sire de Kernevel n’était point un
1330 798 2423 857 Barême. A la dernière il ne passa que le pouce et
1322 854 1525 913 l’index...
1381 902 2422 960 «Vingt-un, s’écria-t-il enfin, au vingt -unième de¬
1331 949 2428 1027 gré. Le grand baron Alain de Kernevel était cousin à ce
1336 1017 2415 1070 degré-là de la reine Claude... la parenté est rompue
1330 1067 2420 1127 mais il reste l’alliance, et nous avons une fleur de lis
1338 1123 2424 1188 dans nos armes... oui... ouì, si ma nièce voulait
1330 1171 2423 1237 me croire.... Oh! ces fillettes! tête légère, bon
1330 1223 2423 1296 cœur, du reste... Nous dégénérons!... Des titres, mon
1337 1283 2427 1348 bon oncle, nous en avons bien assez, et il contrefaisait
1333 1334 2423 1399 la voix d’une jeune fille. C’est de l’argent pour nos
1336 1395 2420 1463 pauvres, que nous n’avons pas. Je le crois bien que
1336 1440 2427 1497 nous en manquons! Et que fait cela? cousin d’un
1333 1511 2418 1571 grand roi! malepeste! avons-nous besoin d’être ri¬
1330 1551 1543 1613 ches?... »
1378 1589 2428 1674 Un vilain railway de corbeau qui passait lourde¬
1330 1656 2430 1724 ment au-dessus de la tête du gentilhomme poussa un
1338 1710 2423 1770 cri perçant. Le chevalier de Kernevel, vivement of-
1333 1768 2423 1829 fensé, porta la main à sa rapière, puis, la réflexion
1336 1820 2427 1884 lui revenant, il se mit à rire. Il s’engageait en ce mo¬
1330 1869 2427 1933 ment dans la petite gorge, un sombre chemin bien
1333 1927 2423 1992 fait pour épouvanter une conscience moins assurée
1336 1981 2412 2042 que la sienne. Mais son rire en faux bourdon réson¬
1336 2034 2412 2103 nait si allégrement sous le rocher que le bruit de la
1330 2101 2416 2154 cascade ne réussissait point à le couvrir. Cette fois,
1330 2136 2420 2194 sérieusement essoufflé d’avoir ri, il s’assit avec de
1333 2190 2423 2263 grands efforts sur la berge verte, et passa quelques mi¬
1330 2242 2420 2317 nutes à chercher cette haleine rebelle qui lui échap¬
1338 2317 2420 2368 pait si souvent. Ses regards se portèrent sur la Letha :
1330 2368 2419 2415 ce fut au tour de sa gaieté de s’envoler à tire d’ailes.
1381 2407 2423 2474 « Oh! oh! murmura-t-il en contemplant les rives
1330 2460 2420 2522 tourmentées du torrent, tout cela est bien aux Kerne¬
1336 2520 2419 2572 vel par la grâce de Dieu. Fonds de roche, hélas! plutôt
1333 2566 2418 2629 que fonds de terre!... Bah! reprit-il avec une nuance
1336 2619 2418 2679 de philosophie, la main de Dieu un jour y apportera
1326 2666 2412 2732 de l’engrais, car les Kernevel sont de vrais chrétiens.
1333 2725 2412 2788 Mais Marguerite, ma belle nièce, la fille de mon frère
1326 2769 2418 2843 le baron, n’a qu’un manteau de serge. Au moins si
1323 2829 1880 2904 nous avions du droguet... »
1366 2867 2413 2955 Il s’arrêta brusquement, il écouta. C’était bien le
1333 2933 2412 3015 pas d’un cheval qui résonnait sur le sommet de la
1326 2989 2401 3054 colline; des cris déchirants en partaient. Le sire de
1321 3051 2404 3110 Kernevel leva la tête, et l'objet le plus lamentable du
1321 3089 2400 3154 monde frappa tout à coup ses yeux. Au beau milieu
1326 3144 2397 3213 des ajoncs et des houx, parmi les rochers, ruant à
1318 3205 2396 3264 désarçonner un dragon du roi, hennissant au risque
1323 3248 2400 3321 de passer pour braire, trottait un quadrupède du
1322 3307 2393 3387 pays, ni âne ni cheval, caparaçonne pourtant et sellé,
1316 3358 2398 3438 si ce n’est qu’il avait réussi à se mettre la selle sous
1318 3423 2402 3494 le ventre. Et sur cette bête il y avait un homme, une
1326 3472 2397 3535 ombre noire plutôt, qui ne semblait avoir été perché
1316 3506 2397 3600 si haut que par un cruel jeu de la nécessité et qui ne
1321 3584 2397 3635 s’y maintenait que par miracle. Le pauvre homme
1326 3623 2401 3706 criait de toute la force de ses poumons; il se signait et
1321 3669 2407 3742 criait aussitôt plus fort. La bête courait tout droit au
1321 3739 2396 3808 versant de la colline, elle était prise d’une idée, comme
