2897 4318
1286 296 1404 380 241
243 384 1301 448 poche et en faire courir les grains entre ses doigts
240 428 376 492 effilés.
280 498 1294 550 » Un quart d’heure plus tard ma mère rentra, elle
231 530 1298 602 était pâle et paraissait très-émue. La jeune dame lui
229 594 1297 663 demanda la cause de son agitation; ma mère lui dit
229 642 1296 711 quelques mots à l’oreille, ce fut alors au tour de l‘é¬
236 701 879 767 trangère à se troubler et à pâlir.
272 755 354 807 "
378 750 1292 805 Mon Dieu, mon Dieu ayez pitié de nous ! s’é¬
235 813 1304 880 cria-t-elle tout haut, en levant au ciel ses yeux pleins
235 852 452 916 de larmes.
272 913 1290 983 » Ma mère lui prit la main comme pour la rassu¬
224 962 1290 1025 rer ou lui faire des offres de services, puis elles cau¬
228 1022 1298 1092 sèrent quelque temps ensemble, mais si bas que je
224 1078 1290 1141 ne pus rien entendre. Tout à coup ce cri formidable :
233 1133 1292 1191 « Aux armes! aux armes ! » retentit dans la rue; un
220 1178 1293 1258 homme muni d’une épée et portant des pistolets à sa
227 1227 1285 1305 ceinture pénétra précipitamment dans la chambre,
224 1290 1286 1357 serra la dame sur son cœur, baisa l’enfant endormi,
223 1336 1290 1432 et, après quelques mots échangés à voix basse, sortit
223 1387 459 1457 en courant.
268 1426 1259 1546 » — Pour l'amour du ciel, qu'arrive-t-il encore?
216 1486 456 1571 m'écriai-je.
259 1572 1285 1648 » La jeune femme tout en larmes prit son enfant
216 1589 1284 1689 dans ses bras et se retira dans son appartement;
213 1675 1274 1734 quant à ma mère, elle accourut vers moi avec sa sol¬
213 1719 1280 1791 licitude accoutumée, et s’asseyant à côté de mon lit:
253 1791 1269 1850 » — On vient d’apercevoir sur les hauteurs de Pont-
209 1821 1272 1899 lieu, me dit-elle, une armée républicaine qui s’a¬
213 1882 1266 1958 vance vers le Mans, les brigands courent aux armes
208 1929 1278 2016 Dieu seul sait quels nouveaux malheurs nous mena¬
207 1989 1273 2060 cent ! Quant à toi, mon enfant, se hata-t-elle d’ajou¬
208 2040 1273 2115 ter, la seule chose que tu aies à faire, c’est de te
212 2092 1273 2165 tenir tranquille; ta blessure reçue dans les rangs des
209 2137 1276 2210 patriotes doit nous mettre à l’abri de leur fureur, et
208 2198 1274 2267 pour ce qui est des brigands, nous n’avons rien à
208 2256 1267 2334 craindre d’eux. D’ailleurs, j’use de prudence, j'ai
201 2298 1262 2383 toujours deux drapeaux tout prêts dans cette armoire,
208 2340 1269 2434 l’un blanc, l’autre tricolore, pour les arborer suivant
204 2399 420 2472 l’occasion.
241 2471 1259 2550 » Cette manière d’agir, qui vous répugnerait peut-
200 2522 1262 2602 être, était cependant pardonnable en un pareil temps,
207 2578 1014 2646 et tous les Manceaux faisaient de même.
236 2649 1262 2711 » Bientôt le bruit de la fusillade arriva jusqu’à
196 2691 1259 2743 nous; alors je n’y pus plus tenir, et, malgré ma bles¬
200 2737 1261 2805 sure, malgré les larmes et les prières de ma mère, je
194 2795 1269 2861 m’habillai et je sortis pour apprendre des nouvelles
205 2849 1151 2928 et savoir au moins ce qui se passait au dehors.
236 2901 1257 2974 » Le plus grand tumulte régnait dans la ville : des
199 2947 1254 3025 femmes, des enfants, des vieillards désolés se croi¬
194 2992 1255 3090 saient dans tous les sens; les rues étaient pleines
208 3054 1249 3140 d’hommes en sabots, qui, le fusil d’une main et le cha¬
207 3097 1247 3187 pelet de l’autre, se rendaient au combat; quelques-uns
200 3160 1242 3234 aussi demeuraient ivres-morts sur le seuil des mai¬
194 3219 1241 3298 sons, et c’était en vain que leurs officiers les se¬
200 3258 1247 3345 couaient pour les réveiller. Je me traînan comme je
200 3318 1245 3393 pus chez un de mes camarades qui demeurait au delà
197 3368 1246 3448 de Pont-Lieu; je montai dans le grenier, et, grâce à
194 3407 1241 3510 la longue vue qu’il me prêta, je pus, d’une étroite
188 3468 1237 3549 lucarne, distinguer tout ce qui se passa dans la cam¬
194 3523 1241 3608 pagne, et je me le rappelle comme si c’était d’hier.
227 3576 1243 3659 « Il n’y eut d’abord que de simples escarmouches
185 3620 1239 3711 d'avant-garde, mais vers une heure de l'après-midi,
192 3676 1242 3762 le combat s'engagea très-sérieusement de part et
182 3729 1242 3817 d'autre, les brigands se précipitèrent avec leur ardeur
186 3789 1250 3863 accoutumée contre l'armée de Westermann et la mirent
373 3843 1018 3912 VINGT-CINQUÈMEANNÉE. — N° VIII.
1383 394 2454 496 en dé Maute ; alors les paysans jetèrent leurs sabots et
1383 445 2440 534 coururent pieds nus à la poursuite des fuyards, lais¬
1379 503 2449 597 sant imprudemment après eux toutes leurs pièces
1387 549 1620 613 d’artillerie.
1424 596 2440 705 » En voyant les Mayençais s’enfuir, et les royalistes
1386 659 2448 748 crier victoire, je crus que c'en était fait de l'armée
1387 718 2441 813 républicaine, dont j’ignorais le nombre et les disposi¬
1386 771 2452 860 tions; je fus donc fort étonné de voir quelque temps
1380 837 2450 903 après les Vendéens se sauver en désordre vers la ville
1388 866 2448 959 plus vite encore qu’ils ne l’avaient quittée, car je
1379 931 2457 1009 n'appris que plus tard la cause de leur défaite. Tandis
1376 968 2449 1062 qu’ils poursuivaient témérairement hors de la portée
1376 1025 2448 1117 de leurs canons l’avant-garde de Westermann, ils
1371 1085 2433 1164 avaient rencontré à Arnage une nouvelle colonne ré¬
1379 1125 2438 1231 publicaine qui, les trouvant éparpillés sur le chemin,
1376 1198 2442 1280 était tombée sur eux à l'improviste, et les plus avan¬
1376 1253 2436 1335 cés ayant battu en retraite, effrayèrent ainsi tous les
1367 1308 2437 1377 autres et déterminèrent la déroute. En vain leurs of¬
1371 1351 2436 1431 ficiers et le brave Henri de La Rochejaquelein, leur
1372 1407 2440 1483 commandant en chef, firent-ils tous leurs efforts pour
1364 1447 2437 1548 ramener ces pauvres gens au combat, ordres, prières,
1371 1513 2437 1592 menaces, tout fut inutile ; quelques-uns d’entre eux
1371 1560 2442 1643 essayèrent bien de défendre le pont de Pont-Lieu, mais
1364 1600 2429 1701 la betterie qu’y s’ij trouvait placée n’arrêta pas long¬
1367 1659 2442 1741 temps les Mayençais, et ce ne fut qu’à l’entrée de la
1367 1711 2442 1795 ville que, ralliés enfin par leurs chefs, ils parvinrent
1364 1762 2440 1851 à faire reculer les républicains et se battirent avec
1363 1828 2284 1891 acharnement jusqu’à une heure fort avancée.
1400 1878 2430 1960 » Je ne vous raconterai point, madame, les inexpri¬
1359 1931 2428 2013 mables angoisses de cette horrible nuit, les cris de
1359 1974 2426 2062 rage et de désespoir, le sang ruisselant de toutes
1364 2031 2420 2107 parts, les plaintes des blessés, la frayeur des habi¬
1359 2090 2424 2167 tants, augmentée sans cesse par le bruit Iugubre du
1353 2141 2421 2224 canon, qui continua à retentir par intervalles, même
1356 2205 2425 2271 quand l’obscurité profonde et l‛excès de la fatigue
1353 2247 2422 2326 eurent forcé les combattants de suspendre l’action.
1360 2294 2424 2377 Les troupes de Westermann, parvenues vers les sept
1352 2343 2424 2428 heures du matin sur la place des Halles à travers des
1347 2406 2421 2476 rues encombrées de cadavres, achevèrent de chasser
1347 2446 2414 2519 les Vendéens, dont l’héroïque chef, Henri de La Ro¬
1351 2507 2420 2589 chejaquelein, put encore protéger la retraite au
1340 2555 2421 2636 moyen d'une betterie de quatorze canons qu'il fit
1347 2622 2059 2678 placer dans les bois de Panneterre.
1383 2662 2412 2737 » La douleur que me causait ma blessure, fortement
1345 2719 2406 2788 augmentée par la marche, m’avait contraint à passer
1341 2759 2408 2849 la nuit dans ce même grenier que j’avais pris pour
1347 2829 2408 2890 observatoire; je fus obligé, pour regagner ma de¬
1341 2874 2401 2953 meure, de traverser, exposé aux plus grands péril
1337 2937 2409 2996 cette ville inondée de sang et livrée au pillage, et
1337 2972 2397 3059 j’arrivai chez moi la tête perdue, pâle, les yeux ha¬
1340 3034 2399 3093 gards, saisi d’horreur et d‘effroi. Ma mère, en proie
1340 3082 2394 3153 depuis la veille à d’inexprimables terreurs, guettait
1335 3140 2387 3207 mon retour à travers la fente d’un volet à demi fermé,
1336 3184 2402 3253 elle vint m'ouvrir elle-même, je me jetai dans ses
1336 3247 2385 3302 bras et je pleuran comme un enfant; ces larmes me
1329 3298 2383 3360 sauvèrent, je crois; j’aurais étouffé, si je n’étais par¬
1340 3353 2387 3420 venu à les répandre. Ma mère me serra sur son cœur,
1336 3392 2385 3456 ferma la porte à double tour et au verrou, et me con¬
1332 3447 2385 3510 duisit dans ma chambre. Je lui demandai pardon des
1328 3495 2397 3566 inquiétudes que je lui avais causées, je reprenais peu
1326 3553 2386 3620 à peu mes esprits, et je lui adressais des questions.
1328 3608 2386 3676 Le ciel nous avait protégé dans cet épouvantable dés¬
1325 3659 2389 3719 astre, rien n'avait été pillé chez nous, l'extérieur mo¬
1332 3703 2385 3773 deste de notre maison l’avait préservée de la cupidité
1336 3760 1643 3817 des vainqueurs.
1373 3802 2378 3892 » Plusieurs instants s'écoulèrent avant que je pen¬
