2822 3966
565 157 1615 219 elle les livre à la publicité dans l’espoir de faire un
568 213 838 290 peu de bien.
608 246 1615 315 Madame Thierry pourrait prendre, pour épigraphe
560 301 1617 356 de son système d’éducation, ces mots de saint Augus¬
560 360 1617 418 tin : Aimez, et faites ce que vous voudrez! Sa mé¬
568 410 1615 468 thode, c’est l’amour, le saint amour de la mère pour
560 466 1619 525 son enfant, l’amour dévoué de toutes les heures, qui
560 517 1609 569 ne cède jamais l’enfant à des mains mercenaires :
553 565 1617 629 l’amour vigilant qui observe, qui devine les défauts à
565 622 1615 685 leur première apparition et les corrige à force de
560 677 1609 739 calme et de persévérance; l’amour patient qui ne se
565 732 1617 795 lasse jamais ni des soins matériels, ni des détails de
553 783 1616 849 l’instruction; l’amour intelligent qui mesure la tâche
561 833 1619 895 à la portée d’esprit de l’enfant; l‘amour d‘abnégation
557 896 1611 947 qui sacrifie tout à l’enfant, qui le considère comme le
564 942 1612 1000 premier devoir et le premier plaisir de la vie. C’est
553 988 1605 1051 ainsi que madame Thierry envisage la tâche de l’é¬
560 1047 1603 1107 ducation ; elle croit avec raison qu’un complet dévoue-
557 1096 1609 1153 ment engendre une grande puissance, et que lors¬
564 1149 1605 1210 qu’on s’est donné tout entier à un être, on acquiert
552 1194 1523 1266 un véritable pouvoir pour le diriger vers le bien.
605 1252 1604 1307 A des considérations élevées sur l’enfance, l‘impor-
553 1303 1612 1366 tance de l’éducation et le zèle persévérant que l‘on
560 1362 1609 1420 doit apporter à cette noble tâche, madame Thierry
557 1414 1605 1464 ajoute des conseils pratiques, parmi lesquels nous en
560 1460 1601 1523 choisirons quelques-uns pour les offrir à nos lectrices.
552 1504 1603 1565 Beaucoup d’entre elles nous ont demandé des avis sur
553 1565 1597 1621 les livres que l’on peut mettre aux mains des en¬
563 1621 1600 1674 fants. Voici ce que madame Thierry nous dit à ce
552 1665 690 1734 sujet:
596 1708 1600 1776 «Pour favoriser autant que possible, chez les en¬
551 1773 1597 1842 fants, le goût de la lecture, d’où dépend, en éduca¬
549 1814 1597 1886 tion, le succès le plus infaillible, il faut qu’ils aient
553 1866 1605 1943 dès leur bas âge, une bibliothèque à eux, les laissant
557 1923 1591 1987 libres de prendre comme de quitter un livre à vo-
552 1976 1600 2044 lonté, et de glaner à leur choix dans ce champ fécond.
553 2030 1600 2095 Donnez-leur de suite l’Education familière, de miss
548 2077 1600 2135 Edgeworth, traduite par madame Louise Belloc; toute
549 2121 1597 2201 la Bibliothèque d’éducation, composée de plusieurs
557 2192 1600 2256 séries, et portant en tête les noms suivants : MM. de
552 2240 1593 2308 Châteaubriand, Ch. Nodier, P. de Ségur, Campenon,
549 2286 1591 2357 Lemercier, de Pongerville, Soumet, et beaucoup d’au¬
551 2343 1595 2394 tres après lesquels on ne peut rien citer de mieux.
540 2381 1593 2457 J’insiste sur les noms, parce qu’il existe une multi¬
551 2442 1601 2502 tude de livres que, depuis une douzaine d’années, on
548 2502 1604 2555 a gratifiés du titre de Bibliothèque d’éducation, et
548 2546 1302 2601 qui n’ont pas de rapport avec ceux-ci.
592 2583 1600 2671 » Joignez aux ouvrages cités plus haut tous ceux de
541 2645 1600 2719 madame Foa, si goûtés et si dignes de l’être, ceux de
545 2693 1599 2769 Berquin, le vieil ami de nos enfants; les délicieuses
547 2748 1599 2824 compositions de mesdames Tastu, Voïart, Valmore,
547 2798 1600 2874 Nanine Souvestre, Alida de Savignac, et d’autres
541 2858 1599 2925 encore que toutes les mères devraient connaître.
540 2893 1599 2974 Mademoiselle Ulliac Trémadeure, dont la lecture
540 2966 1600 3027 viendra plus tard, est également un auteur hors
536 3014 1591 3099 ligne, pour qui un simple éloge serait insuffisant :
545 3062 974 3129 c’est un noble talent!
577 3124 1601 3196 » Dans le catalogue des enfants figurera un choix
547 3147 1600 3240 des naïfs ouvrages de Schmid. Pour un âge plus
549 3227 1601 3309 avancé, il en est de remarquables et d’infiniment
547 3258 1261 3354 jolis, entre autres les Deux Miroirs.
588 3324 1600 3397 » Le goût particulier des enfants pour tel ou tel
549 3377 1593 3462 genre doit être pris en considération. A ceux qui pré¬
537 3406 1603 3509 fèrent le récit des voyages et des naufrages, on donne
544 3473 1605 3571 tous les marins, les Robinsons, sans pour cela exclure
545 3507 1600 3640 les autres ouvrages. Une condition générale de suc¬
1709 161 2749 249 cès, ce sont les rapports, l’affinité des devoirs et des
1708 221 2745 302 plaisirs avec les personnages mis en scène.... Cela
1706 275 2750 347 explique pourquoi les livres élémentaires ne peuvent
1700 318 2746 402 convenir à tous les rangs, malgré l’unité auguste de
1701 370 2736 448 la morale.... un enfant veut trouver d’abord des le-
1708 420 2734 511 çons, des exemples qu’il puisse s’appliquer à lui-
1701 468 1911 537 même......
1749 529 2746 605 » Dès que l’élève sait lire, la route est tracée : des
1701 581 2734 653 plaisirs seront ses maîtres. Il trouve les uns et les au¬
1701 634 2495 696 tres sur les rayons de sa bibliothèque.»
1746 692 2746 753 A ces indications en succèdent d’autres, utiles et
1694 734 2752 807 judicieuses, sur les études, particulièrement l’étude
1693 794 2757 879 de l’histoire, si intéressante lorsqu’elle est présentée
1694 838 1986 910 avec habileté.
1736 892 2744 966 Les chapitres sur l’amour-propre, la véracité, la
1689 942 2738 1005 tempérance, le caractère méritent d’être lus avec at-
1701 992 2745 1073 tention. En parlant de la toilette des jeunes filles,
1697 1045 2748 1128 madame Thierry donne quelques conseils que nous
1696 1104 2288 1158 croyons utiles à nos lectrices :
1742 1149 2746 1210 « Apprenez aux jeunes filles à apprécier la simpli¬
1694 1202 2746 1282 cité de bon goût, si attrayante à tout âge. Je voudrais,
1701 1264 2748 1329 par exemple, qu’en dépit de la mode, elles ne fus¬
1688 1325 2749 1391 sent jamais décolletées, sous aucun prétexte. La mise
1689 1370 2745 1427 d’une femme devrait refléter l’harmonie intérieure
1690 1419 2741 1500 de son être : point d’éclat, de contraste, point d'affec-
1689 1472 2746 1528 tation, mais de la distinction, de la décence, de là
1690 1516 2754 1595 fraîcheur. Si vous soignez constamment la tenue des
1692 1569 2737 1631 jeunes personnes, elles n’auront ni raideur ni préoc-
1685 1639 2753 1694 cupation sous leur toilette; et, vers treize ans, laissez
1682 1682 2740 1746 les à peu près libres de choisir, dans leur trousseau,
1684 1728 2754 1798 le vêtement qu’il leur plaît de mettre. Vous obtiendrez
1690 1788 2748 1845 de la sorte l’aisance et le naturel désirables, tandis
1692 1838 2737 1905 qu’en transformant en reliques certaines robes réser-
1689 1891 2742 1951 vées, vous empesez les jeunes filles les jours où elles
1688 1934 2752 2011 les portent. Qu’on ne croie pas qu’il résulte de cette
1690 1987 2741 2067 tolérance le moindre inconvénient : les enfants élevés
1682 2055 2742 2119 suivant ma méthode ont le sentiment précoce des
1688 2105 2738 2172 convenances; ils n’abusent de rien; il s sont les pre¬
1685 2137 2744 2214 miers à vous soumettre leurs désirs, à recueillir vos
1684 2193 2744 2257 avis; leur douceur, leur soumission, vous laissent
1682 2245 2748 2320 un arbitrage entier; seulement, vous déclinez vos
1681 2302 2746 2361 pouvoirs quand vous les jugez inutiles, en réservant
1688 2359 2746 2435 vos droits d’amie..... Engagez votre fille à appliquer
1685 2401 2744 2466 à des œuvres de charité les économies prélevées sur
1688 2447 2741 2526 des objets d’agrément susceptibles d‘être suppléés par
1682 2508 2742 2578 d’autres aussi jolis et moins coûteux, en laissant à vos
1684 2567 2734 2639 élèves le mérite du choix et le plaisir de la bienfai-
1682 2620 2734 2688 sance. Formulez avec sentiment, par des paroles ana-
1682 2652 2746 2729 logues à celles-ci, tout reproche relatif aux articles
1684 2719 2753 2784 de toilette : — Regarde, chère enfant, cette robe
1678 2782 2746 2846 neuve déchirée par ta faute : avec l’argent nécessaire
1682 2830 2745 2893 pour la remplacer, nous aurions eu le bonheur de
1685 2882 2737 2943 secourir un pauvre de plus! un malade aurait pu être
1684 2935 2748 2996 soulagé.... un enfant vêtu pour tout l’hiver.... quel
1685 2974 1932 3034 regret!.... »
1734 3032 2745 3108 Voici, au sujet du choix de la musique vocale,
1684 3079 2742 3151 quelques pensées d’une délicatesse féminine, que nous
1680 3132 2169 3208 avons lues avec plaisir :
1729 3199 2741 3270 « Il est triste de voir les femmes les plus sensées
1682 3251 2746 3302 laisser le répertoire de la musique vocale à l’entière
1684 3301 2748 3374 discrétion du professeur, lequel, si honnête qu’il soit,
1685 3357 2742 3413 ne se croyant pas prédestiné à la réformation du
1681 3409 2734 3465 genre humain, n’est rigoriste absolu que sur trois ar-
1689 3461 2734 3519 ticles : la beauté de l’harmonie d’abord; puis l‘expres-
1692 3509 2734 3570 sion et la justesse de l’exécution; les paroles l‘occu¬
1692 3563 2748 3660 pent peu ou point. C’est qu’en effet, là s’arrêtent les
