2939 4158
1596 58 1734 138 340
1032 135 1441 226 Loches. Octobre 18...
533 234 1602 318 Ma bonne sœur m'a écouté avec beaucoup de sym¬
500 312 1599 384 pathie; elle aime mes vers, elle les sait par cœur,
502 378 1599 435 elle les lit avec trop de goût, d’admiration peut-être,
497 423 1599 494 et facilement elle me ferait illusion sur moi-même et
495 466 1599 563 sur l'avenir qui peut m’être promis; mais au moment
505 533 1593 597 où, assise auprès de moi, elle venait de me répéter :
505 580 1595 651 « Tu seras célèbre un jour, oh ! ma bonne Julie, com¬
502 655 1593 707 bien je serai heureuse de tes succès! » le vieux no¬
500 697 1599 765 taire, ami de nos parents, M. Geslin, entra pour me
500 748 1592 816 faire une visite. Léonide tourna vers lui un regard
494 807 912 888 souriant, et lui dit :
545 867 1593 933 « Quelle bonne idée vous avez eue de venir nous
494 910 1593 1001 voir, M. Geslin! Vous aimez les vers : que pensez-vous
485 971 771 1042 de ceux-ci? »
538 1020 1581 1088 Et ma bonne sœur, s'emparant de mon manuscrit,
490 1081 1586 1145 lut avec beaucoup d’âme une petite pièce intitulée :
490 1146 1589 1204 Le Rouet de l'aïeule. M. Geslin, les mains croisées sur
490 1187 1596 1257 sa canne et la tête appuyée sur ses mains, écoutait
494 1242 1589 1315 en fermant les yeux; le dernier vers achevé, il ne dit
487 1310 1589 1362 mot; Léonide, toute à son admiration fraternelle,
500 1353 1592 1420 poursuivit et lut encore : l’Ange du Sommeil, strophes
500 1410 1589 1475 que j’ai écrites avec cœur et que j‘aime comme un
497 1465 1586 1520 reflet intime de ma pensée : lorsqu’elle eut fini, le si¬
497 1516 1586 1583 lence régna. M. Geslin ouvrit les yeux, hocha la tête,
487 1569 1589 1622 et dit d’une voix mesurée et polie « Ces charmants
500 1622 1589 1685 vers sont une confidence, puisque, d'après ce que je
497 1678 1578 1741 vois, ils sont encore manuscrits. Et quelle est celle
490 1726 1589 1795 d’entre vous, mesdames, qui fait ainsi la cour aux
487 1792 1593 1854 Muses? — Oh! mon vieil ami, c’est bien là une ques¬
487 1847 1586 1895 tion oiseuse, interrompit Léonide en riant. Vous me
487 1898 1586 1956 connaissez, et vous savez si je suis capable de marier
487 1946 1208 2027 deux rimes. Mais regardez Julie! »
529 2004 1589 2063 II me regarda, et je sentis que je rougissais.
487 2060 1586 2127 M. Geslin hocha encore la tête, et reprit : « C'est joli,
484 2117 1586 2183 fort joli assurément, mais seriez-vous bien fâchée,
490 2179 1589 2230 mademoiselle Julie, si je vous disais, comme Horace
494 2227 1589 2290 Walpole : Que fera-t-on de cela à la maison? — Mais,
487 2286 1593 2341 monsieur, s’écria Léonide indignée, Julie fera du
488 2333 1586 2410 beau talent que Dieu lui a donné un excellent emploi :
483 2395 1586 2460 d’abord il lui assurera, je l’espère, une existence
481 2441 1590 2501 honorable, et qui sait? plus tard peut-être', il lui
481 2508 1582 2570 vaudra la célébrité. Voyez madame Dufrénoy, ma¬
481 2557 1583 2614 demoisellepro May, madame Tastu, ne fraient- elles
488 2616 1586 2683 pas le chemin à leurs jeunes émules? n’est-ce
493 2673 1586 2739 pas un bel avenir? — Hum! grommela M. Geslin.
484 2721 1581 2773 Et vous voulez donc, mon enfant, (vous me permet¬
485 2773 1579 2842 tez ce nom, n’est-ce pas?) vous voulez donc tirer
490 2832 1589 2886 parti de votre plume? — Oui, monsieur, je renonce à
476 2887 1593 2945 l'instruction, je vais à Paris, et j'espère y trouver un
483 2926 1578 3003 éditeur qui, m'achetant mes premiers essais, me don¬
476 2999 1583 3057 nera le loisir d'achever des œuvres plus sérieuses que
483 3041 1578 3119 j’ai sur le métier. — A Paris! pauvre enfant! qu'al¬
484 3102 1578 3167 lez-vous risquer là? — Vous me désapprouvez, mon¬
476 3158 1582 3220 sieur? — Mon enfant, je vous prains, je ne me per¬
476 3208 1578 3278 mets pas de vous blâmer, car je connais l’excellence
478 3266 1586 3325 et la rectitude de votre cœur; mais jeés plains votre
477 3326 1589 3390 ignorance complète de la vie, et je redoute pour
481 3384 1582 3448 vous les déceptions qui vous attendent. Raisonnons :
484 3436 1586 3498 vous quittez une carrière humble et laborieuse, il est
490 3487 1583 3551 vrai, mais sûre et honorable; vous arrivez à Paris
483 3542 1588 3611 sans autre ressource que votre talent, car j’admets (ce
480 3587 1583 3665 qui n'est pas encore démontré) que vous ayez du ta¬
483 3640 1590 3731 lent. Croyez-vous que cela suffise? Demandez aux
478 3707 1581 3791 greniers de Paris combien de talents réels, ignorés,
1693 113 2808 213 méprisés, longuissent dans la faim et la misère, parce
1696 210 2807 267 qu’ils ont cru qu’en venant dans la grande ville, la
1691 258 2811 316 célébrité et la fortune allaient accourir au-devant
1698 318 2806 371 d’eux, les bras tendus. Il ne faut pas seulement avoir
1696 363 2811 429 le talent d'écrire en vers ou en prose, il faut que ce
1696 416 2808 478 talent ait assez de souplesse pour s’accommoder aux
1691 487 2811 539 exigences du moment, au goût, à la mode, qu’elle
1696 529 2810 590 veuille le classique ou le romantique, le réalisme ou
1681 581 2810 644 l’idéal. J’admets encore que votre talent, qui n’a été
1699 644 2797 703 jusqu’ici que le reflet de vos impressions personnelles.
1688 704 2810 761 se soit prêté à la forme que le public recherche; que
1689 761 2799 820 vous ayez produit une œuvre agréable, lisible, édita¬
1684 811 2800 878 ble, encore faudra-t-il trouver un éditeur. Pressentez-
1691 851 2801 920 vous d'ici les démarches, les visites, les sollicitations,
1688 909 2804 986 les refus, les fins de non-recevoir, les réceptions,
1691 964 2797 1034 tantôt dédaigneuses et brusques, tantôt plus douce¬
1691 1016 2807 1085 reuses que vous ne le voudriez, vous peut-être? Que
1681 1071 2801 1147 de causes, que de fatigues, quede tristes déceptions,
1696 1135 2799 1205 promenées d’éditeur en éditeut, de bureau de jour¬
1684 1188 2801 1252 nal en bureau de journal, et rapportées le soir, au
1681 1245 2804 1307 logis vide et sombre, où la gêne et les soucis vous
1684 1296 2804 1356 attendent, s’endorment avec vous, troublent vos rêves
1681 1356 2810 1418 et hâtent votre inquiet réveil. Avez-vous pensé à tout
1681 1406 2801 1471 cela, mademoiselle Julie? — Monsieur, le tableau que
1688 1471 2800 1524 vous venez de tracer est effrayant, mais comment ont
1681 1516 2799 1588 fait tant d’autres femmes qui ont réussi? — Elles
1681 1571 2796 1636 avaient des protecteurs, sans doute. — Leur gloire en
1692 1627 2800 1684 est moins grande, et j’aimerais mieux acheter le suc¬
1688 1679 2801 1751 cès et l’indépendance par quelques souffrances de
1688 1749 2799 1805 plus. — Oh! ma sœur, s’écria Léonide, intimidée
1684 1797 2804 1856 soudain, prends garde! ne renonce pas entièrement à
1684 1847 2799 1911 l’instruction. — Je n’y renonce pas, ma sœur; si je ne
1684 1902 2793 1962 réussis pas au gré de mes désirs, je prendrai le di¬
1688 1956 2796 2021 plôme qui me manque, et ma vie se passera à ensei¬
1688 2014 2801 2076 gner aux petites filles l’histoire et la grammaire.—Tu
1675 2065 2799 2138 seras malheureuse à Paris ! — Je le serai partout, ma
1675 2130 2807 2185 sœur, après la perte que nous avons faite, mais, de
1688 2179 2803 2240 quelque temps, le besoin matériel ne m’atteindra pas,
1688 2240 2801 2289 car j’ai une petite somme qui me suffira pour vivre
1684 2286 2793 2353 quelque temps. Je ferai avec courage les démarches
1675 2344 2796 2392 nécessaires à la publication de mes vers, je travail¬
1678 2395 2794 2456 lerai avec constance, et, si je ne réussis pas, eh bien !
1678 2453 2796 2518 je serai « Gros-Jean comme devant, » ajoutai-je en
1672 2502 2158 2581 m’efforçant de sourire.
1720 2539 2793 2622 Ma sœur et M. Geslin essayèrent encore de com¬
1668 2602 2793 2680 battre ma résolution, mais en vain; je veux savoir ce
1684 2671 2793 2743 que la fortune me réserve. Ma pauvre Léonide, vive¬
1672 2727 2796 2789 ment impressionnée, est passée tout à fait dans le
1678 2779 2799 2844 camp de M. Geslin ; elle ne voit plus que péril s là où
1670 2844 2799 2899 elle ne voyait que joie et célébrité. Pour moi, je ne
1674 2900 2793 2959 m’attends pas à une vie facile, je prévois des luttes,
1675 2947 2790 3023 mais je me sens armée contre elles... M. Geslin,
1677 3002 2467 3093 voyant ma résolution, n’a plus insisté.
2218 3085 2656 3171 Loches. Octobre 18...
1716 3158 2793 3239 Madame Geslin est venue me voir ce matin. Elle m’a
1678 3233 2784 3287 parlé de mes projets d’avenir avec un intérêt plein
1670 3284 2786 3333 d’affection, et elle a achevé, en me disant : « Je n’in¬
1674 3340 2226 3407 sisterai pas, chère enfant,
2251 3336 2794 3405 pour vous détourner d'un
1677 3388 2791 3465 projet si arrêté dans votre esprit, mais il serait bien
1681 3449 2794 3514 pénible, à nous, les vieux amis de votre mère, de
1675 3510 2790 3561 vous savoir à Paris, sans guide aucun, sans aucune
1688 3558 2796 3618 protection. Je vous apporte une lettre pour une amie
1672 3618 2786 3689 à moi, l’amie de mon enfance, de ma jeunesse...
1681 3673 2787 3745 Voudriez-vous la remettre à son adresse? tenez,
1661 3716 1876 3798 lisez-la...
