2959 4075
1663 180 1760 260 200
665 248 1656 338 — Là-haut, dans la grande chambre, répondit la
587 283 815 378 jeune fille.
627 381 669 418 -
678 361 1660 462 — C'est bien ; reste ici, Judith, j'ai à parler à ma
576 410 892 476 nièce Rochel. »
624 472 1644 526 Il monta lentement l’escalier et pénétra de la ga¬
578 521 1649 594 lerie supérieure dans une pièce longue et étroite,
580 578 1653 635 sans meuble ni cheminée, ne prenant jour que par
580 631 1652 708 la porte et deux petites lucarnes. Un moelleux tapis
579 696 1641 742 recouvrait d’un bout à l’autre le sol de cette chambre;
586 746 1644 812 plusieurs glaces de Venise au cadre doré décoraient
576 797 1633 865 les murs blanchis à la chaux, ce qui annonçait une
578 838 1646 910 grande aisance, sinon le luxe et la richesse. Sur un
574 903 1633 966 divan élevé de deux pieds à peine, une femme, jeune
566 956 1634 1021 encore, était assise, travaillant, avec une ardeur fort
568 1009 1641 1071 rare dans ces wimats brûlants, à une riche broderie
559 1044 1638 1122 en or sur une étoffe de velours. Cette femme était
564 1086 1641 1179 vêtue d’une djebba (1) de deux couleurs, jaune du
561 1164 1630 1241 côté droit, et bleue du côtê gauche, et retenue
560 1202 1633 1284 autour des hanches par une écharpe de soie rouge.
560 1253 1626 1343 Les larges manches de gaze de sa chemise de mous¬
559 1314 1636 1396 seline dépassaient seules les ouvertures longues et
566 1366 1628 1444 droites de cette espèce de robe, ne voilant qu’à demi
560 1421 1618 1495 des bras que la djebba laissaient nus jusqu’aux ais¬
559 1474 1628 1557 selles. Ces bras, tout chargés de bracelets, étaient
564 1518 1626 1604 admirables de forme et de carnation. Deux mouchoirs
563 1580 1614 1651 à raies d’or et de soie, artistement arrangement autour
559 1626 1614 1713 de la tête, composaient la coiffure et cachaient exac¬
553 1693 1622 1769 tement tous les cheveux, car Rochel était mariée, et
552 1743 1625 1813 parmi les Juives de ce pays, les jeunes filles seules
556 1801 1613 1876 ont le droit de laisser apercevoir leur chevelure noire
556 1851 1625 1926 qui descend en bandeaux le long de leurs joues et se
547 1899 1622 1991 rattache sous la calotte ou le mouchoir servant de
547 1941 793 2010 couvre-chef.
594 1995 1623 2076 Un jeune homme de quatorze à quinze ans, mais
555 2055 1623 2129 grand et fort déjà, et d’une figure remarquablement
551 2104 1603 2194 belle, se tenait nonchalamment étendu sur le large
547 2154 1609 2238 divan recouvert de brocart, dont les coussins moel¬
547 2205 1621 2296 leux fléchissaient sous le poids de son corps. Au bruit
547 2258 1615 2359 des pas d’Abraham dans la galerie, le jeune homme
547 2325 1613 2402 releva la tête et aperçut le vieillard; une rougeur su¬
547 2367 1614 2456 bite couvrit aussitôt ses joues, il se leva d’un bond et
534 2425 1613 2517 s’apprêta à fuir par une issue communiquant avec la
544 2474 808 2544 pièce voisine.
589 2532 1614 2616 « Où vas-tu si vite, soleil de mon âme? dit la Juive
540 2582 1609 2677 d'une voix caressante; reste donc près de moi, mon
545 2630 945 2704 Yssachar bien-aimé.
644 2685 1613 2774 Mère, je déteste cet homme sans cœur, dont le
540 2740 1604 2835 seul plaisir est de blâmer les actions des autres ;
534 2787 1415 2881 laisse-moi partir avant qu'il ne m'ait vu. »
586 2851 1606 2939 Et tandis qu'Abraham déposait ses babouches sur le
528 2902 1609 2989 seuil de la porte, le jeune homme disparaissait du
533 2951 791 3023 côté opposé.
579 3024 1604 3107 « Que la paix soit avec vous, mon oncle révéré, »
529 3065 1207 3136 dit Rochel d'une voix contrainte.
571 3118 1607 3203 Quittant aussitôt son travail, elle baisa la main du
528 3179 1176 3247 vieillard, d'un air respectueux.
564 3231 1604 3315 Abraham ne répondit que par un signe de tête à
522 3294 1602 3372 ces prévenances, et croisant les jambes, il s'accroupit
522 3334 1599 3431 sur le divan, à la place que le jeune homme venait
521 3377 807 3458 d’abandonner.
574 3450 1607 3534 « Qu'avez-vous, mon oncle? dit la Juive étonnée et
519 3483 1591 3593 inquiète de ce morne silence. Auriez-vous éprouve
528 3711 1535 3815 (1) Djebba, robe étroite, sans taille et sans manches.
1747 283 2812 359 quelque perte dans votre commerce, ou le terrible
1741 351 2814 415 Achmet-bey a-t-il frappé sur vous une contribution
1743 389 2820 465 nouvelle, comme il l’a fait si injustement l‘année der¬
1735 431 1915 494 nière ? »
1783 491 2401 553 Abraham fit un signe négatif.
1782 541 2803 614 « Auriez-vous de mauvaises nouvelles à m'appren¬
1740 595 2807 662 dre de Ruben, mon maître et époux bien-aimé ? re¬
1736 652 2801 734 prit-elle en pâlissant; doit-il rester longtemps encore
1731 692 1914 764 à Tunis?
1782 761 2801 831 — Rien de tout cela, dit enfin le vieillard d’une
1736 812 2802 888 voix sombre; mais malheur à toi, lorsqu’il viendra
1732 864 2463 932 te demander compte de ta conduite !
1821 921 2799 1000 Et pourquoi craindrais-je le retour de mon mari?
1727 970 2798 1055 demanda-t-elle en relevant la tête avec fierté; ma vie
1725 1016 2801 1107 n’a-t-elle pas été toujours celle d’une bonne et hon¬
1725 1081 2798 1141 nête femme? la médisance la plus maligne pour¬
1724 1139 2666 1198 rait-elle trouver à mordre sur ma réputation?
1771 1192 2797 1257 — Je sais, ma nièce, que ta conduite est à l’abri de
1725 1236 2794 1316 tout soupçon de ce genre, répondit l’austère vieillard;
1712 1306 2799 1366 mais penses-tu donc, Rachel, que ta réputation soit
1717 1343 2791 1423 le seul dépôt que mon neveu t’ait confié en partant?
1710 1394 2799 1478 N'es-tu pas la mère de ses fils, et ne devais-tu point
1717 1454 2741 1518 veiller sur eux comme sur la prunelle de tes yeux?
1759 1519 2783 1579 — En quoi ai-je manqué à mes devoirs de mère,
1710 1564 2784 1634 mon oncle? répondit Rachel plus fièrement encore.
1717 1607 2795 1672 Y a-t-il dans toute la ville, je dirais presque danstout
1712 1649 2793 1721 Israël, deux jeunes gens plus beaux, plus forts, plus vi¬
1712 1724 2793 1789 goureux? Y en a-t-il de plus aimables? Les vêtements
1714 1769 2793 1836 d’Yssachar et de Benjamin ne sont-ils pas entretenus
1709 1827 2795 1887 avec tout le soin possible? Leur couscous n'est-il pas
1714 1863 2786 1944 assaisonné et cuit à point? Manquent-ils de quelque
1712 1916 1969 1987 chose enfin?
1756 1983 2784 2047 — Femme, femme, dit Abraham en secouant la
1708 2037 2787 2102 tête, ne sais-tu pas que Salomon, libre de choisir
1705 2087 2784 2159 entre les biens d’ici-bas, préféra la sagesse à tous
1706 2125 2786 2217 les trésors de la terre? Tes fils manquent donc
1705 2188 2767 2255 du bien le plus précieux, car ils manquent de sa¬
1712 2238 1832 2303 gesse
1796 2297 2765 2363 - Je ne vous parlerai point de Salomon, mon oncle
1705 2357 2783 2428 car il n’est pas donné aux femmes d’être versées
1702 2411 2782 2467 comme vous, docteur en Israël, dans la science de nos
1706 2451 2778 2519 livres Steints, répondit Rachel d’un ton d‘humilité su¬
1709 2516 2774 2576 perbe; mais je ne crois pas que mes fils diffèrent des
1705 2567 2771 2634 autres jeunes gens de leur âge, et il ne me semble
1706 2623 2776 2679 point raisonnable d'exiger de ces enfants, car ce sont
1699 2675 2776 2727 des enfants encore, ajouta-t-elle en appuyant sur ce
1702 2717 2778 2799 mot, il n’est pas raisonnable, dis-je, d’exiger d‘eux
1702 2772 2774 2848 l’expérience et la sagesse d’un homme mûri par les
1694 2825 1853 2889 années.
1748 2890 1788 2946 -
1801 2854 2771 2961 T’ai-je parlé d’une sagesse de vieillard? reprit
1706 2931 2772 3000 Abraham ; plût au ciel qu’ils fussent seulement ce
1702 2985 2767 3047 qu'on doit être à tout âge : exacts dans l'accomplisse¬
1697 3049 2771 3126 ment de leurs devoirs, laborieux et économes, respec¬
1694 3096 2765 3155 tueux envers leurs parents ! Au lieu de cela, que font-
1694 3144 2772 3214 ils du matin au soir? ils se livrent à l’oisiveté et dé¬
1697 3206 2764 3263 pensent follement l’argent que tu leur donnes plus
1687 3252 2767 3324 follement encore; écoutent à peine les conseils des
1690 3313 2761 3364 vieillards, et ne se montrent que contraints et forcés
1690 3354 2760 3418 dans le temple du Seigneur. Crois-tu, Richel, que
1690 3420 2755 3476 cette conduite ressemble à celle qui mérita autrefois
1694 3468 2752 3548 au jeune Daniel et aux Saints enfants Ananias, Mi¬
1690 3519 2740 3580 zaël et Azarias, la bénédiction du Très-Haut et l'ad¬
1682 3572 2749 3669 miration du peuple, au temps de la captivité de Baby¬
1680 3629 1800 3712 lone?
1800 3666 2749 3757 Dieu sans doute parle par votre bouche, et vos
1731 3704 1783 3760 -
1682 3753 2746 3814 discours sont pleins de sagesse, répondit Rachel visi¬
