2897 4318
1196 328 1320 421 187
132 421 1218 503 les seules occupations qui se partagent ses heures ; le
139 484 1208 559 grand-duc est un prince sérieux; ainsi que son tri¬
135 556 1218 603 saïeul, Pierre le Grand, les écoles, les bibliothèques,
135 595 1218 652 les musées, les usines, les Manufactures, les chan¬
138 647 1224 718 tiers de construction ont pris la plus large part de
135 705 1221 772 son temps; il voit et il compare, et, à quelque degré
130 755 1224 835 merveilleux que relativement l’industrie russe soit
138 822 1213 882 parvenue de nos jours, le grand-duc ne sera pas cer¬
137 861 1218 934 tainement sans avoir de nouveaux mystères à lui
137 924 291 985 révéler.
174 967 1221 1043 Entre autres choses, les manœuvres des élèves de
123 1023 1215 1089 Saint-Cyr ont émerveillé le prince, qui a témoigné sa
130 1087 1222 1148 satisfaction de la manière la plus flatteuse. « Je vous
135 1141 1214 1199 savais, messieurs, leur a-t-il dit, les premiers ma¬
130 1192 1218 1256 nœuvriers de France ! Je vous proclame les premiers
138 1245 396 1316 du monde. »
180 1296 1218 1367 Et le grand-duc s'y connaît, attendu qu'en Russie
141 1353 1206 1412 on s'occupe surtout de l’éducation militaire; s’il est, à
138 1404 1211 1466 Saint-Pétersbourg, une école supérieure instituée
138 1459 1211 1528 d’après les règlements de l’école Polytechnique, il s’y
135 1508 1211 1575 trouve aussi un certain corps appelé corps des cadets,
137 1575 1211 1636 où, à ce que disent les experts, l’on manœuvre avec
138 1624 597 1689 une certaine dextérité.
170 1684 1215 1737 Au nombre des gracieusetés de S. M. l’empereur
128 1738 1215 1791 des Français pour le frère de S. M. l’empereur de
130 1790 1215 1852 Russie, n’oublions pas le fil électrique, placé dans
128 1851 1215 1918 l’appartement même qu’occupe le grand duc, au pa¬
134 1896 1221 1969 villon de Marsan, et qui, à toute heure du jour et de
132 1954 1213 2014 la nuit, met les deux frères en communication di¬
132 2011 1214 2064 recte; à leur lever et à leurs coucher, ils peuvent se
128 2067 1214 2130 donner le bonjour et le bonsoir; dernièrement, l'am¬
135 2109 1218 2176 bassadeur d’une grande puissance invitait le prince à
131 2163 1208 2230 faire à sa souveraine une visite d’amitié. « Je vais con¬
128 2230 1101 2289 sulter mon frère à cet effet, » dit le grand-duc.
176 2275 1203 2342 « Mon frère remercie votre souveraine de sa cour¬
128 2328 1211 2399 toisie, ajoute-t-il peu après; j’aurai l’honneur de me
130 2382 655 2445 rendre à son invitation. »
176 2431 1214 2525 Que dis-tu de ces petites conversation à 20,000 ki¬
128 2492 1208 2578 lomètres de distance ? Oh ! notre dix-neuvième siècle,
135 2563 1206 2615 quelle époque pour la science pratique ! En remon¬
135 2617 1211 2677 tant jusqu’aux premiers âges, il me semble voir les
125 2643 1213 2730 savants comme autant d’admirables fourmis, amas¬
123 2722 1208 2785 ser, entasser des trésors, dont il nous était donné de
137 2761 1210 2854 jouir, à nous, les favorisés, trop souvent ingrats, par
137 2820 592 2899 ignorance ou légèreté!
171 2861 1211 2966 Ma chère Florence, n’admires-tu pas avec quelle
137 2916 1206 3008 désinvolture j’aborde aujourd’hui toutes sortes de su¬
132 2987 1213 3058 jets ? 15 simple preuve que, pour t'être agréable, ton
135 3055 1208 3132 amie sait écouter et mettre à profit ce qu’elle entend;
134 3101 1203 3189 tu m’avais parlé de l’impératrice mère de Russie, en¬
138 3162 1193 3221 core à Nice, lorsque tu y arrivas, avec un tel respec
146 3206 1206 3298 pour ses vertus et un tel intérêt pour sa pauvre santé,
146 3259 1208 3339 que j'en ai inféré que, sûrement, ce qui touchait l'un
138 3303 1197 3416 des membres de sa belle et nombreuse famille, te de¬
146 3362 924 3450 vait intéresser ; me serais-je trompée?
178 3420 1204 3516 Et maintenant, ma belle demoiselle, détachez vos
135 3475 1206 3569 regards des casques qui scintillent, oubliez un mo¬
138 3532 1207 3624 ment nos hêtes de sang royal ou impérial, et prenons,
139 3569 690 3650 s'il vous plaît, nos patrons.
184 3628 1206 3728 1, Col à broder sur nansouk double ou sur batiste,
137 3692 953 3767 plumetis simple et feston feuille de rose.
170 3756 1213 3852 2, DESSUS D'UN SACHET A MOUCHOIR. Brodé au passé,
134 3794 1196 3886 sur moire blanche ou de couleur. Le nom de la per¬
134 3844 1206 3943 sonne à qui tu offriras ce petit cadeau, peut remplacer
141 3893 496 3985 le mot mouchoir.
1352 392 2425 479 3, QUART D'UN MOUCHOIR SOMPLE, se faisant au feston,
1299 468 1713 559 à part les nervures.
1353 520 2418 583 4, DESSIN pour le dessus d'un ourlet de robe d'en¬
1306 578 2424 644 fant ; plumetis et point d’échelle ; les feuilles dans les¬
1312 640 2425 701 quelles se trouvent le point d’échelle pourraient se
1306 689 2421 765 faire au feston. Ce même dessin peut encore servir
1306 750 2413 817 pour un bas de jupon, pour un devant de cami¬
1306 806 1512 875 solle, etc.
1346 860 2424 930 5, VALME pour une pointe de cravate blanche ; ce
1305 913 2421 981 dessin est là seulement pour répondre à la demande
1307 974 2411 1040 de quelques-unes de nos abonnées de province ; à
1309 1030 2411 1082 Paris, nos fashionables portent leur cravate simple¬
1309 1094 2417 1157 ment ourlée. Ce dessin se fait au plumetis avec du
1309 1133 1607 1192 coton très-fin.
1351 1187 2415 1264 5 bis, 16 T1TE GARNITURE, plumetis, pour objets de
1309 1242 1833 1317 layettes et de trousseaux.
1353 1302 2414 1380 6, Ecusson pour mouchoir renfermant les lettres
1299 1349 1806 1422 T. R.; plumetis simple.
1353 1402 2421 1475 6 bis, DESSIN ayant le même emploi que celui du
1299 1458 1417 1528 n° 4.
1352 1504 2427 1603 7, Écussoh avec les lettres J. L.; plumetis et point
1300 1565 1434 1643 sablé.
1351 1621 2202 1685 8, BOUTONNIÈRE pour chemises d’homme.
1345 1682 1993 1760 9, A. D. D . enlacés; plumetis.
1348 1731 1830 1799 10, Paméla ; plumetis.
1348 1787 1941 1854 41, O. B. enlacés; plumetis.
1353 1845 1827 1914 12, Juliette; plumetis.
1351 1897 1777 1969 13, N. P.; plumetis.
1356 1940 1962 2014 14, M. A. enlacés; plumetis.
1356 2014 2411 2063 15, A. L.; plumetis simple et plumetes feudu; ce
1306 2067 2413 2121 chiffre enlacé peut être fait avec du coton de deux
1305 2112 1501 2180 couleurs.
1355 2171 2411 2237 16, CROIX pour missel ou pour livre de messe. Brodée
1300 2240 2408 2296 en cordonnet d’or, avec perles satinées dans le milieu.
1348 2279 2113 2343 17, S. A.; plumetis simple ou feston.
1348 2329 2039 2392 18, P. L. D.; plumetis ou feston.
1345 2381 1971 2460 19, H. R.; plumetis ou feston.
1339 2438 1969 2510 20, J. L.; plumetis ou feston.
1341 2488 2134 2581 21, R. L. enlacés; plumetis ou feston.
1341 2591 1873 2670 Ici finit la petite édition.
1349 2700 2387 2785 22, Col pour petite fille; le bord en application, e
1299 2765 2194 2825 le fond au plumetis avec mélange de jours.
1341 2820 2393 2892 23, MOUCHOIR tout en application; les jours, dont
1299 2877 2407 2958 tu trouveras tout à l’heure une explication, auront
1292 2942 2407 3004 ici leur place, et t’aideront à embellir ton ouvrage.
1341 2987 2408 3048 24, Autre PETIT MOUCHOIR dans un genre tout à fait
1302 3034 2403 3090 simple ; brodé au plumetis, en plaçant le dessin au¬
1298 3086 2393 3154 dessus de l’ourlet; ces sortes de mouchoirs sont, pour
1293 3148 2060 3214 le négligé, excessivement distingués.
1341 3193 2393 3273 25, DESSIN pour écran à mains, que tu peux broder
1296 3246 2393 3314 au passé avec perles, pour les pois; choisis de la
1282 3312 2385 3363 moire blanche ou de couleur assortie à l’apparte¬
1292 3365 2003 3426 ment ; la première est préférable.
1341 3412 1992 3473 25 bis, L. C. enlacés; plumetis.
1345 3461 2389 3529 26, RICHE ÉCUSSON, ne faisant point partie du mou¬
1296 3515 2400 3589 choir du n° 24 ; il se brode au plumetis, ainsi que le
1302 3567 1586 3631 chiffre N. B.
1341 3618 2400 3700 27, Autre Écusson, que l’on brode au plumetis avec
1293 3680 2397 3751 mélange de jours; les lettres C. M. peuvent aussi bien
1288 3732 2004 3792 se faire au feston qu'au plumetis.
1339 3787 2396 3868 28, Encore un Écusson pour mouchoir, renfermant
1292 3841 2277 3908 le nom de Nelly; plumetis, point sablé et jours.
1335 3877 1957 3957 29, Clémence ; plumetis riche.
1334 3936 1950 4042 30, lanche ; œillets ou pois.
