2822 3966
1536 45 1636 136 182
473 128 1542 206 Lorsqu'une épreuve me semblait difficile à supporter,
467 189 1542 248 lorsque j'avais à déplorer un mécompte : Souviens¬
476 242 1561 298 toi, me disais-je, des paroles d'Emilienne quand elle
467 298 1550 348 eut perdu tout espoir de guéison, et, avant de mur¬
473 348 1558 401 murer contre le ciel, cherche bien si tu n'as pas à te
473 395 1377 473 reprocher, envers Dieu, quelque ingratitude.
971 459 1074 565 III.
520 537 1160 629 Valentin avait achevé son récit.
526 590 1547 676 « Mon ami, lui dis-je, toute véridique et morale
476 659 1547 726 qu'est votre histoire, il se rencontrera des gens qui
467 721 1550 771 reprocheront à votre Emilienne son bonnet de serge
467 771 1544 824 et ses sabots. La vertu, l'élévation, les sentiments dé¬
465 821 1550 876 licats dans la pauvreté trouvent aussi des incrédules
465 874 1550 938 parmi ceux qui n'ont pas toujours ces dons précieux
459 927 1542 979 au milieu des facilités d’une vie somptueuse. Me per¬
454 977 1547 1052 mettez-vous, cependant, d'écrire et de publier l’histoire
462 1027 1163 1113 de la Brélivet et de sa petite fille?
1658 100 2707 220 » — Ecrivez pour les bons cœurs, pour les âmes
1633 198 2702 275 généreuses, pour les chrétiens sincères, répondit Va¬
1625 248 2705 317 lentin; ils sont encore nombreux dans les rangs éle¬
1631 298 2702 373 vés de la société, et ceux-là savent que la mère de
1625 351 2702 426 Jésus n'avait pas de quoi acheter un agneau pour
1619 398 2702 467 l'offrir en sacrifice; que les apôtres étaient des mate¬
1619 440 2702 526 lots et des ouvriers; que Geneviève et Jeanne d'Arc
1625 512 2702 582 gardaient les moutons. Ils auront eux-mêmes à vous
1625 559 2699 632 citer, soyez-en bien sûr, de beaux exemples de vertu
1625 615 2702 682 qu'ils ont admirés autour d'eux aussi bien dans les
1619 671 2702 735 chaumières que dans les plus riches hôtels. Que dit
1619 718 2691 787 la Bible au chapitre onze de l'Ecclésiastique? « La sa¬
1617 774 2685 838 » gesse de l'homme obscur le relèvera : ne le mépri
1617 826 2699 896 » sez point parce qu’il paraît peu de chose : l’abeille
1617 871 2693 946 » est petite entre les animaux qui volent, et, néan¬
1617 935 2699 999 » moins, son fruit l’emporte sur ce qu’il y a de plus
1611 979 1834 1052 » doux. »
2145 1018 2546 1107 HIPPOSITÉ VIOLEAU
493 1341 2696 1441 Dans son jugement sur le concours de poésie, la Société des gens de Lettres vient de décerner l’accessit unique à un
456 1425 2691 1530 jeune homme de dix-huit ans, M. Emmanuel des Essarts, fils de notre ami et collaborateur M. A. des Essart. — Ce
462 1491 2532 1583 succès si précoce donnera sans doute un intérêt tout particulier aux vers que le jeune poète nous a communiqués.
2003 1664 2159 1770 de la
935 1670 2201 1823 LA FLIEUR DE L'AMITHE
1361 1814 1756 1939 A MADulle R...
935 2020 1892 2126 Lorsque l'été revient sur son char de lumière,
954 2104 1800 2165 Votre parc, diapré de feux et de couleurs
943 2145 1917 2245 Reprend ses frais abris, son ombre hospitalière,
943 2207 1789 2296 Ses doux rossignolets et ses petites fleurs.
932 2298 1850 2390 La rose élève aux cieux sa tête rougissante ;
943 2373 1848 2440 Le lis répand sur nous son parfum virginal ;
932 2426 1784 2515 La tulipe se plaint de son odeur absente,
938 2479 1631 2568 Et le camélia se pare pour le bal.
929 2557 1850 2668 L’orgueilleux dahlia nous cache avec malice
943 2641 1756 2707 Comme un petit Poucet le bluet effacé;
935 2674 1948 2782 La marguerite est chère à mon front qui se plisse,
935 2746 1636 2844 Et le myosotis me parle du passé.
932 2827 1767 2919 O falbalas du jeune avril ! Vaine parure
940 2897 1887 2980 Qui se perd en lambeaux au souffle de l'hiver!
935 2961 1828 3030 Ne faut-il pas vraiment quereller la nature
935 3005 1948 3116 Qui vient poudrer de neige un feuillage si vert!...
924 3091 1848 3200 Mais il est une fleur cent fois plus odorante,
927 3178 1848 3261 Fleur que ne peut flétrir l'aquillon déchaîné,
929 3236 1931 3314 Fleur qu’on ne voit jamais sur sa tige mourante
929 3294 1800 3386 Ouvrir longuissamment un calice incliné ;
927 3361 1887 3470 Qui brillerait toujours sous le linceul de neige
935 3459 1856 3539 Que nous jette l’Hiver, ce vieillard soucieux,
927 3506 1703 3573 Et qui résisterait au redoutable siége
927 3562 1912 3648 Des frimats et des cents conjurés dans les cieux.
