2897 4318
1195 284 1296 386 157
115 382 1212 455 résille argent et perles; prends ensuite la carcasse
120 438 1199 503 n° 66, recouvre-s-en tous les fils de fer avec un petit
115 491 1202 554 ruban de percalen° 1, posé en tournant; ce ruban de
120 550 1202 604 percule sera lui-même recouvert de très-petites perles
116 604 1206 662 blanches enroulées comme le ruban; fixe alors la
115 654 1194 708 résille en mettant les perles à l'intérieur de la car¬
118 707 1203 769 casse et en la causant à surjet dans le haut et dans
112 753 1202 814 bas. Ne pas oublier les anses. Le fond, en tapisserie et
115 814 1208 881 perles, se double d'un carton; sur le côté opposé à la
112 866 1199 919 tapisserie est un papier moiré blanc; le tout doit être
118 916 1191 979 joint à la carcasse, déjà préparée, par un point de sur¬
115 971 1191 1037 jet dissimulé par une petite natte de perles à l’extré¬
105 1031 1199 1091 mité, et par une chenille blanche à l'intérieur; enfin la
112 1084 1191 1150 même natte borde le haut et termine ce charmant ou¬
118 1142 242 1199 vrage.
153 1176 1187 1251 La carcasse coûte 1 fr. 25 ; elle a vingt-trois cen¬
112 1239 1199 1317 timètres de longueur; il faut deux masses et demie
115 1295 1184 1348 de grosses perles cristal, trente grammes de plus pe¬
112 1343 1199 1417 tites, dix grammes de coton lamé, et une pièce de
105 1396 488 1473 ruban de pertale.
160 1455 1199 1511 68, PORTE-ALLUMETTES EN PAPIER. Ce petit ouvrage se
112 1511 1191 1562 fait à l’aide de toutes les gravures de mode qui pour¬
115 1559 1201 1629 ront te tomber sous la main; je parle de celles où
108 1608 1194 1672 les costumes sont décolletés, et les têtes sans cha¬
115 1657 1201 1738 peaux; c’est une charmante idée dont j’ai voulu te
108 1719 1198 1785 faire profiter, ne doutant point que tu ne réussisses
112 1779 1198 1845 dès le premier essai. Avec du carton très-mince, taille
112 1832 1198 1889 un rond ayant six centimètres de diamètre, et un
112 1889 1194 1928 autre morceau de dix centimètres de hauteur, que tu
115 1932 1201 1986 disposeras en forme de cornet ayant 5 centimètres de
114 1982 1194 2053 diamètre dans le bas, et dans lé haut 3 seulement;
112 2039 1191 2092 car il faut que notre petite femme ait la taille fine.
112 2103 1199 2167 Ce cornet sera, dans sa longueur, fermé par un peu
118 2143 1203 2202 de gomme ou par quelques points; ensuite tu lui feras,
115 2193 1202 2265 dans le bas et tout autour, plusieurs entailles assez
111 2251 1194 2326 rapprochées; tu le colleras sur ton rond, et tu passeras
105 2295 1184 2373 à la boilette de ce petit mannequin. Ici, le goût, l’i¬
111 2347 1191 2411 dée, l’originalité ont le champ libre, et le procédé que
120 2407 1194 2470 je vais t’indiquer pour le modèle dont tu vois le
111 2477 1191 2529 croquis, te servira pour tous les autres. Avec du pa¬
119 2519 1194 2589 pier dont on se sert pour les fleurs, tu tailleras les
112 2568 1194 2632 trois jupes ; celle du bas aura 55 centimètres de
111 2611 1198 2693 large et 10 de haut; la seconde, 48 de large et 7 de
115 2676 1201 2738 haut; la troisième, 40 de large et 5 de haut; le bord
118 2725 1183 2783 de ces jupes sera plié comme pour un ourlet, au¬
115 2781 1187 2838 dessus duquel tu mettras une petite bande de papier
118 2832 1194 2894 doré, ou autre chose, selon ta fantaisie; un peu de
112 2902 1192 2946 gomme fermera chaque jupe dans sa hauteur, et tu
114 2936 1194 3019 les coudras ensuite sur ton mannequin. Le point de
111 2988 1187 3073 la jupe du haut sera caché par une bande collée au¬
112 3045 1186 3111 tour de l’ouverture; cela fait, tu choisis dans nos gra¬
116 3103 1201 3162 vures une jolie toilette de bal ou de chez soi, tu en
115 3153 1188 3219 découpes avec grand soin la tête et le busse, et tu
114 3207 1191 3267 colles l'une et l’autre, par le bas de la taille, à la jupe
114 3259 1191 3331 si joliment bouffante; enfin, par derrière, tu places
116 3304 1192 3390 des allumettes. Je croirais t'humilier en ajoutant que
118 3361 1191 3456 tu devras toujours assortir, le plus possible, la jupe
119 3417 1134 3498 et ses ornements au corsage que tu auras découpé.
299 3525 1012 3613 PLANCHE DE CROCHET BLEUE.
155 3601 1195 3711 Nº 1, DESSIN POUR ÉCRAN DE CHEMINÉE; tu le feras
108 3694 1192 3750 en cordonnet noir, ou en coton de couleur, où en fi¬
118 3732 1187 3802 celle, mais toujours avec un transparent en soie, de
112 3788 1186 3865 couleur tranchante; je ne te parle point ici d'un
115 3826 1186 3938 écran à pieds, mais d'un de ces écrans montés sur
1298 395 2374 472 palissandre ou sur vieux chêne, que l’on roule et qui
1291 429 2374 536 se placent sur l'un des côtés de la cheminée. Ce dessin
1292 491 2374 593 pourrait aussi convenir à des manteaux de lit, des
1287 544 1760 621 dessus d’édredons, etc.
1329 609 2369 695 2. DESSIN POUR AUBE, convenant aussi pour couvre¬
1291 659 1414 728 pieds.
1339 712 2373 782 3, DESSIN POUR PALE, que l’on peut faire en soie
1287 763 2373 844 cordonnet, maïs, sur un transparent de moire blan¬
1290 822 1388 885 che.
1337 867 1966 960 4, BORDURE POUR DIVES USAGES.
1331 927 1681 994 5, NAPPE D’AU TEL.
1335 960 2374 1058 6, ABAT-JOUR; fais ce dernier en coton ou blanc ou
1287 1035 2371 1106 de couleur, et place-le sur un transparent percaline
1287 1091 2374 1157 ou de soie, dans le haut et dans te bas duquel tu
1290 1138 2359 1225 passeras un fil de laiton un peu fort, afin de lui don¬
1281 1197 2296 1272 ner sa forme. Ce genre tout nouveau est fort joli.
1344 1253 2370 1324 7, MoITIÉ D'UN DESSUS D'OMBRELLE qui s'exécute en
1283 1311 2371 1362 coton blanc ou en soie; dans tous les cas, le fond de
1285 1352 2359 1419 l’ombrelle doit toujours être en moire antique ou or¬
1284 1407 2373 1485 dinaire. Si ton ombrelle de l’année passée n’est plus
1283 1460 2371 1538 dans toute sa fraîcheur, rien ne te sera plus facile
1291 1523 2367 1586 que de lui donner un petit air nouveau en la recou¬
1291 1567 1729 1644 vrant avec ce travail.
1332 1619 1694 1694 8 et 9, BORDURES.
1335 1674 2374 1752 10 à 14, ANCLES, pouvant être utilisés pour divers
1283 1729 1489 1798 ouvrages.
1329 1787 2369 1842 Avant de terminer ces longues explications, je veux
1283 1838 2371 1898 te payer ma dette du mois dernier, en te donnant, sur
1283 1893 2371 1958 la gibecière, ou sac à argent que je t'ai envoyée, les
1283 1951 2338 2013 quelques détails qui n’y avaient pu trouver place.
1324 2001 2364 2074 Les fournitures de cet ouvrage sont : 25 cent. cane¬
1285 2061 2367 2124 vas Pénélope, n° 28; 75 cent. de laine allemande;
1283 2098 2359 2172 1 fr. 25 de fantaisie algérienne; 4 mètres de ganse as¬
1284 2161 2359 2229 sortie aux nuances déjà choisies; un bouton égale¬
1284 2207 2369 2288 ment assorti, et 25 centimètres de taffetas pour la
1285 2267 1486 2336 doublure.
1336 2318 2367 2390 Tu commenceras par couper trois morceaux de
1287 2374 2364 2442 canevas, t'inspirant, quant à la forme, de notre mo¬
1281 2434 2369 2497 dèle du mois dernier, au numéro 53, mais tenant
1283 2478 2371 2552 le tout un peu plus grand; l’un des morceaux de
1287 2544 2363 2606 canevas devra être coupé de façon à avoir une
1291 2594 2364 2649 patte qui rabatte sur le dessus de la gibecière; ces
1285 2650 2362 2708 deux parties, devant et derrière, se trouveront réu¬
1283 2699 2364 2756 nies par une bande que l’on nomme soufflet, et qui
1283 2746 2359 2805 sera brodée ainsi que le reste; les proportions de cette
1283 2795 2362 2858 bande suivront celles des deux parties qu’elles unissent.
1285 2855 2366 2925 Les dimensions les plus usitées sont trois centimètres à
1276 2911 2356 2974 l’endroit le plus large, et un centimètre aux deux ex¬
1284 2961 2364 3033 trémités. La rayure turque que t'indique le croquis est
1285 3018 2352 3077 d’un fort joli effet, mais si elle ne te plaisait pas, es¬
1280 3073 2359 3129 saye d'un petit dessin à carreaux, avec un ruban or
1280 3118 2349 3178 lamé; cette nouveauté remplace avantageusement les
1283 3168 2349 3237 tresses d'or, les rubans étant infiniment meilleur
1276 3225 2353 3289 marché, quoique tout aussi solides et du même effet.
1276 3285 2356 3346 Tu peux monter toi-même cette gibecière. On la double
1280 3335 2348 3390 de taffetas, de satin, même de percaline, suivant le de¬
1280 3378 2352 3449 gré d’élégance que l’on veut lui donner. Chaque par¬
1283 3450 2351 3502 tie se double et se ouate séparément, ensuite on les réu¬
1270 3486 2352 3550 nit entre elles, dissimulant les coutures par une
1283 3551 2359 3616 ganse de soie; au milieu de la patte on forme une
1276 3613 2356 3659 petite boucle ou bride pour le bouton placé en face.
1280 3639 2157 3720 Les anses se posent en terminant l'ouvrage.
1361 3750 2271 3824 EXPLICATION DE LA GRAVURE DE MODES.
1317 3859 2348 3929 Nº 1. Robes de taffetas à trois volants avec disposi¬
