2822 3966
1555 41 1664 122 172
499 118 1562 208 L'affirmative ayant été ma réponse, j’ai pris la dili¬
507 181 1566 253 gence, quelques centaines de livres en poche, je me
502 245 1566 298 suis étendu avec délices au milieu de barils d'olives,
507 292 1573 339 de cages à poulets et de caisses de fruits secs, et, pen¬
511 333 1572 399 dant les huit jours qu'à duré le voyage, je me suis
499 400 1570 440 saturé de poussière, de soleil, et de la respective
513 438 1561 507 pleine d’émotion de revoir mon bon ami Parmen¬
504 498 607 560 tier !
614 549 1565 611 Vous avez besoin de quelques rafraîchissements?
506 591 1370 668 dit Angélique à son verbeux interlocuteur.
557 661 1573 714 — Bien obligé, répliqua le gascon ; ne pouvant me
511 710 1561 770 présenter ici dans l'état où m'avait mis la route, je
499 761 1561 820 me suis offert des ablutions externes et internes dans
499 813 1554 870 un petit hôtel voisin. Mais ce cher Parmentier, où est-
502 856 741 932 il, où est-il ?
590 886 1563 985 Il ne tardera point à rentrer, monsieur, attendu
494 967 1563 1021 qu’il a convoqué ici pour midi, messieurs Mailloche
487 1010 733 1087 et Armand.
580 1066 1472 1132 - Nos anciens compagnons de geôle ? Bravo !
583 1119 1555 1194 - En me le rappelant, ce matin, il regretfait que
492 1183 1235 1239 vous ne fussiez pas de cette réunion.
583 1235 1558 1293 Bon Antoine! Mais, ma chère demoiselle, une
494 1278 1554 1352 information, je vous prie; serait-il indiseret de vous
491 1338 1551 1397 demander si vous recevez quelquefois des nouvelles
487 1384 772 1461 de Francfort?
522 1451 1551 1512 — Jamais, et mon frère, qui en souffre, ne s'en est
491 1499 1539 1566 peut-être jeté qu’avec plus d’ardeur dans ses géné¬
491 1540 791 1607 reuses utopies.
567 1597 1549 1664 — Son solunum tuberosum, voulez-vous dire? Eh
479 1650 1551 1707 bien, ma chère demoiselle, ces utopies-là risquent
479 1691 1540 1773 fort de rester toujours à l’état d’utopies! Voyez-vous,
471 1754 1549 1815 je me doutais que l'insuccès, car l'insuccès était pour
471 1815 1549 1877 moi palpable, je me doutais que l'insucees n'aurait
472 1860 1549 1912 eu d'autre résultat que de l'enfoncer de plus en plus
471 1906 1543 1985 dans l’ornière ; aussi, à mon désir de le revoir était
471 1949 1539 2031 fortement lié le projet de l’arracher à la route mau¬
476 2015 1538 2076 vaise qu’il poursuit, à ces dangereux rèves qui en¬
467 2071 1547 2132 gouffrent les jours après les jouis, les années aprè¬
467 2123 1549 2187 années, sans que rien d’utile en advienne. Un riche
468 2169 1536 2242 planteur de ma connaissance, habitant la Martini¬
476 2236 1547 2301 que, désire qu'on lui expédie un honnête homme,
469 2283 1546 2357 entendant la charmaceutique et un peu de médecine;
465 2337 1538 2412 on aurait là une maison à soi, quatre nègress pour le
469 2387 1325 2447 service, et dix mille livres d'appointement.
572 2439 1227 2497 Une fortune, s'écria Angélique !
509 2491 1486 2559 — Je viens offrir le tout à mon ami Parmentier.
564 2536 721 2605 Hélas !
556 2601 1545 2660 - Vous croyez qu'il aurait la folie de repousser
468 2637 1539 2717 une telle aubaine? Cela me semble en dehors du pos¬
460 2686 583 2771 sible.
572 2752 1540 2829 Il est si convaincu du bien que produirait la
468 2805 1009 2869 propagation de sa solanée !
522 2858 1532 2931 — La récolte en est-elle proche ? Est-elle en fleurs ?
457 2900 1543 2984 est-elle plantée seulement? demanda Cistac avec une
457 2954 851 3028 sorte d'impatience.
499 3027 1527 3086 — Il n'a pu encore obtenir, et nous sommes trop
461 3076 1539 3147 pauvres pour avoir pu acheter le coin de terre qu’il
464 3126 1528 3177 nous eût fallu pour l'expérimentation, répondit ma¬
457 3174 1526 3238 demoiselle Parmentier avec tristesse; mais sa convic¬
463 3224 782 3295 tion le soutient.
552 3291 1056 3358 Son entêtement, plutôt !
507 3338 1117 3410 — Il n'a point cessé d'espérer.
510 3391 1519 3464 Eh oui, une porte fermée, il s'en vient heur¬
460 3435 1519 3525 ter à une autre; un projet avorte, dix projets sur¬
460 3477 1528 3573 gissent; Pierre le repousse, il implore Jean; mais,
453 3541 1539 3631 par la loge de mon père, on use à celte besogne sa
1658 141 2717 215 vie, son âme et sa dignité! Pourquoi a-t-il convoqué
1653 184 2188 243 ici Mailloche et Armand?
1699 235 2720 327 — Il saura mieux vous l'expliquer que je ne le
1655 289 1953 356 pourrais faire.
1773 344 2719 434 Ce qui signifie, ma chère demoiselle, que vous
1651 390 2214 467 ne me le voulez point dire.
1697 442 2214 510 — Je lui en laisse le soin.
1697 510 2719 583 — Eh bien, moi, je devine ! Parmentier n'a mandé
1649 552 2719 649 ici ses amis que pour les engager à vider leur bourse
1655 610 2117 674 au profit de la solanée!
1756 657 1885 722 Mais !
1710 697 2579 779 — Je suis arrivé comme marée en carême !
1697 761 2206 833 — Que voulez-vous dire?
1727 829 2710 890 — Rien ; ne vous agitez pas, ne vouds tourmentez
1653 868 2705 951 pas, je ne veux que le bonheur de Parmentier, le
1646 929 2713 990 vôtre! — Eh mais, je ne me trompe point, ce sont
1639 970 2701 1055 les voix de Mai loche et d'Armand ; chèse mademoi¬
1645 1031 2708 1110 selle, laissez-nous seuls; je vous le demande au nom
1643 1082 2693 1162 de votre fraternelle affection, et je vous donne ma pa¬
1645 1142 2708 1212 role que les intérêts de Parmentier vont être notre
1635 1186 2137 1263 préoccupation unique. »
1676 1243 2709 1313 Et, ayant doucement poussé Angélique vers une
1641 1302 2698 1359 porle du fond, bientôt Cistac, après les premières ex¬
1637 1352 2708 1413 clamations de surprise et les franches accolades, eut
1637 1405 2705 1477 amené la conversation sur le terrain où il le voulait :
1684 1469 2691 1528 — Oui, mes amis, oui, fi1-il, augmentant la rapi¬
1634 1509 2690 1582 dité de son geste, à mesure qu’il modérait l’éclat ac¬
1635 1565 2710 1628 coutumé de sa voix, Parmentier poursuit son rêve de
1628 1611 2705 1673 la naturalisation de la pomme de terre en France, et
1627 1669 2705 1738 malgré cent démarches et placets, n'arrive à rien; il
1630 1723 2708 1779 a usé ses chapeaux à la porte des grands, ses souliers
1628 1770 2698 1834 en causes vaines, les quelques sous qu’il possédait à
1628 1830 2693 1894 se rendre favorables des concierges et des laquais; au¬
1635 1875 2705 1934 jourd'hui, il n'a plus rien, et, comme le chasseur qui
1627 1929 2698 1990 croit avoir levé un dix cors, il n’en est que p’us âpre
1628 1983 2690 2044 à la poursuite, et ne vous a réunis ici que pour em¬
1630 2036 2698 2123 prunter à chacun de vous ce qu’il pense lui devoir
1631 2087 2462 2141 être nécessaire afin d'arriver à son but. »
1673 2136 2690 2196 Et comme Armand et Mailloche ne semblaient
1631 2198 2498 2248 point éloignés de venir en side à leur ami :
1673 2247 2696 2305 « Non pas, non pas, reprit Cistac, ce n'est point de
1622 2309 2686 2366 cette sorte que nous devons rendre service à Parmen¬
1623 2356 2693 2412 tier. Donne-t-on à l’enfant qui le demande avec larmes
1626 2397 2683 2456 le fruit qui le pourrait mettre au tombeau? Ne retire¬
1619 2457 2698 2518 t-on point des lèvres du malade la coupe où il boirait
1624 2495 2693 2572 la mort? Eh bien, fournir de l’argent à Parmentier,
1622 2566 2698 2624 c'est donner le fruit fatal à l'enfant, et l'eau funeste
1619 2614 2698 2671 au malade; c’est l’entretenir dans un ordre d’idées
1615 2668 2693 2723 mauvaises, de projets qui avortent, d’ulopies qui le
1626 2710 2694 2778 conduiront à un cabanon de fou ! Est-ce que vous
1623 2769 2498 2842 croyez au Solanum tuberosum, vous autres?
1673 2827 2693 2890 — Non, répondirent Armand et Mailloche; mais,
1623 2875 2510 2942 ce pauvre Parmentier, nous l'aimons tant !
1665 2935 2693 2993 — Té! je le crois bien, poursuivit le gascon; qui
1618 2989 2693 3050 n'aimerait cet esprit généreux, mais égaré, ce brave
1619 3046 2683 3100 cœur, ce compagnon aimable? Moi aussi, je l'aime,
1619 3089 2694 3155 et c'est parce que je l'aime que je vous demande de
1619 3132 2681 3200 fermer vos oreilles, vos cœurs, et, surtout, vns bour¬
1618 3188 1944 3257 ses à son appel.
1711 3243 2226 3315 C'est dur ! dit Mailloche.
1715 3299 2683 3361 Un mot va vous décider; j’ai dans les mains au
1614 3358 2681 3422 service de Parmentier une position relativement su¬
1614 3411 2681 3472 perbe; il n’a qu’à vouloir, elle est à lui. Là est son ave¬
1611 3465 2685 3529 nir, son repos, son bonheur, et non dans ses projets
1609 3515 2691 3568 insensés. En lui refusant tout secours, nous l'acculons
1604 3554 2685 3644 à l'impossibilité inflexible; alors, je lui offre la place
