2907 4318
1321 199 1405 291 23
238 311 1295 369 L'HUISSIER. C’est possible, voyez mon client ; pour
192 365 1307 421 moi, cela ne me regarde pas, j’ai seulement ordre de
196 411 1298 470 procéder à la saisie. (Il s’apprète à inventorier le mo¬
194 464 333 526 bilier.)
236 521 1294 589 EUGÈNE, l’arrêtant. Un moment, s’il vous plait. (A
190 565 1307 658 Franval, qui cherche à le retenir.) Laissez-moi, de
197 641 1307 698 grâce; j’ai bien le droit de faire pour vous ce que
196 687 1310 766 vous avez fait pour moi. (A l'huissier.) Voici le solde
189 733 1290 804 de ce qui vous est dû; retirez-vous. (L'huissier se re-
183 790 827 860 tire en saluant profondément.)
596 877 891 969 SCÈNE VIII.
321 966 1158 1051 FRANVAL, ADÈLE, AGATHE, EUGÈNE.
233 1044 1302 1115 EUGÈNE. Permettez, mes dignes amis; je n’avais pas
183 1115 1298 1175 fini les explications que je voulais vous donner quand
187 1175 1301 1233 nous avons été interrompus : ma position s’étant amé¬
189 1224 1301 1283 liorée, je n’ai plus eu de répugnance à cultiver des
192 1285 1291 1346 relations avec des parents riches, qui sans cela au
189 1345 1302 1397 raient pu suspecter mes inotifs. L’un d’eux, grand
192 1393 1294 1449 amateur de peinture, s’est tellement épris de mon
189 1444 1291 1508 faible talent, qu’il m’a envoyé un don considérable
189 1497 1287 1559 pour prix d’un tableau que j’ai eu occasion de lui offrir:
192 1558 1291 1619 et voulant réparer ce qu’il appelle l’injustice du sort
186 1602 1292 1677 à mon égard, il me presse de venir m’établir en France
186 1666 1287 1722 avec ma mère, son intention étant de nous instituer
177 1712 694 1783 ses légataires universels.
224 1764 1294 1834 FRANVAL. Que vous méritez bien ses bontés, et avec
199 1829 1277 1891 quelle effusion je join mes félicitations aux vifs re-
184 1888 820 1949 merciements que je vous dois !
236 1935 1281 1996 ADÈLE et AGATHE. Nous y joignons les nôtres. Com¬
183 1996 1288 2057 ment jamais reconnaître ce que vous faites pour
190 2050 566 2113 nous aujourd’hui?
230 2093 1281 2166 EUGENE. Je ne fais qu’accomplir un trop juste de-
197 2166 1275 2223 voir, et j’en suis bien heureux. D’ailleurs, vous m’a-
189 2208 1290 2276 vez donné les droits d’un ami, et je suis fier de les
183 2263 356 2324 exercer.
224 2317 1284 2384 FRANVAL, lui tendant encore la main. Je ne puis que
183 2366 1036 2439 vous réitérer l’expression de cette amitié!
224 2422 827 2487 ADÈLE. Et moi, de la mienne!
227 2471 1283 2545 EUGÈNE. Vous me comblez; et cependant il me reste
176 2541 1283 2609 encore un vœu à former. Le bonheur rend d’autant
183 2601 1284 2657 plus exigeant... Pourriez-vous encore me permettre
186 2646 1281 2725 de tenter d’obtenir une part de la bienveillance de
177 2691 488 2769 mademoiselle ?
223 2735 847 2820 ADÈLE, souriant. Qui, essayez.
224 2806 990 2859 FRANVAL. Je vous donne toute latitude.
224 2849 1277 2927 EUGÈNE. Quoi?... vous consentiriez!... Je pourrais
186 2904 1187 2975 espérer!... Que dois-je penser, mademoiselle?...
223 2962 1003 3036 ADÈLE. Agathe, c’est à toi de répondre.
224 3013 1273 3097 AGATHE. Monsieur !... comme j’aimerai madame
196 3073 417 3145 votre mère!
1807 392 2074 504 SCÈNE IX.
1639 518 2253 627 LES PRÉCÉDENTS, DURCOURT.
1440 670 2504 766 DURGOURT, avec des gestes de désespoir. Oh! mes
1399 736 2501 804 amis, je suis un homme perdu, un homine ruiné!...
1388 775 2277 868 Jamais, jamais. je ne pourrai m’en relever.
1436 843 2496 926 FRANVAL. Qu'entends-je! c'était donc vrai, la com¬
1395 881 1599 979 pagnie?
1433 938 2493 1047 DURCOURT. A fait banqueroute, banqueroule com¬
1400 1014 2114 1087 plète; on ne sauvera presque rien.
1437 1060 2420 1136 FRANVAL. Est-ce que tu avais là toute ta fortune?
1430 1129 2496 1193 DURCOURT. A peu près. Je n’ai plus que l’hôpital en
1393 1168 2439 1261 perspective. J’en mourrai... Je suis frappé au cœur.
1434 1239 2496 1304 FRANVAL. J’aime à croire que tu exagères un peu le
1386 1292 2480 1356 mal ; mais quand tu aurais réellement tout perdu,
1382 1344 2496 1416 avant de te livrer au désespoir, considère que tu as
1383 1405 2301 1454 des amis, prêts à partager leur pain avec toi.
1426 1457 2493 1524 DURCOURT. Des amis!... Est-ce qu’on a des amis
1388 1500 2496 1582 quand on est pauvre?... Ceux avec lesquels j’étais
1389 1559 2496 1636 dans les meilleures relations sont les premiers à me
1389 1615 1615 1685 persécuter.
1426 1667 2483 1734 FRANVAL. Ceux-là n’étaient que les amis de ton ar¬
1385 1735 2480 1806 gent; mais tu en as ici de meilleurs, il ne faut pas les
1379 1779 1660 1847 méconnaître.
1426 1833 2483 1900 EUGÈNE, s'avançant. Monsieur Durcourt, voulez-vous
1371 1891 2053 1952 bien me compter de ce nombre?
1429 1949 2477 2036 DURCOURT, reculant. Vous ici!... Vous mon ami!..
1383 1995 1640 2067 Vous raillez.
1432 2043 2477 2124 EUGÉNE. Il est vrai que vous ne m’avez pas trop
1373 2114 2473 2179 traité comme tel; mais c’est une vieille histoire, et
1386 2164 2471 2230 vous m’avez rendu plus service que vous ne pensiez,
1371 2227 2469 2279 car vous m’avez valu la première preuve de bienveil-
1375 2274 2483 2345 lance que j’aie reçue de la famille que j'estime le plus
1365 2327 1620 2403 sur la terre.
1416 2382 2480 2452 DURCOURT. Ah! oui ; quand il a. follement livré la
1371 2442 2476 2507 dot de sa fille pour vous libérer envers moi. Aurait-il
1365 2501 2471 2559 mieux fait de la garder : ces dix mille francs-là seraient
1368 2549 2405 2615 aujourd’hui engloutis avec deux cent mille autres.
1419 2603 2469 2664 FRANVAL. Tu vois que mon placement a été plus sûr
1375 2654 2460 2727 que le tien: j’y gagne, outre le capital et les intérêts,
1365 2707 2172 2779 un ami et un gendre selon mon cœur.
1407 2747 2470 2822 DURCOURT. Oui ; mais toutes les bonnes oeuvres n'ont
1371 2818 2477 2890 pas un si heureux résultat : témoin ce monsieur qui
1359 2866 2053 2925 est mort en oubliant de te payer.
1407 2923 2467 2996 ADÈLE. Franval en recevra les arrérages dans le ciel:
1378 2978 2114 3072 Qui donne aux pauvres prête a dieu !
1927 3064 2311 3151 JEANNE DE GAULLE.
1077 3449 1569 3571 Enigme Historique.
228 3666 1270 3747 Quelle est la jeune femme, notre contemporaine,
180 3736 1274 3795 qui, descendant d’une des plus illustres faces de
177 3788 1278 3846 l’Angleterre, alliée aux plus grandes familles de l’Italie
183 3848 1321 3921 et à celle des Bonaparte, portant le même nom
1359 3660 2466 3747 qu’une beauté célèbre, mourut à la fleur de l’âge, en
1368 3737 2463 3797 emportant le titre de sainte, que la reconnaissance
1368 3781 1928 3875 publique lui avait décerné?
