2959 4075
1623 115 1739 198 238
560 176 1641 271 des états généraux mit en Blentation toutes les
568 271 1641 329 jeunes têtes du pays; les grands mots de liberté et
553 319 1641 387 d'égalité ne tardèrent pas résonner à mes oreilles
560 372 1637 437 comme une musique qui les flattait agréablement.
553 422 1631 481 Et, pourquoi ne l’avouerais-je point, maintenant que
550 471 1635 542 l'âge et l'expérience ont mûri mes idées et modifié
549 531 1633 600 mes opinions? il me semblait doux, à moi petit bour¬
550 588 1635 654 geois de naissance, de devenir l’égal d’un prince ou
546 643 1626 706 d'un duc, et je n’aurais même pas été fâché, je crois,
547 698 1634 758 de pouvoir, toujours au nom de l’égalité, prendre
547 744 1624 816 hardiment le pas sur tous les gentilshommes de ma
547 814 1627 871 province. Je me mis donc, dès ma sortie du collége,
545 859 1629 919 à fréquenter les clubs et à applaudir, comme tant
547 908 1627 968 d'autres, à la marche des événements politiques, que
535 973 1623 1031 ma bonne mère, plus sage et plus clairvoyante, n'en¬
542 1012 1066 1084 visageait qu'avec terreur.
581 1065 1623 1128 » — Jean, pour l'amour du ciel, ne te mêle point de
538 1116 1623 1185 cette œuvre d’iniquité! me disait-elle souvent, fuis
535 1174 1623 1237 ces réunions où un petit nombre de mauvais sujets,
532 1229 1618 1288 sans foi ni loi, pervertissent une foule d’écervelés
538 1283 1615 1349 qui ne savent pas ce qu’ils font. Tout cela finira mal,
532 1338 1623 1403 c'est moi qui te le dis : si l'on blesse un homme à
532 1388 1618 1449 la tête, tout son corps s'en ressent, de même en s'atta¬
535 1438 1619 1511 quant au roi on désorganisera bientôt la société tout
529 1494 1618 1558 en tière. Aujourd'hui c'est le tour des nobles et des
532 1550 1616 1616 grands à souffrir et à gémir, demain ce sera le nôtre.
571 1604 1613 1659 » Hélas! les terribles catastrophes qui se succé¬
517 1651 1612 1721 dèrent si rapidement ne vinrent que trop justifier ces
517 1710 886 1777 tristes pr évisions.
553 1756 1612 1812 » La médiocrité de notre fortune et de notere nais¬
509 1818 1618 1880 sance et la vie humble et cachée que ma mère avait
512 1868 1609 1927 toujours menée depuis son veuvage nous sauvèrent
512 1920 1612 1981 tous deux; d’ailleurs, je passais pour républicain, et je
517 1977 1602 2035 l’étais en effet. Nous traversâmes ainsi, gémissant
518 2035 1604 2097 sur le malheur de nos competriotes, mais exempts
512 2083 1605 2148 nous-mêmes de grandes calamités, les jours les plus
514 2148 1602 2197 mauvais de cette époque désastreuse, lorsque, le 9 dé¬
517 2193 1601 2256 cembre 1793, le bruit se répandit que les brigands,
517 2248 1597 2300 c’est ainsi que l’on appelait les Vendéens, ayant mis
517 2296 1597 2357 en pleine dé Maute le petit corps de soldats républi¬
516 2350 1601 2406 cains envoyé par le général Chabot pour arrêter leur
517 2417 1494 2469 marche, s'avançaient à grands pas vers la ville.
560 2451 1602 2527 » Ce fut alors au Mans une panique générale ;
520 2511 1605 2577 beaucoup d’hommes, et des plus exaltés dans leurs
517 2567 1605 2627 opinions, s’enfuirent honteusement, emportant avec
520 2618 1605 2682 eux leur argent et leurs bijoux. Le représentant
516 2678 1602 2726 du peuple, Garnier de Saintes, et le général Cha¬
524 2724 1605 2783 bot firent à la hâte une redoute, avec quatre
531 2780 1612 2848 pièces de canon, sur la route de la Flèche; une
524 2842 1609 2898 autre au pont du bourg de Pont-Lieu, défendue par
517 2888 1609 2947 des chevaux de frise et par l'artillerie de la ville; et
517 2941 1609 3001 une troisième sur la levée de la Mission. On coupa
514 2996 1602 3054 deux arches du vieux pont pour n’avoir pas à le dé¬
514 3042 1609 3119 fendre; on posta au Gué-de-Maulny environ vingt-cinq
510 3093 1608 3159 hussards et des réquisitionnaires du district de la
512 3153 1602 3213 Ferté avec deux pièces de canon placées sur la plate¬
512 3209 1604 3278 forme de l’ancien château royal, et l‛on abattit des
517 3263 1602 3324 arbres à l'Épau pour y établir des fortifications, défen¬
512 3330 1167 3404 dues par une garde de vétérans.
560 3372 1597 3438 » A peine tous ces préparatifs étaient-ils terminés
517 3430 1594 3487 que les Vendéens enlevaient presque sans coup férir
510 3484 1600 3547 le poste avancé sur la route de la Flèche, et nous
512 3545 1602 3597 les vîmes accourir au pas de charge sur le poste prin¬
512 3597 1600 3658 cipal de Pont-Lieu, dont je faisais partie avec la garde
498 3654 1594 3711 nationale, poursuivant, l'épée dans les rein, les dé¬
506 3709 1600 3794 fenseurs de la première redoute. C'était un douloureux
1724 194 2808 275 spectacle que celui de ces malheureux jeunes gens
1724 268 2812 332 de la réquisition, voyant le feu pour la première fois,
1720 315 2805 380 accueillis à coups de sabre par les cavaliers républi¬
1724 369 2802 430 cains qui voulaient les forcer à tenir ferme, et se pré¬
1716 429 2802 494 cipitant de désespoir dans la rivière, froide et gonflée
1727 482 2733 536 par la pluie, plutôt que de faire face à l’ennemi.
1760 532 2812 600 » Cependant le commandant Desmares tire à mi¬
1712 579 2801 666 traille sur les Vendéens; mais leur feu supérieur fait
1720 641 2805 719 bientôttaire le nôtre, et surmontant tous les Heles,
1714 700 2800 762 ils tombent sur nous comme une avalanche furieuse.
1710 751 2800 816 Alors ces mêmes hussards qui s'étaient montrés si durs
1717 812 2816 870 envers les jeunes gens de la réquisition sont les premiers
1705 863 2797 925 à prendre la fuite. Les fantassins, se voyant abandonnés,
1720 904 2802 976 jettent armes et bagages; les uns se sauvent vers la
1717 969 2797 1030 ville, les autres se dispersent dans la campagne, et la
1709 1012 2801 1081 déroute devient générale. Pour moi, qui venais de
1712 1076 2801 1138 recevoir une balle dans la cuisse, je ne pus que me
1706 1127 2784 1197 traîner avec peine à quelques pas de distance, et là,
1699 1186 2790 1248 caché dans les broussailles, j’assistai en frémissant
1709 1232 2766 1291 de rage à cette honteuse défaite de mon parti. —
1702 1284 2797 1356 Je vis leur armée entière défiler sur le pont; il y
1702 1337 2786 1412 avait deux ou trois mille hommes de cavalerie et
1699 1394 2790 1459 environ dix mille fantassins, armés de fusils et de
1696 1453 2782 1508 sabres, vêtus de vestes ou de blouses, ayant presque
1699 1496 2779 1564 tous une cocarde blanche à leur chapeau. Les offi¬
1702 1561 2784 1623 ciers n'étaient guère mieux habillés que les soldats,
1694 1613 2782 1670 mais il était facile de les reconnaître à l’écharpe
1696 1665 2784 1712 blanche qui leur ceignait le corps; quelques-uns por¬
1698 1720 2787 1772 taient de blancs panaches et des fleurs de lis brodées
1694 1771 2784 1828 en or sur leur coiffure. Venait ensuite une foule in¬
1696 1824 2787 1886 nombrable de paysans en guenilles, de vieillards, de
1694 1875 2784 1942 femmes et d’enfants, quelques-uns à cheval ou en
1695 1942 2790 1992 voiture, le plus grand nombre à pied, barbotant
1696 1984 2790 2041 dans la boue; des pièces de canon, des charrettes
1694 2039 2791 2093 chargées de blé, deufnitions de guerre, d'ustensiles
1687 2094 2787 2151 de toutes sortes; c'était un spectacle tel que je n'en
1687 2137 2236 2204 ai jamais vu de semblable.
1728 2201 2777 2266 » Ils mirent plus de trois heures à défiler sur le
1696 2260 2782 2321 pont; pendant ce temps, de peur d'être découvert, je
1689 2318 2771 2378 n’osais ni bouger ni me plaindre, quoique ma bles¬
1691 2361 2779 2429 sure me fit beaucoup souffrir et que la pluie qui con¬
1688 2414 2784 2477 tinuait à tomber me glaçât tout le corps. Peu à peu
1692 2472 2777 2545 mes forces s’épuisèrent, je perdis connaissance, et,
1696 2523 2776 2598 quand je revins à moi, je me trouvai couché sur de
1688 2578 2769 2643 la paille dans une salle du couvent des Ursulines,
1699 2645 2772 2688 entouré d’un grand nombre de mes competriotes
1696 2686 2769 2751 qui demeuraient, pour la plupart, mornes et silen¬
1699 2733 2773 2804 cieux, tandis que quelques jeunes gens, au contraire,
1687 2791 2772 2851 affectant une indifférence que démentait la pâleur de
1694 2847 2782 2909 leur visage, fredonnaient des chansons républicaines
1688 2896 2498 2975 ou tenaient des discours de matamores.
1730 2952 2777 3021 » — Où sommes-nous et que faisons-noua ici? dis¬
1689 3006 2776 3093 je à mon plus proche voisin, que je venais de recon¬
1688 3073 2450 3149 naître pour un marchand de la ville.
1730 3115 2772 3205 » — Ma foi, petiot, nous sommes dans de mau¬
1694 3189 2771 3259 vais draps, c'est tout ce que je puis te dire, me ré¬
1688 3238 1887 3306 pondit-il.
1728 3301 2779 3382 » — Je suis blessé et j’ai besoin d’un chirurgien,
1687 3359 1888 3433 repris-je.
1735 3424 2777 3487 » Il leva les épaules, et me regardant avec un air
1684 3483 2173 3549 de tristesse narquoise :
1732 3531 2769 3619 » — Ce n'est guère la peine, petiot, les brigands
1681 3592 2772 3655 sont maîtres de la ville et nous sommes leurs prison¬
1681 3646 2766 3716 niers; dans deux ou trois heures au plus tard notre
1689 3706 2042 3802 affaire sera faite.
