2897 4318
1250 254 1369 341 107
154 310 1248 399 premières paroles; le soir, il revenait souvent pren¬
152 406 1243 464 dre le thé avec Eulalie, et à la conversation banale des
156 452 1254 516 premiers instants succédait bientôt un entretien plus
150 505 1248 575 intime, dont Olivier était toujours le sujet; ensin, de¬
152 553 1254 626 puis cette naissance bénie, le bonheur habitait cette
147 612 1252 685 maison autrefois si triste dans ses splendeurs, et
142 655 1251 735 Eulalie commençait à croire qu’elle pourrait bien
146 712 1243 792 devenir une des femmes les plus heureuses de Paris.
143 766 1238 845 Elle avait une grande paix et un vif espoir, n’est-ce
147 828 1126 888 pas de cela que se compose la félicité d’ici-bas?
186 880 1244 942 Un soir, son mari rentra de bonne heure et s’assit
129 938 1244 998 auprès du feu d’un air soucieux. Eulalie l’interrogea
138 981 1236 1062 longtemps du regard; enfin, elle hasarda une ques¬
133 1044 1241 1116 tion : — Qu’avez-vous? lui dit-elle, auriez-vous appris
138 1099 737 1155 quelque mauvaise nouvelle?
171 1145 1241 1215 Il hésita un instant avant que de répondre : — On
138 1197 1240 1283 parlait ce soir de la faillite de plusieurs maisons de
128 1257 1240 1339 Hambourg ; il circulait de bien mauvaises nouvelles...
135 1318 1236 1382 «Mon Dieu! mon père n’est-il pas en relations d’af¬
129 1366 662 1437 faires avec Hambourg?
705 1368 1236 1439 Oui, Eulalie... — Parlez,
128 1415 1236 1493 je vous en supplie!... — Eh bien! je ne puis pas vous
129 1479 1236 1544 cacher que le nom de M. de Verne se trouvait mêlé à
128 1533 1236 1601 ces bruits... — Mon pauvre père! un tel événement
122 1583 1223 1657 serait sa mort! — Et notre ruine! dit Léopold à demi¬
128 1640 1236 1715 voix. — Mon ami, dit-elle vivement, ne pourrais-je
125 1701 1232 1768 pas aller voir papa ce soir même? Quelque chose me
131 1749 649 1804 pousse à aller vers lui! »
168 1799 1236 1876 Leopold montra du doigt le cadran, il marquait
132 1864 1230 1929 onze heures trois quarts. « Il est trop tard, dit-elle
122 1913 1147 1979 tristement, mais demain à la première heure...»
165 1964 1225 2038 Eulalie ne put dormir de toute la nuit, mais vers
117 2021 1226 2084 le matin, elle tomba dans un sommeil fiévreux et
117 2084 1223 2148 agité et elle ne se réveilla que bien tard. L’inquié¬
122 2129 1222 2192 tude qui l’avait poursuivie la veille la reprit aussitôt.
125 2178 1233 2253 Elle se leva en hâte, sonna sa femme de chambre et
117 2249 1226 2300 s’habilla précipitamment. Au moment où elle nouait
117 2287 1223 2353 le ruban de son chapeau, Léopold entra dans la cham¬
120 2345 1222 2420 bre. Il était plus pâle que de coutume, et sa figure,
117 2405 1223 2467 d’ordinaire assez insouciante, exprimait un trouble
120 2448 1233 2528 extrême. Il renvoya la femme de chambre et il dit à
114 2503 1230 2574 Eulalie : « Où donc allez-vous? — Chez mon père, et
121 2558 626 2623 je suis bien en retard.»
164 2606 1220 2695 Il la regarda et lui prit la main; des larmes cou¬
114 2665 1219 2740 laient sur son visage, elle les vit et s’écria avec
114 2729 1223 2791 effroi : « Oh! Léopold, qu’y a-t-il ? — N’allez pas chez
111 2773 1218 2841 M. de Verne, Eulalie, hélas! ce n’est pas nécessaire... »
153 2827 1216 2901 Elle pâlit, craignant de trop bien comprendre ce
110 2875 1223 2958 qu’il voulait dire. Son mari la fit asseoir et s’assit
113 2944 1225 3002 auprès d’elle, et peu à peu, goutte à goutle, avec les
120 2994 1218 3068 plus grands ménagements, il lui apprit de terribles
107 3044 1212 3122 nouvelles. Son père n’était plus : on l’avait trouvé
110 3111 1215 3176 mort dans son cabinet, et sur sa table était posée une
114 3141 1219 3221 lettre adressée à son gendre, dans laquelle il faisait
115 3204 1205 3275 l’aveu de sa ruine complète, provoquée par des spé-
110 3268 1211 3342 culations malheureuses, et activée par les sinistres
121 3311 1207 3387 commerciaux qui avaient éclaté, comme un vaste in-
115 3372 1212 3442 cendie, en Allemagne et en Belgique. La ruine laissa
113 3414 1208 3500 Eulalie insensible, mais la mort de son pauvre père,
122 3474 1213 3556 cette mort mystérieuse dont le secret restait entre lui
115 3529 1208 3610 et Dieu, la frappa au cœur. Elle pleura longtemps,
120 3581 1212 3664 sans pouvoir être consolée, ni par les exhortations de
113 3639 1213 3713 son mari, qui semblait pénétré de compassion, ni
113 3688 1215 3759 même par les caresses de son fils. En le voyant, elle
111 3747 1212 3817 se souvint surtout que cet enfant avait été une des
121 3796 1212 3873 dernières joies de son grand-père et qu’il se plaisait à
117 3846 1201 3927 former pour lui mille projets de bonheur et de for¬
1339 321 2424 453 tune que le sort venait de déjouer si cruellement, en
1346 417 2432 513 emportant dans le même tourbillon et la vie de
1337 463 2057 535 l’aïeul et les richesses du petit-fils.
1379 520 2431 616 A cette première et navrante douleur succédèrent
1332 573 2430 671 les tristesses de détail, qui accompagnent la mort, et
1337 621 2427 719 qui sèchent les larmes, en donnant au deuil le plus
1337 695 2417 774 profond un caractère particulier d’amertume et d‛a¬
1336 752 2430 817 ridité. Il est triste de suivre un cercucil, d’entendre
1327 780 2435 872 les psumes des funérailles, de voir disparaître sous
1329 853 2427 933 la terre l’être qu’on aima et dont on fut aimé... Mais
1332 899 2431 990 il est plus triste de rentrer dans la maison vide, de
1327 951 2426 1045 voir les choses habituelles de la vie, de reprendre
1323 986 2430 1090 leur cours, et plus triste encore d'entendre sur une
1332 1056 2426 1150 tombe à peine fermée des discussions d’argent, et de
1332 1115 2419 1201 débattre ses intérêts à propos de la succession de ce
1332 1176 2419 1264 père, de ce frère, qui n’est plus aux yeux de la loi
1334 1232 2421 1314 que le défunt. Il est triste surtout de voir livrer à la
1337 1279 2420 1361 publicité les actes de la vie intime, d’initier le public
1322 1334 2416 1419 à ses secrets, et d’entendre le blâme des indifférents
1318 1396 2417 1475 autour d’une mémoire révérée, qu’on voudrait ense¬
1322 1453 2416 1523 velir au fond de son cœur pour la dérober aux calom¬
1318 1489 1721 1550 nies des méchants.
1359 1558 2427 1626 Eulalie subit toutes ces douleurs. La mort de son
1326 1607 2424 1679 père avait révélé sa ruine complète; sa fortune, celle
1322 1669 2421 1747 de sa fille, celle de son gendre étaient englouties dans
1322 1714 2428 1793 ce désastre immense ; nul autre n’en avait souffert, et
1326 1769 2414 1860 cependant tous blâmaient M. de Verne, son esprit in¬
1325 1829 2413 1906 ventif et ses spéculations hasardeuses; un tolle géné¬
1319 1868 2419 1964 ral s’élevait contre lui. Eulalie le savait et en souffrait,
1322 1938 2416 2011 mais bientôt de nouvelles peines vinrent peser sur son
1320 1986 2414 2064 âme. Elle n’avait plus aucune fortune, mais elle se
1316 2047 2412 2127 croyait libre de dettes et d’obligations, et elle pensait
1320 2109 2405 2173 que la vente de son mobilier, de ses tableaux, de sez
1316 2153 2419 2223 bijoux lui assurerait des ressources modestes, mais
1311 2211 2412 2285 certaines. Elle exprimait cette pensée à Léopold;
1311 2260 2406 2330 il lui apprit alors avec confusion que cette res¬
1309 2306 2409 2381 source, dernière planche dans le naufrage, allait leur
1318 2360 2409 2456 échapper. Le turf et le lansquenet sont plaisirs coûteux,
1308 2421 2406 2489 et Leopold, n’ayant réussi ni dans ses paris ni dant ses
1305 2492 2406 2544 coups de dés, avait contracté de ruineux emprunts.
1305 2528 2396 2602 L’heure de l’échéance allait sonner, et l‘élégant mobi¬
1305 2584 2392 2652 lier, les marbres, les tableaux, les fleurs et les pal¬
1305 2645 2399 2705 miers de la serre, l’écrin, la vaisselle, devenus la proie
1305 2692 2399 2754 des huissiers, vendus à la criée, suffiraient à peine à
1305 2751 2399 2812 combler l’abîme de ces dettes. Lorsqu’il eut achevé
1307 2798 2398 2870 cet aveu, qui mettait sa femme et son fils en présence
1305 2858 2396 2918 d’une ruine imminente, Léopold se tut, accablé; mais
1302 2900 2398 2975 les coups du malheur qui terrassaient sa nature faible
1302 2965 2395 3032 et un peu indolente, stimulaient dans Eulalie une
1302 3023 2394 3080 énergie qui s’ignorait elle-même et que le grand jour
1301 3069 2388 3147 de l’infortune devait dévoiler. « Ne désespérons pas!
1302 3118 2378 3189 dit-elle à son mari. Il faut, avant tout, sauver l’hon¬
1300 3183 2389 3237 neur; abandonnons à nos créanciers le peu qui nous
1293 3229 2384 3304 reste, et nous, travaillons!—Travailler! répondit Léo¬
1305 3279 2378 3350 pold, eh! mon Dieu! comment, et à quoi? — Je pour¬
1293 3351 2382 3392 rais peut-être donner des leçons, dit Eulalie avec
1302 3386 2378 3462 douceur, et vous, n’avez-vous pas fait votre droit,
1293 3453 2391 3504 n'êtes-vous pas avocat?—Si, mais je suis bien brouillé
1293 3504 2382 3558 avec la jurisprudence ; je n’ai jamais plaidé, et depuis
1300 3547 2384 3622 longtemps je n’ai pas étudié. — Quels seraient vos
1305 3597 2384 3689 plans ? répondit Eulalie sans se décourager; je vous
1293 3643 2356 3721 soumets les miens, communiquez-moi les vôtres. —
1305 3717 2385 3777 Voici, dit Léopold, non sans quelque embarras. Vous
1293 3761 2385 3831 savez que mon père avait un frère qui est resté en
1301 3818 2381 3879 province, à Angers, où il a un commerce étendu de
1300 3875 2391 3946 grosse quincaillerie et de métaux. Il vit seul avec sa
