2822 3966
1591 77 1687 173 124
537 118 1610 234 violons divisés, produit un effet plus saisissant encore. L’air
539 209 1599 278 de Rézia est le digne pendant du grand air de Freyschulz
542 261 1599 328 Enfin, le petit duo entre Puck et Obéron, avec violon solo
548 308 1596 369 qui vient s’enchainer au chœur des nymphes de la mer
542 355 1599 413 donne à cette combinaison harmonique je ne sais quoi de
542 407 1599 482 vague et de mystérieux dont l’oreille est à la fois inquiète
539 451 765 512 et charmée.
581 473 1588 553 Le troisième acte a un cachet très-différent des deux au
545 528 1596 606 tres ; à l’épopée succède l‘idylle; à l'opéra succèdle l‛opére
539 584 1596 650 comique. L’ariette de Fatime et le duo qui suit participent de
539 641 1596 691 ce nouveau caractère entièrement opposé au précédent. Le
539 688 1591 743 trio qui vient après est certainement une des plus belles
539 735 1591 790 pages de l’œuvre. Enfin, une valse des plus originales et le
537 782 1580 837 chœur final de l’apothéose d’Obéron complètent cette splen-
534 817 801 884 dide partition.
573 823 1591 928 Le ténor Michot s’est parfaitement acquitté du rôle de
531 908 1591 974 Huon de Bordeaux. Madame Rossi-Caccia a représenté
526 958 1583 1021 consciencieusement et avec infiniment de verve et de goû-
523 999 1583 1071 le personnage de Rézia, la fille du calife de Bagdad. Quant
523 1040 1585 1115 à Fromant, chargé du rôle d’Obéron, nous regrettons de ne
520 1095 1583 1162 pouvoir lui donner la part d’éloges que nous accordons de
520 1145 1585 1206 si bon cœur à ses compagnons. L’orchestre doit recueillir
515 1192 1580 1263 à juste titre les honneurs de la soirée; l’ensemble parfait
515 1239 1574 1302 de l’instrumentation, la pureté et le talent des soli, la ma
515 1296 1580 1346 gnifique exécution de ce magnifique opera, lui ont valu la
515 1324 1492 1398 plus large part des bravos enthousiastes de la salle.
562 1373 1580 1440 Le Théâtre-Italien vient de remettre en scène Don Juan,
523 1398 1574 1492 le chef-d’œuvre de Mozart. C’était à la fois un devoir à
512 1453 1577 1541 remplir et un modèle : à donner un devoir, parce que les
515 1506 1583 1588 grandes tradition doivent se perpétuer dans une nation
1687 140 2744 264 d’où tous les arts et toutes les sciences jaillissent pour fé¬
1687 237 2736 303 conder le monde ; un modèle, parce que Mozart est le maître
1690 278 2733 352 qui a le mieux compris les grandes formes du rhythmé mu-
1682 328 2736 396 sical. Dans l’enchaînement, dans le développement, dan-
1685 372 2736 449 l’idée mélodique, dans les caractères, Mozart n’a pas eu de
1687 413 2733 495 rival. Il a su fondre, en un tout harmonieux et grandiose,
1685 462 2730 542 les éléments les plus hétérogènes ; et cela, sans ce tapage
1679 504 2725 586 infernal qui est un des caractères saillants de la musique
1682 559 2728 628 moderne, avec cette simplicité substantielle qui est la vraie
1674 597 2733 674 poésie, la vraie grandeur. Il est donc utile de placer ce beau
1682 655 2730 718 et sévère talent sous les yeux de nos jeunes compositeurs.
1671 694 2722 773 C’est le meilleur livre où ils doivent puiser les enseigne-
1679 743 2728 809 ments sérieux ; c’est le grand style qu’ils feront bien de
1674 793 2725 859 prendre pour modèle. Malheureusement les artistes du théâ-
1671 845 2730 908 tre de M. Calzado ne sont pas à la hauteur de l’ouvrage
1668 884 2730 969 qu’ils avaient à représenter ; aussi l’exécution de Don Juan
1668 922 2230 985 laisse-t-elle vivement à désirer.
1704 972 2717 1043 Il serait fort difficile de rendre compte de la bouffon-
1668 1021 2719 1090 nerie intitulée : Croquefer, représentée récemment aux
1671 1065 2719 1142 Bouffes-Parisiens, paroles de MM. Jaime et Tréfeu, mu¬
1660 1120 2719 1189 sique de M. Offenbach. Nous dirons seulement que cet
1663 1164 2714 1239 harmonieux salmigondis a obtenu un succès de fou rire, et
1671 1206 2615 1272 qu’il promet à l’administration d’excellentes recettes.
1701 1258 2719 1327 Mais voici venir un grand prix de Rome, auquel M. Offen-
1665 1302 2717 1368 bach accorde une hospitalité fraternelle : c’est M. Galibert.
1663 1354 2719 1418 auteur d’un proverbe lyrique en un acte qu’on appelle
1663 1401 2722 1464 Après l’orage. C’est un petit roman jonché de jolies fleurs
1657 1445 2719 1514 mélodiques, rempli de grâce et de sentiment, qui s’alterne
1660 1495 2725 1566 de la façon la plus heureuse avec la folie dont nous avons
1657 1536 2045 1599 parlé tout à l’heure.
2241 1544 2579 1613 MARIE LASSAVEUR.
1200 1671 1558 1797 Economie
1610 1690 2031 1803 Domestique
787 1775 1277 1899 DÉJEUNER DE NOCES.
950 1874 1115 1974 Huitres.
501 1916 1060 2042 Jambon au vin de Madère.
1082 1935 1566 2048 Petits pâtés à la béchamel.
889 2001 1178 2084 Turbot au bleu.
506 2029 928 2117 Rissoles de riz de veau.
1244 2040 1561 2139 Poularde truffée.
504 2100 889 2196 Gelée au marasquin.
1118 2103 1572 2199 Mayonnaise de homard.
911 2155 1153 2246 Faisan rôti.
501 2180 782 2296 Aspic de gibier:
1195 2191 1552 2312 Pudding ou nougat.
950 2238 1107 2340 Dessert.
1690 1792 2717 1918 Si le nombre des convives était considérable, on pourrait
1646 1880 2527 1974 doubler les entrées et les entremets comme suit :
1649 1949 2037 2034 Soles à la normande.
2455 1968 2717 2056 Pieds truffés.
1646 2018 2717 2122 Côtelettes de mouton. Escalopes de filets de bœuf aux
2458 2089 2717 2150 champignons.
1643 2092 1965 2183 Pâté de foie gras.
2428 2128 2714 2191 Soufflé au riz.
1638 2161 2078 2249 Macaroni au parmesan.
2386 2161 2717 2257 Galantine truffée.
1214 2441 2012 2590 CORRESPONDANCE
487 2618 2697 2730 PLANCHE IV. — 1 et 2, Passe et rond de bonnet pour enfant — 3, Entre-deux — 4, Garniture — 5, Garniture — 6, The
564 2686 2662 2783 rèse — 7, Boutonnière — 8 et 9, Col et manchette — 10, H. P.—11, Boutonnaère — 12, Zuléma — 13, Mouchoir
562 2730 2692 2846 14, V. B. — 15, Lucie — 16, Écusson avec la lettre R — 17, Écusson avec Ia lettre G — 18, L. P. — 19, Semé —
559 2775 2695 2879 20, Écusson — 21, A. E. L. — 22, Écusson — 23 et 24, Col et manchette — 25, Dessin pour feston — 26, Clara —
562 2830 2695 2945 27. Garniture — 28, coralie — 29, 30 et 31, Col, garniture et entre-deux — 32, E. A. — 33, C. M. — 34 à 37, Pa¬
559 2893 2684 2989 tron d’un mantelet châle — 38, Croquis de ce mantelef — 39 et 40, Étole — 41, Bordure — 42, Patron de giroflée
548 2942 2697 3053 43, Hortense — 44, Entre-deux — 45, Entré-deus — 46, Col pour broderie à la minute — 47, Entr-deur — 48, Ecus-
548 3000 2697 3124 son avec les lettres C. M. — 49, D. R. — 50, Patron de jasmin — 51, Dessous de lampe — 52, Modèle de fleur en
545 3055 1916 3157 coton — 53, Sac à argent — 54 et 55, Figures pour la broderie à la minute.
515 3163 1533 3256 Tu es affamée de nouvelles, ma chère Florence, et
479 3209 1539 3325 comment t’en donner, lorsqu’ici il n’est plus qu’une
471 3281 1533 3361 seule chose qui préoccupe ? Cette chose fait le fond
468 3322 1533 3419 de toutes les conversations ; elle passe avant la santé;
465 3369 1533 3471 les petits prodiges musicaux que chaque carême voit
468 3430 1536 3526 éclore, et qui, fleurs poussées en serre chaude, n’ont
465 3493 1525 3589 pas toujours de lendemain, à peine peuvent-ils dis¬
460 3534 1563 3672 traire une heure de l'unique, de la grande, de later¬
1616 3198 2681 3275 rible affaire.— De quoi donc s’agit-il, te demandes-tu?
1613 3251 2673 3339 Serait-il possible qu’à Paris la grâce divine eût telle¬
1616 3317 2689 3380 ment touché les cœurs, que ce fût du salut que l’on
1624 3375 2681 3457 se préoccupât aussi vivement? Hélas! hélas ! nous
1616 3416 2684 3487 n’en sommes pas encore là, et, bien que le temps où
1618 3479 2684 3534 nous nous trouvons y devrait convier, ce n’est pas de
1616 3531 2681 3587 son amendement que chacun s’inquièle le plus, c’est
1616 3581 2689 3669 de la comète, comme on dit ; car lorsqu’on parle de
