2946 4158
1546 84 1769 201 312
1247 319 2037 433 Revue Musicale.
546 563 1606 654 C'est surtout aux théâtres lyriques que peut s'appliquer,
508 634 1601 709 pendant l'été, l'expression consacrée dans le monde drama¬
503 692 1608 754 tique, de morte-saison. Le Théâtre-Italien ne rouvre ses
512 735 1606 806 portes qu'au mois d'octobre, et les premiers sujets de
510 788 1599 852 l’Opéra exploitent à l’étranger ou dans les départements
507 833 1601 891 les congés que l’administration ne leur accorde que pendant
500 881 1601 943 les mois d’été. Cette année, le Théâtre-Lyrique avait cessé
503 931 1604 984 de jouer, et les Bouffes-Parisiens eux-mêmes avaient émigré
498 974 1597 1029 à Londres. Mais voici le moment arrivé où leurs engage¬
495 1025 1601 1091 ments vont réunir à Paris les artistes en renom, et où tous
498 1080 1127 1134 les théâtres vont lutter d’activité.
536 1115 1601 1175 L’Opéra prépare un grand ouvrage en cinq actes, la Magi¬
495 1173 1609 1235 cienne, de M. Halévy. On dit déjà des merveilles d’une mise
498 1223 1596 1271 en scène qui doit dépasser les splendeurs de la Juive et de la
500 1271 1601 1322 Reine de Chypre ! Quant à l'Africaine, de M. Meyerbeer, c’est
503 1324 1601 1372 un astre qui brille à peine dans les horizons les plus vagues
500 1360 1601 1420 de l’Opéra. On se rappelle qu’il s’est passé cinq anées entre
507 1420 1601 1477 Robert et les Huguenots, treize entre les Hugusnots et le
510 1465 1604 1523 Prophète. S'il faut suivre cette progression, combien fau¬
510 1517 1601 1563 dra-t-il de temps entre le Prophète et l'Africaine? En atten¬
507 1566 1601 1613 dant, on a repris le Cheval de Bronze, une des plus char¬
503 1609 1601 1669 mantes partitions de M. Auber, représentée, pour la première
500 1659 1597 1712 fois, à l’Opéra-Comique, en 1835. Dans aucun de ses ou¬
510 1707 1599 1757 vrages l’illustre maëstro, qui est l‘honneur de l‛école fran¬
512 1750 1601 1809 çaise, n’a été plus prodigue de ses mél odies faciles et char¬
500 1810 1314 1851 mantes, si pleines de verve et d’originalité.
539 1850 1594 1900 Le succès du Cheval de Bronze avait été très-grand à
495 1900 1601 1977 l’Opéra-Comique, il a été plus grand encore à l’Opéra. Les
1688 570 2803 647 récitatifs obligés n’ont rien enlevé à l’entrain de la pièce, et
1692 637 2798 692 les nouveaux morceaux que M. Auber a ajoutés à la parti¬
1688 687 2806 745 tion sont tout à fait dignes de l'auteur de la Muette et du
1688 733 1946 793 Domino Noir.
1724 775 2805 845 Le Théâtre-Italien annonce une saison des plus brillantes,
1688 819 2806 902 car son programme se compose d’une série de chefs-d’œuvre
1688 872 2803 939 de Rossini, Bellini, Donizetti, Verdi, Mozart, Cimarosa :
1688 939 2803 977 il Barbiere, la Norma, Don Pasquale, Il Provatore, Don Gio¬
1683 974 2327 1037 vanni, II Matrimonio segreto, etc.
1724 1029 2803 1084 L’Opéra-Comique, fidèle à ses tradition de théâtre pour
1692 1070 2803 1132 ainsi dire classique, remet successivement à la scène les
1692 1127 2806 1183 œuvres de la plupart des maîtres qui ont fait la gloire de
1688 1171 2327 1235 ce genre essentiellement national.
1731 1213 2810 1286 Tandis qu’à l’Opéra le Cheval de Bronze faisait sa réap¬
1695 1286 2812 1333 parition transformé en grand opéra, le Théâtre-Lyrique
1683 1334 2810 1372 inaugurait sa réouverture avec Euryanthe dans les condi¬
1692 1367 2815 1427 tions inverses, c'est-à-dire Euryanthe, opéra écrit par
1697 1422 2815 1479 Weber avec récitatifs et transformé aujourd'hui en opéra
1692 1472 2803 1527 comique. Singulière destinée des chefs-d’œuvre des com¬
1695 1523 2810 1578 positeurs étrangers en France... car de Freyschütz, opéra
1688 1573 2813 1623 comique, nous avions déjà fait un grand opéra ! Plusieurs
1688 1620 2813 1675 morceaux d’Euryanthe ont été supprimés, d‘autres ont éné
1692 1666 2810 1724 déplaces, et, de plus , on a intercalé dans la portion de
1697 1714 2806 1769 Weber sa Marche de Preciosa et l'invitation à la valse. Le
1692 1767 2815 1824 succès a été complet, et il sera dit dans l’histoire de l‘art de
1692 1815 2815 1862 ce temps-ci que le Théâtre-Lyrique, au milieu de changes
1688 1857 2812 1918 diverses, aura su populariser cette admirable trilogie de
1685 1910 2305 1985 Freyschütz, Oberon et Luryanthe !
970 2348 2348 2466 GESTA DEI PER FRANCOS
1006 2623 1968 2707 Sur les flots soulevés, quelle que soit la nuit,
1020 2679 1930 2750 Quel que soit l’ouragan qui menace sa tête,
1008 2724 2028 2806 La France, pour ce monde, est un phare qui luit
1072 2786 1702 2851 Et doit survivre à la tempête.
1017 2889 2066 2976 Tel qu’un coursier sans frein, vers un but inconnu,
1017 2966 1977 3033 A travers les périlS le genre humain s'avance ;
1013 3014 2042 3104 Dans nos cœurs cependant nul effroi n'est venu...
1079 3066 1790 3167 Jamais Dieu n’oubliera la France.
1008 3165 2197 3286 Aux jours futurs, Seigneur, comme aux jours d’autrefois,
1006 3241 1814 3329 Inspirez son génic, et faites de sa voix
1073 3294 1657 3382 L'interprète de vos oracles !
1012 3377 2101 3511 Guidez, Seigneur, guidez ses drapeaux triomphants
1008 3475 1936 3550 Et choisissez toujours les bras de ses enfants
1077 3529 1783 3614 Pour instrument de vos miracle!
1735 3598 1936 3669 C. de N.
1216 3657 2035 3746 (Souvenirs d'un Voyageur. — Poésies.)
