2897 4318
1208 155 1304 221 371
237 203 1232 287 — Ton père est riche, et moi je suis ruiné, répon¬
188 261 1235 333 dit ben Salem d’une voix sombre, combattu tour à
190 320 1228 393 tour par la pitié et l’avarice; n’a-t-il pas fallu donner
185 378 799 435 aussi quelques bijoux à Aïcha?
222 430 1236 497 — Je coûte si peu à nourrir, reprit-elle d’un ton
174 478 1227 552 suppliant; je ne te demanderai rien pour ma parure,
180 525 1235 610 tu donneras ce qu’il te plaira à ta nouvelle femme, je
172 578 1235 657 n’en serai pas jalouse; je deviendrai sa servante, son
180 631 1228 713 esclave, si tu l’exiges, peu m’importe, pourvu que je
182 679 673 742 vive avec mon enfant! »
219 731 1233 802 Pendant ce temps, la petite Hapénia frappait contre
174 779 1232 860 la porte, se débattant encore contre la femme de son
182 842 1230 906 père. Aïcha, impatientée, leva la main sur l’enfant
174 894 1236 969 avec une brutalité fort commune parmi les femmes
171 935 324 997 arabes.
209 993 1228 1067 « Mère, mère, à mon secours ! elle me bat ! » cria
175 1045 747 1103 Hapénia de toutes ses forces.
213 1098 1219 1174 La mère se releva d’un bond, furieuse, échevelée,
177 1140 1227 1222 écumante de haine et d’amour. Par un mouvement
172 1203 1228 1275 si rapide qu’il fut impossible à ben Salem de le pré¬
177 1248 1228 1331 venir, elle franchit l’escalier et se rua contre la porte
174 1307 1225 1372 avec une force surhumaine. Le pène fléchit presque
171 1354 1225 1418 sous la violence du choc, mais le contre-coup fut fatal
163 1401 1225 1480 à la pauvre mère, et elle tomba évanouie sur le seuil.
208 1465 1222 1536 D’abord Sidi ben Salem crut sa femme morte,
163 1510 1225 1576 mais s’apercevant qu’elle respirait encore, il ne son¬
171 1557 1214 1628 gea plus qu’aux moyens de s’en débarrasser au plus
174 1620 1225 1678 vite; et, comme il n’ignorait point que les religieuses
171 1662 1216 1731 de l’hospice recevaient avec la même charité les Ara¬
164 1719 1214 1779 bes et les Français malades qui pouvaient trouver
167 1765 1220 1860 place dans leur maison, il traîna dans la rue le corps
1307 233 2360 343 de Sahara, appela deux nègress qui s’en allaient à leur
1317 296 2359 398 travail, leur donna huit sous pour porter cette femme
1309 346 1895 431 à l’hôpital, et n’y pensa plus.
1356 493 2355 588 Cette histoire, telle que je l'ai racontée, n'est point
1312 541 2355 638 chez les musulmans un fait à part, un de ces crimes
1309 602 2355 687 isalés que les lois peuvent punir ou que tout au moins
1314 646 2346 744 la religion condamne; non, Sidi ben Salem, en pre¬
1309 692 2360 797 nant une seconde femme, en répudiant la première,
1323 745 2359 836 en la privat de son enfant et la faisant mourir de
1314 799 2359 884 douleur, sans avoir autre chose à lui reprocher que
1307 850 2360 940 la perte de sa beauté, que lui-même avait flétrie par
1312 900 2351 997 les mauvais traitements et les privations, Sidi ben Sa¬
1314 950 2355 1048 lem n’était aux yeux de ses coreligionnaires ni cruel,
1312 1018 2349 1087 ni coupable; il pouvait sans remords aller marmotter
1309 1072 2349 1154 des prières dans la mosquée et accomplir les préceptes
1309 1116 2354 1198 minutieux du Coran. Tels sont les fruits de la religion
1311 1174 2352 1259 de Mohammed, tel est l’état d’abrutissement et de
1302 1235 2354 1299 servitude où il a réduit la femme, cette compagne de
1311 1269 2349 1346 l’homme, à qui le christianisme assigne une si belle
1314 1323 2339 1410 part dans cette vie et dans l’autre, et qu’il nous a mon¬
1309 1377 2069 1439 trée tant de fois si noble et si sublime.
1356 1425 2354 1502 Quant à Sahara, au bout de trois jours elle mourut
1306 1465 2355 1554 dans les bras de sœur Constance, mais sans désespoir
1298 1542 2346 1596 et presque sans regret ; car après des démarches nom¬
1304 1578 2351 1653 breuses, la bonne sœur avait obtenu de ben Salem
1309 1634 2347 1713 qu’Hapénia vînt embrasser sa mère, et elle avait pro¬
1298 1697 2338 1758 mis de plus à la mourante d’avoir pitié de cette pau¬
1309 1739 2304 1814 vre petite fille, et de la prendre sous sa protection.
1713 1789 2212 1889 Comtesse DE LA ROCHÈRE.
612 2111 1905 2215 VOUS EN SOUVENEZ-VOUS.
678 2336 1678 2441 Vous en souvenez-vous ? il est bien loin cet âge...
678 2421 1592 2484 Oh ! vous aviez alors au plus cinq ou six ans,
675 2473 1483 2531 Mais on aimait déjà votre gentil langage
679 2515 1726 2594 Comme un premier marmure au souffle du printemps.
678 2566 1716 2648 Vous couriez dans les prés, vous étiez rose et blanche,
789 2621 1306 2679 Et puis chaque dimanche
671 2673 1613 2729 On vous faisait plus belle et c'était un bonheur !
683 2727 1724 2797 Vos grands yeux noirs brillaient de joie et de candeur;
665 2772 1584 2837 Puis, courant me montrer votre belle parure,
671 2830 1571 2888 Si je n'admirais pas, vous étiez en courroux,
678 2874 1575 2950 Et vous ne vouliez plus oublier cette injure...
794 2924 1275 3001 Vous en souvenez-vous?
679 3007 1476 3088 Que vous étiez alors et rieuse et folâtre !
678 3067 1610 3140 Comme vous bondissiez, dans vos élans joyeux,
678 3120 1723 3185 Quand vos cheveux flottaient sur votre cou d’albâtre,
679 3181 1486 3233 Et que votre front pur devenait radieux !
675 3217 1719 3288 Pour vous faire un bonheur, qu'il fallait peu de chose !
794 3275 1248 3341 Un bonbon, une rose...
671 3321 1641 3387 Et je vous la prenais, et vous disiez : « Méchant,
671 3378 1716 3450 Rends-la-moi! »Puis, partout vous alliez la cherchant.
678 3428 1668 3495 Quel triomphe joyeux quand vous l'aviez trouvée!
671 3478 1608 3539 Alors, pour me punir, sautant sur mes genoux,
683 3529 1480 3590 Votre petite main, terrible, était levée...
797 3577 1288 3663 Vous en souvenez-vous?
