2897 4318
1230 194 1380 269 213
219 268 1256 336 Arrivés au petit Salon où jadis il avait présenté
178 331 1259 392 M. de la Morandière à sa cousine, il aperçut un
185 383 1189 444 vieillard assis dans un fauteuil. C’était le recteur.
223 442 1254 526 « Salut et bénédiction, dit-il, à ceux qui reviennent
176 494 796 568 dans la maison de leurs pères.
282 548 1252 614 Vous aussi, monsieur le recteur! s’écria Henri.
169 598 1020 661 Je reprends donc tous mes biens à la fois!
286 661 1256 729 Vos amis vous sont restés fidèles. Et quant à ce
169 702 1250 798 château, ne comprenez-vous pas qu'il vous est rendu?
275 762 428 823 O ciel!
278 794 1248 905 Par l’entremise de ce bon ange qui veillait dans
165 851 379 927 l’ombre...
269 895 532 975 Mais André?
269 952 1250 1022 André n’a été que l’homme d’affaires dont ma¬
169 1017 1236 1108 dame la vicomtesse s’est servie pour racheter le châ¬
171 1078 280 1141 teau.
264 1110 1241 1205 O ma cousine! vous méritez bien le nom de bon
163 1193 1080 1268 ange que notre pasteur vient de vous donner.
264 1239 1243 1317 Henri, dit-elle, je n'ai aucun mérite en tout ceci.
163 1283 1241 1360 Tenez, ajouta Diane en présentant un livre au rec¬
172 1338 1239 1417 teur, voici le consolateur et l’appui que vous m’aviez
176 1397 1214 1468 prêté. Grâce à lui, les épreuves m'ont été légères. »
205 1457 1232 1534 Le comte devint rêveur, et, questionné par Dione,
158 1493 530 1568 il répondit enfin:
1385 277 2411 384 « Ma chère cousine, mes voyages sont terminés;
1335 338 2409 436 mais j’en ai rapporté pour vous un souvenir que je
1338 401 2403 487 vous offrirais si je l’osais... et si vous daigniez l‘ac¬
1340 442 1485 521 cepter.
1455 478 2409 595 Qu'est-ce donc?... osez... entre amis comme
1335 551 1460 632 nous.
1435 582 1936 683 Tenez-moi votre doigt.
1385 641 2107 738 — Pourquoi?... quel enfantillage!»
1376 702 2411 792 Elle tendit son doigt. Henri y passa un anneau d’or.
1378 778 2418 839 Jacqueline battit des mains. Diane se retourna en
1327 828 2145 891 rougissant vers le recteur et demanda :
1374 878 2303 959 « Est-ce que je puis accepter ce... souvenir?
1435 932 2416 1013 Oui, mon enfant, dit le vieillard en souriant.
1336 984 2416 1062 Vous avez racheté le château ; mais votre œuvre se¬
1327 1040 2414 1110 rait imparfaite si vous ne preniez hypothèque sur la
1326 1087 1811 1151 raison de votre cousin.
1428 1133 2418 1227 D'ailleurs, dit le comte, sans cela je refuse ses
1320 1189 1726 1275 bienfaits et je pars.
1430 1238 2405 1336 Eh bien! dit la jeune femme, je consens à l’é¬
1322 1292 1494 1369 change.
1430 1333 2405 1432 Ah! s'écria Jacqueline, je puis mourir en paix.
1318 1394 2416 1491 Mon fieu sera heureux..., et pas plus de la Morandière
1318 1459 1733 1547 que sur la main ! »
1913 1509 2346 1620 ALFRED DES ESSARTS.
548 1929 1992 2041 CHANT DES MOISSONNEURS
742 2132 1432 2218 S’il est un jour de fête au monde,
736 2197 1292 2267 Un jour d’azur et de soleil,
736 2247 1426 2310 C’est le jour où la moisson blonde
738 2306 1423 2400 Tombe sous le tranchant vermeil.
729 2391 1290 2479 La récolte riche et superbe
724 2463 1333 2518 promet à chacun son trésor :
733 2513 1356 2581 La veuve y trouvera sa gerbe,
729 2565 1259 2637 Et l’orphelin son épi d’or.
727 2662 1545 2721 combien d’indigents sous leurs chaumes
729 2712 1401 2786 Vont rapporter, contents de peu,
735 2764 1593 2833 Un cœur moins haineux pour les hommes,
727 2822 1392 2905 Et plus reconnaissant pour Dieu!
720 2919 1356 2985 Ta sueur est sainte et féconde,
715 2973 1320 3039 Laboureur au front sillonné;
718 3027 1455 3097 C’est ta main qui nourrit le monde ;
718 3079 1342 3161 Par toi le pain nous est donné.
710 3181 1284 3251 Royauté pacifique et douce,
711 3239 1378 3310 les conquêtes sont les moissons ;
715 3289 1559 3368 Ton trône, un peu d’herbe et de mousse ;
722 3339 1378 3418 les lois, tes édits, des chansons.
718 3404 1403 3513 S’il est un jour de fête au monde,
711 3470 1247 3571 Un jour d’azur et de soleil,
718 3513 1401 3623 C’est le jour où la moisson blonde
710 3576 1396 3681 Tombe sous le tranchant vermeil.
1274 3668 1437 3742 MARTIN.
