2939 4158
1550 51 1654 150 370
487 137 1558 226 — A quoi bon? dit Sahara affectant une indiffé¬
445 226 1558 292 rence qui était loin de son cœur; n’est-il pas le maître
445 271 1558 356 de prendre une seconde femme? Adieu, népresse, la
456 334 862 405 paix soit avec toi. »
497 368 1559 454 L'esclave rentra chez son maître, et la bédouine
452 442 1561 502 fondit en larmes. Quelque malheureuse que Sahara
445 488 1552 562 eût été jusqu’alors, elle se trouvait au moins maî¬
445 549 1559 620 tresse au logis en l'absence de ben Salem, et l'idée de
453 596 1555 679 partager avec une autre femme cette ombre d’autorité
445 659 1561 725 ne laissait pas que de lui être fort pénible ; mais cet
452 718 1552 782 événement, quelque inattendu qu’il fût pour elle,
445 776 1555 840 était si commun dans le pays, il devait paraître si na¬
445 819 1558 892 turel à une femme arabe, que Sahara ne put s'empê¬
445 875 1551 950 cher de se répéter à elle-même ce qu'elle avait ré¬
449 940 1345 1003 pondu à la négresse : « Il était le maître. »
484 982 1555 1053 Cependant mille pensées dévorantes formentaient
432 1046 1551 1106 dans son cerveau : « Cette femme sera-t-elle une
433 1104 1548 1176 compagne paisible ou une rivale acariâtre ? la surpas¬
433 1147 1547 1221 sera-t-elle en beauté, en jeunesse, en talents ? Ach¬
432 1204 1542 1270 med la traitera-t-il avec plus de douceur? l'aimera-t—il
442 1257 1542 1331 comme il avait aimé Sahara au commencement de
442 1327 1545 1390 leur union? tiendra-t-il la balance égale entre elles
439 1372 1334 1434 deux, ou de quel côté la fera-t-il pencher?
480 1418 1545 1495 « Nous verrons ! » se dit Sahara en pensant qu'elle
433 1479 1548 1538 était jeune encore, et que le grand air qu'elle venait
433 1538 1547 1598 de respirer pendant quinze jours, lui avait rendu en
439 1589 1545 1657 partie sa première fraîcheur. D'ailleurs, la pensée
430 1660 1513 1717 de revoir Hapénia vint bien vite essuyer ses larmes.
481 1709 1540 1761 « Je vais retrouver mon doux trésor, se disait-elle,
436 1765 1538 1825 ce bouton de rose au doux parfum, cette perle sans
433 1806 1540 1881 défaut ; la nouvelle femme d’Achmed aura-t-elle ja¬
428 1866 1542 1924 mais une si belle enfant? Y a-t-il sa pareille au monde?»
436 1918 1542 1981 Et d’une main ferme, elle frappa à la porte de sa de¬
428 1974 1542 2038 meure trois ou quatre petits coups redoublés, à la
428 2031 758 2099 manière arabe.
478 2089 1540 2149 Comme la veille, on ne se pressa point d’ouvrir ;
430 2135 1540 2197 mais Sahara, bien sûre alors que la maison était ha¬
428 2193 1128 2254 bitée, frappa de toutes ses forces.
476 2247 1547 2319 Un pas lourd et pesant se fit entendre, et l'on tira
419 2303 638 2372 le verrou.
478 2338 1286 2416 « Que veux-tu? dit une voix brusque.
529 2416 1548 2481 Achmed, c'est moi, dit la jeune femme avec
421 2468 1541 2543 émotion; mon père est parti pour Tuggurt, et me
432 2523 528 2581 voici
473 2566 1544 2633 — Tu aurais mieux fait de partir avec lui, répondit
415 2635 1537 2693 ben Salem avec un certain embarras; tu étais devenue
418 2683 1305 2745 bien maigre, et j’ai pris une autre femme.
463 2743 1534 2808 — Je le sais, je le sait, répondit la bédouine s'ef¬
418 2794 1534 2862 forçant de retenir les larmes qui s'échappaient de ses
421 2849 1471 2911 beaux yeux. Où est ma fille, que je l'embrasse ? »
469 2907 1530 2966 Elle fit un pas en avant, mais le Maure lui barra
409 2945 876 3027 l’entrée de la maison.
452 3014 1537 3069 « Sahara, lui dit-il en hésitant, tu n'ignores point
412 3069 1527 3144 que je me suis ruiné pour toi, et que je n’ai pas le
409 3117 1106 3184 moyen de nourrir deux femmes.
457 3182 1524 3246 — Que veux-tu dire ? s'écria la bédouine éperdue.
529 3233 1527 3298 Que tu es assez jeune pour trouver un autre
406 3287 1524 3347 mari. J'ai demandé le divorce, il a été prononcé; tu
412 3342 1526 3417 avais emporté tous tes effets, je n’ai plus rien à toi.
409 3411 1198 3462 Adieu donc, Sahara, bonne chance. »
457 3456 1528 3514 La foudre tombée à ses pieds n'eût pas anéanti plus
409 3501 1524 3575 complétement cette pauvre créature, elle demeura
409 3563 1528 3627 immobile comme une statue, se demandant si tout
418 3616 1533 3688 ce qui lui arrivait n'était point un mauvais rêve dont
404 3673 1215 3740 le réveil devait la débarrasser bientôt.
452 3744 1517 3830 Achmed profita de cet état de stupeur pour la re¬
1651 138 2775 224 pousser et refermer la porte, afin de couper court à
1646 209 1997 281 la conversation.
1699 261 2763 330 « Ma fille ! je veux ma fille! » s'écria la pauvre
1654 326 2767 384 mère, ainsi brusquement ramenée à la réalité de son
1648 373 1846 445 malheur.
1696 433 2770 500 Et avec une vigueur incroyable de la part de cette
1646 484 2760 549 frêle créature, elle repoussa la porte prête à se fermer
1640 536 1880 621 tout à fait.
1696 594 2772 660 « Ta fille m'appartient, répondit Achmed avec un
1640 651 2772 717 sang froid imperturbable; elle sera belle comme tu
1646 708 2767 771 l’étais jadis, et dans quelques années son mariage me
1648 765 2767 827 dédommagera d’une partie de ce que tu m’as coûté.
1638 820 2535 881 D'ailleurs c’est ma fille aussi, et je l’aime.
1688 872 2763 933 — Mais elle est à moi ! s'écria la bédouine les yeux
1643 931 2765 985 étincelants, comme une tigresse à laquelle on vou¬
1646 984 2097 1056 drait ravir ses petits.
1763 1027 2763 1099 Non ; car le kaïd a prononcé, et la loi me la
1643 1098 2763 1164 donne, répondit encore ben Salem sans sortir de la
1643 1152 2525 1218 modération qu’il paraissait s’être imposée.
1741 1198 2760 1267 Hapénia ! cria la pauvre mère d’une voix si dé¬
1640 1253 2333 1321 chirante qu’Achmed en fut ému.
1684 1314 2762 1377 — Sois raisonnable, dit-il avec douceur; voilà deux
1631 1376 2758 1435 douros, je te les donne en gage d’amitié et pour te
1644 1437 2264 1496 prouver combien je suis bon.
1741 1479 2760 1548 Hapénia! Hapémia!» criait toujours la jeune
1633 1541 2375 1595 femme sans vouloir rien entendre.
1681 1589 2760 1665 D'un bond elle s'élança dans la cour dont ben Sa¬
1626 1648 2508 1709 lem voulut en vain lui défendre l'entrée.
1675 1702 2358 1773 « Hapénia, mon enfant chéri ! »
1674 1754 2608 1821 Une voix plaintive répondit au cri maternel.
1675 1808 2758 1874 « Où est ma fille ? Qui l’empêche d’accourir vers
1633 1874 2753 1939 moi? Qu’as-tu fait de mon enfant, monstre que tu es,
1627 1924 2752 1991 Kilbes, Hallouf ! s’écria la bédouine en se débattant
1643 1976 2114 2039 pour monter l’escalier.
1739 2035 2755 2099 Ah ! tu le prends sur ce ton, dit Achmed en le¬
1633 2091 2753 2149 vant le bras et le laissant retomber de tout son poids
1630 2148 2756 2207 sur les épaules de cet être chétif, qui fut renversésous
1627 2197 1811 2271 le coup.
1662 2262 2755 2322 — Tue-moi, dit-elle en se relevant meurtrie et san¬
1630 2314 2492 2378 glante, mais que j'embrasse mon enfant.
1727 2368 2751 2432 Me voici, mère, me voici! cria une petite voix
1630 2417 2749 2484 entrecoupée de plaintes qu'arrachait à la jeune fille
1627 2470 2031 2543 une lutte inégale. »
1671 2529 2736 2594 C’était Hapénia, que la nouvelle femme d’Achmed
1622 2590 2739 2649 retenait dans la maison, et qui se débattait pour re¬
1620 2639 1973 2710 joindre sa mère.
1670 2686 2250 2753 « Ma fille ! ma fille chérie !
1667 2736 2749 2815 — Eloigne l'enfant et verrouille la porte, Aïcha ! »
1624 2803 1918 2869 cria Achmed.
1664 2851 2734 2924 Le bruit qui retentit aussitôt, montra qu’il était obéi
1665 2923 2742 2983 « Allah ! allah ! s’écria la pauvre mère en retom¬
1617 2965 2742 3037 bant sur ses genoux et sanglotant à feudre l’âme.
1616 3026 2745 3095 Ecoute, Achmed, dit-elle enfin en se calmant par
1616 3086 2743 3140 degrés, laisse-moi la presser sur mon cœur une der¬
1614 3134 1850 3196 nière fois.
1696 3187 2741 3250 Non, répondit ben Salem, car tu as osé m'adres¬
1609 3242 1935 3312 ser des injures.
1657 3287 2731 3364 — Pardon, reprit-elle en lui baisant les pieds. Sa¬
1616 3350 2168 3422 vais-je ce que je disais ? »
1653 3414 2142 3482 Il réfléchit un instant.
1657 3460 2741 3531 « Non, répéta-t-il ensuite, il faudrait toujours nous
1612 3511 2736 3585 dire adieu, et cela ferait encore une scène pénible
1617 3585 2732 3640 qui pourrait la rendre malade; c’est bien assez comme
1612 3631 1716 3703 cela.
1715 3675 2731 3750 Eh bien, garde-moi près de toi, Achmed; mon
1609 3750 2731 3819 père avait quatre femmes, tu peux bien en avoir deux,
