2822 3966
1598 71 1703 147 102
555 129 1614 219 Franche avec tous, elle disait à chacun les vérités
557 193 1608 261 même les plus dures ; mais il y avait tant d'indul¬
558 245 1618 321 gence dans ses reproches, tant de tendresse dans sa
553 300 1615 366 sévérité ! Les plus coupables étaient émus, les plus
550 354 1608 411 audacieux baissaient la tête; ils s'en allaient confes-
547 398 1611 463 sant leurs fautes et promettant d'être meilleurs à
557 458 1611 527 l'avenir. Alors même qu'ils recommençaient, la Sœur
554 511 1606 586 Rosalie trouvait toujours un motif pour ne pas les pu¬
547 562 1611 628 nir. Cependant, un ivrogne, malgré les promesses les
559 614 1603 683 plus formelles, avait si souvent vendu pour boire
550 673 1593 739 tout ce qu'il recevait en objets de literie où de vête¬
540 730 1591 782 ments, qu’elle prit le parti de ne plus rien lui ac¬
550 780 1606 847 corder. A l’entrée de l‘hiver, aux premiers jours de
544 842 1587 912 gelée, il vint audacieusement demander une couver¬
543 890 1595 957 ture, qui lui fut refusée; mais le soir, la Sœur Rosa¬
533 932 1596 1006 lie, à peine couchée, pense que, pendant qu’elle se
535 997 1591 1048 réchauffe dans son lit, le pauvre homme doit avoir
539 1033 1591 1101 bien froid sans couverture. Cette pensée la tint éveil¬
538 1085 1600 1172 lée toute la nuit, et le lendemain il fallut envoyer la
544 1140 1034 1215 couverture au coupable,
1082 1149 1596 1225 afin, disait-elle, que nous
540 1205 1596 1283 puissions, la nuit suivante, nous bien reposer l'un et
540 1248 730 1314 l'autre. »
581 1308 1593 1370 Les malades, les enfants et les vieillards occupaient
533 1353 1589 1437 la plus large place dans le cœur de sœuf Rosalie. Sa
528 1404 1599 1480 maison réunit à la fois une école, un asile, une crèche
533 1463 1587 1539 et une société de patronage pour les jeunes filles,
533 1512 1593 1588 œuvres qui faisaient ses délices et dont elle ne cessa
544 1569 1591 1629 point de s'occuper activement; les malades étaient
533 1615 1587 1689 visités et secourus par elle-même et par ses compa¬
528 1677 1588 1743 gnes, et, pendant les dernières années de sa vie, elle
532 1722 1588 1788 trouva moyen d'ouvrir aux pauvres vieillards de son
524 1772 1591 1836 faubourg un asile modeste où ils purent attendre la
528 1831 1591 1901 mort en paix. Mais quelque grande que fût la part
528 1874 1581 1939 de misère qui lui était confiée, l'expansion de sa cha-
524 1932 1591 1987 rité ne put tenir dans ces limites ; il fallut qu’elle dé¬
528 1979 1592 2051 bordât au dehors, et que la Sœur de charité de la
524 2043 1591 2099 rue de l’Epée-de-Bois devînt la Sœur de charité de
528 2086 1593 2158 tout le monde. — Une fille de Saint-Vincent-de-Paul,
528 2125 1581 2220 disait-elle, c'est une borne sur laquelle tous ceux qui
522 2190 1532 2253 sont fatigués ont le droit de déposer leur fardeau.
565 2254 1591 2309 Aussi, jamais elle ne dit à celui qui s'adressait à
525 2291 1581 2361 elle : — Je n’ai pas le temps ; ou à celui qui lui ten¬
525 2345 1588 2423 dait la main : — J'ai mes pauvres. Individus, œuvres,
517 2408 1588 2472 ordres religieux, l’Église, l'État, la Société, tout le
524 2457 1580 2535 monde s’adressa à elle, et tout le monde fut accueilli ;
532 2505 1581 2586 elle fut sur la terre la représentation de la Provi¬
528 2549 1585 2630 dence, et réalisa, autant qu'il était au pouvoir d'une
522 2604 1587 2678 créature humaine, la promesse de l'Evangile, car elle
522 2674 1580 2726 a ouvert à quiconque a frappé à sa porte, elle a donné
522 2716 1573 2775 à tous ceux qui lui ont demandé, et sa charité a ré¬
525 2758 1585 2840 pondu à toute voix qui l'appelait. Elle faisait plus que
527 2821 1582 2886 de secourir les innombrables misères qui s'adressaient
517 2870 1581 2937 à elle, souvent elle en devinait qui ne s'étaient pas
520 2922 1585 2995 révélées ; elle allait au devant des malheureux qui se
517 2973 1580 3040 cachaient ; les secours pénétraient, sans avoir été de¬
520 3035 1576 3095 mandés, dans les quartiers les plus éloignés du sien.
521 3077 1581 3166 Des familles honorables, victimes d'un changement
521 3132 1581 3210 de gouvernement et rougissant d'avouer leur détresse,
524 3187 1587 3264 après avoir épuisé ce qui leur restait de leur ancienne
516 3235 1581 3318 fortune, étaient sur le point de mourir de froid et de
516 3281 1581 3375 faim au fond d'un grenier, lorsqu'un paquet, une lettre
516 3331 1581 3428 remise par une main inconnue, les rappelait à la vie
522 3384 1569 3482 et à l'espérance ; elles remerciaient Dieu d’avoir en¬
516 3440 1576 3520 tendu leur dernière prière, et se demandaient quel
516 3494 1580 3579 ange avait été sur la terre chargé de les exaucer. Un
477 3563 1578 3654 voisin avait entendu leurs gémissements, surpris leur
1704 149 2745 259 triste secret; il avait été raconter sa découverte à la
1693 217 2744 320 Sœur Rosalie. Un jour, le secours était si peu attendu,
1703 274 2744 355 que, malgré l’extrême besoin, et l‘exactitude de l‿a¬
1696 329 2745 420 dresse, les pauvres gens qui le reçurent ne voulurent
1695 383 2747 468 pas y toucher, dans la persuasion qu'il était destiné à
1698 426 2741 503 un autre ; en vain la dame qui l'avait apporté leur af¬
1687 484 2745 577 firma qu'elle venait de la part de la Sœur Rosalie, et
1698 532 2748 632 qu'elle ne se trompait ni de maison, ni de personnes;
1687 592 2737 665 étrangers, cachés dans une petite rue, bien loin du fau¬
1687 643 2740 734 bourg St-Marceau, ne connaissant personne, n'ayant
1680 691 2744 777 jamais parlé de leur misère, ils n’avaient pas entendu
1691 756 2745 832 prononcer le nom de la sœur Rosalie, ils ne pouvaient
1681 801 2741 878 croire que sa charité les eût devinés ; elle fut obligée
1683 864 2741 931 de venir elle-même les assurer que son secours
1680 909 2308 968 s'adressait bien à leur détresse.
1724 974 2747 1030 « Elle avait mis la charité à la portée de toutes les
1687 1017 2744 1086 positions et de toutes les fortunes ; elle demandait à
1684 1063 2748 1146 chacun ce qu'il faisait le mieux, ce qui lui coûtait le
1677 1118 2737 1197 moins : à l'un sa plume, à l’autre son activité, à ce¬
1683 1160 2742 1245 lui-ci la science, à celui-là la parole, à tous quelques
1677 1225 2741 1288 instants pour aller distribuer des secours, apprendre
1680 1270 2737 1342 auprès des pauvres comment on supporte la mauvaise
1676 1322 2734 1396 fortune, comment on use bien de la bonne, et trouver
1677 1371 2733 1451 dans ces visites l'explication du mystère que Dieu à
1676 1434 2734 1507 caché dans l'inégalité des souffrances et des condi¬
1672 1475 2733 1554 tions humaines. Quelques-uns, employés pendant
1673 1536 2732 1608 toute la semaine, ne pouvaient venir que le diman¬
1669 1592 2736 1662 che ; elle ne les tenait pas quittes d'une bonne œuvre ;
1676 1647 2736 1717 elle leur dictait l'arriéré de sa longue correspondance ;
1680 1702 2732 1768 puis, enseignant à ses élèves ce qu'elle savait si admi-
1670 1752 2741 1809 rablement pratiquer, elle éclairait de son expérience
1669 1792 2741 1874 leurs premiers pas dans la carrière du bien ; elle leur
1669 1847 2741 1921 recommandait : la patience qui ne croit jamais perdu
1670 1899 2734 1966 le temps passé à écouter le pauvre, puisque celui-ci
1676 1950 2741 2020 trouve déjà une consolation dans la bonne volonté
1672 2002 2727 2072 qu'on met à entendre le récit de ses peines ; l'indul¬
1672 2061 2734 2124 gence, plus portée à plaindre qu'à condamner les
1665 2106 2729 2183 fautes qu’une bonne éducation n’a pas prévenues; et,
1663 2168 2741 2232 enfin, la politesse, si douce à celui qui n'a jamais
1663 2215 2734 2289 rencontré que des dédains et des mépris. — Oh ! mes
1665 2265 2732 2323 chers enfants, leur répétait-elle souvent, aimez les
1680 2324 2736 2379 pauvres, ne les accusez pas trop : c'est leur faute, dit
1663 2370 2737 2444 le monde, ils sont lâches, il s sont inintelligents, ilz
1665 2428 2729 2486 sont vicieux, ils sont paresseux... C'est avec de telles
1669 2475 2719 2549 paroles qu’on se dispense des devoirs stricts de la cha¬
1665 2537 2637 2592 rité. Haïssez le péché, mais aimez les pauvres...
1709 2582 2732 2638 » L’ascendant de sa charité s’exerça un jour dans
1667 2637 2727 2704 une circonstance où il y allait de la vie d’un homme,
1663 2679 2714 2759 et où il fallait fléchir une autorité qui ne la connais¬
1661 2737 2730 2799 sait pas. En 1814, pendant l'occupation étrangère, une
1663 2785 2737 2860 troupe russe occupait le marché aux chevaux; le
1667 2841 2736 2902 bruit se répand dans le quartier que, pour une faute
1662 2891 2732 2955 grave contre la discipline, un soldat a été condamné
1665 2944 2737 3000 à mort et que la sentence va être exécutée. Ce bruit
1670 2998 2730 3069 parvient aux oreilles de la sœur Rosalie; elle prend
1662 3059 2725 3118 avec elle une vieille femme, traverse le camp russe,
1665 3102 2723 3165 demande à parler au général. Introduite à l'instant,
1667 3162 2729 3207 elle se jette à ses pieds et le supplie de faire grâce à
1663 3216 2722 3279 cet homme. — Vous le connaissez et vous l'aimez
1667 3269 2722 3316 donc bien! s'écrie l'officier en voyant l'ardeur de sa
1662 3314 2726 3372 prière. — Oui, je l’aime, répondit la sœur, je I'aime
1665 3368 2726 3423 comme un de mes frères rachetés par le sang de
1665 3420 2722 3498 Notre-Seigneur Jésus-Christ, et je suis prête à donner
1656 3469 2283 3546 ma vie pour sauver la sienne.
1699 3525 2708 3580 » La grâce du condamné fut accordée à ses chari¬
1665 3571 2719 3653 tables instances, et la sœur retourna bien vite à la
