2897 4318
1221 190 1314 261 369
212 261 1221 328 Sahara ne trouva pas de paroles pour exprimer
180 322 1224 390 sa reconnaissance, mais son cœur en était si plein
171 383 1227 440 qu’elle débordait pour ainsi dire dans ses yeux et
171 424 1224 492 dans ses gestes. Hélas! s'il eût été permis à la sœur
175 480 1218 544 de parler alors à cette pauvre femme de l’excel¬
174 512 1218 596 lence de notre religion et des trésors de miséri¬
171 583 1218 641 corde qu’elle tient en réserve pour ses enfants, elle
166 637 1219 696 n’aurait pas eu de peine à la convaincre de la divinité
166 678 1215 744 du christianisme, et à la décider à embrasser avec
165 733 1219 798 transport le joug si doux de l’évangile; mais pour
166 794 1212 846 avoir la permission de faire un peu de bien, les re¬
168 829 1214 906 ligieuses sont obligées de borner leurs bienfaits aux
167 892 1216 960 secours temporels, on a exigé de ces saintes filles la
167 942 1216 1006 promesse de ne pas tenter de conversion parmi les
165 999 1206 1061 Arabes; et quoi qu'il en coûte à leur cœur charitable,
166 1044 956 1107 elles sont fidèles à garder leur serment.
201 1094 1211 1168 Ce fut trois ou quatre jours après la disparition de
159 1139 1212 1215 la fièvre, que Sahara rassembla chez elle les femmes
158 1190 1206 1269 de sa connaissance, pour éloigner à tout jamais le ma¬
153 1241 920 1310 lin esprit par la musique et les danses.
195 1306 1203 1377 Les inquiétudes poignantes auxquelles la pauvre
163 1350 1203 1418 mère avait été si longtemps en proie, avaient alors
163 1402 1203 1466 presque entièrement effacé cette beauté enchanteresse
163 1465 1206 1535 qui avait jadis séduit le maure Ben-Salem; Sahara,
155 1507 1195 1581 à peine âgée de vingt-un ans, n’était plus que l’om¬
153 1558 1199 1633 bre d’elle-même; et comme les musulmans n’appré¬
154 1611 1203 1681 cient guère dans leurs femmes que la beauté et
159 1656 1195 1735 l’embonpoint, les considérant comme des êtres d’une
154 1712 1194 1776 nature inférieure, la froideur d’Achmet devenait cha¬
153 1765 1206 1844 que jour plus marquée; mais Sahara, toute joyeuse de
147 1814 1194 1890 la guéison de sa fille, paraissait alors s’inquiéter
147 1861 829 1936 assez peu des dédains de son mari.
192 1914 1194 1990 Pendant ce temps, le cheïk Ben-Hamelam s’ache¬
146 1973 1198 2036 minait vers la ville, emmenant avec lui toute sa
151 2018 1191 2089 smala; mais comme il n’était encore qu’à moitié che¬
151 2081 1199 2139 min, sur la route de Sétif à Constantin, Fatma, sa
151 2136 1191 2199 quatrième femme, tomba dangereusement malade.
146 2173 1200 2246 Le cheïk la fit monter sur son meilleur chameau, et
147 2242 1200 2298 marcha encore deux jours; puis il planta ses tentes
147 2290 1187 2357 dans les environs de Sidi-Mabrouck; alors Fatma, qui
150 2343 835 2401 se sentait fort mal, dit à son mari :
199 2390 1187 2451 « Va-t’en à la ville, et obtiens de ben Salem qu’il
141 2425 1189 2511 laisse venir Sahara auprès de moi, afin que j’aie la
141 2502 1064 2550 consulation de l'embrasser avant de mourir. »
183 2540 1182 2617 Ben-Hamelam fit ce que sa femme désirait de lui
141 2582 1189 2658 il s’en alla à Constantiné, et, frappant à la porte de
141 2639 1183 2711 la maison de son gendre, il le pria de permettre a
141 2688 1189 2764 Salhara de le suivre au douar, pour revoir sa mère
142 2751 1179 2825 mourante. Achmed consentit de bon cœur à ce que
143 2792 1190 2875 le cheik demandait; mais comme Sahara s’apprêtait
141 2838 1189 2933 à emmener avec elle sa petite Hapénia, il s’opposa
141 2892 1181 2984 formellement au départ de l’enfant, disant qu’il ne
143 2948 1140 3021 pouvait pas se priver de toute sa famille à la fois.
184 2998 1181 3072 Le cœur de la pauvre femme se serra bien fort
140 3041 1175 3129 lorsqu’il fallut se séparer de son unique amour, mais
138 3109 1181 3185 sa mère la demandait, et Ben-Hamelam n’aimait pas à
141 3155 1175 3235 attendre; elle monta donc en toute hâte sur la mule
141 3218 1166 3285 que le cheïk avait amenée, et enveloppée de son voile
143 3260 1181 3338 accroupie sur cette espèce de selle en forme de nid
143 3302 1173 3381 d’oiseau, que les Maures emploient pour transporter
134 3347 1174 3446 leurs femmes sans les exposer à la curiosité des pas¬
134 3424 1175 3493 sants, elle suivit son père qui chevauchait le premier.
179 3456 1183 3542 Dans toute autre circonstance, Sahara se fut réjouie
141 3496 1174 3584 de respirer l’air pur de la campagne et d’apercevoir
137 3554 1177 3645 devant elle les montagnes que dans son lvolescence
137 3613 1195 3696 elle aimait tant à parcourir; mais la séparation d'avec
326 3684 954 3766 VINGT-CINQUIÈME ANNÉE. — N° XII.
1303 274 2350 388 sa fille, la mort prochaine de sa mère rendirent le
1316 338 2350 433 voyage bien triste, et ce ne fut qu'en pleurant qu'elle
1311 395 2049 475 remit le pied sous la tente paternelle.
1350 437 2350 537 Les prévisions de la pauvre Fatma ne l’avaient
1311 496 2348 588 point trompée; elle embrassa sa fille et expira une
1304 552 2352 642 heure après, comme si elle s'était raidie contre la
1307 608 2343 696 mort, pour revoir encore sa chère Sahara. Les
1311 653 2346 749 autres femmes du cheïk parfumèrent le corps de
1307 700 2339 795 leur compagne, l'enveloppèrent dans un burnous,
1304 750 2352 845 deux hommes creusèrent une fosse, construisirent
1299 813 2340 886 avec des briques une espèce de cercueil en maçon¬
1298 857 2348 940 nerie; on y coucha le cadavre la tête tournée vers
1291 904 2346 1000 l’Orient; quelques fleurs oneillies sur la montagne
1304 961 2338 1046 furent jetées sur cette fosse que l’on acheva de bâtir
1294 1004 2340 1107 en forme de caveau, pour que la terre qui recouvrait
1294 1062 2338 1154 le tout ne touchât point au corps; puis, pendant
1293 1119 2336 1200 quinze jours de suite, Sahara et les femmes du douar
1304 1173 2336 1261 vinrent pleurer sur la tombe. Au bout de ce temps,
1291 1214 2336 1306 le cheik, qui avait échangé ses dattes et ses laines
1295 1275 2339 1352 contre d’autres denrées, leva le camp et reprit la
1295 1324 2326 1397 toute de Tuggurt, après avoir reconduit Sahara jus¬
1298 1366 1855 1443 qu’à la porte de Constantiné.
1340 1424 2322 1510 La jeune femme s’achemina vers sa demeure, at
1295 1476 2340 1568 tristée de la mort de sa mère, mais heureuse de l’idée
1286 1535 2323 1608 de revoir Hapénia. La journée était avancée, et le so¬
1287 1586 2323 1661 leil venait de disparaître derrière les collines du Cou¬
1291 1644 2340 1711 diat-Aty, lorsqu’elle frappa à coups redoublés à la
1287 1693 2321 1761 porte de sa maison. Personne ne se présenta pour ou¬
1297 1739 2330 1807 vrir, seulement il semblait à la bédouine qu’elle aper¬
1290 1790 2326 1862 cevait des yeux brillants à travers la petite lucarne
1286 1845 2323 1914 grillée qui donnait sur la rue. Croyant reconnaître
1282 1893 2314 1963 le vif regard d’Hapénia, elle l’appela par son nom
1282 1951 2317 2030 mais l’enfant ne répondit point à la voix de sa mère
1282 1994 2323 2069 tout demeura silencieux dans le logis. S’imaginant
1282 2057 2311 2115 alors qu’elle s’était trompée, que ce n’était point Ha¬
1290 2105 2310 2178 pénia qu’elle avait aperçue, qu‘Achmed avait em-
1286 2151 2309 2218 mené la petite fille, et qu’il n’était point encore ren¬
1286 2203 2317 2278 tré chez lui, elle prit le parti de s’accroupir et d’at¬
1286 2253 2318 2323 tendre le retour de son mari; mais la nuit arriva, la
1278 2313 2327 2384 rue devint déserte, et Achmed ne parut point. Une
1285 2359 2314 2419 grande tristesse s’empara alors de la pauvre femme.
1275 2417 2311 2476 elle ne savait quel nouveau malheur allait fondre sur
1275 2456 2323 2529 elle, les pensées les plus affreuses se présentaient à
1275 2509 1493 2573 son esprit.
1316 2555 2313 2634 La nuit s’écoula enfin ; Sahara l’avait passée tout
1279 2619 2318 2686 entière sur le seuil de la porte, enveloppée dans son
1277 2654 2311 2731 haïck. Quand le jour parut, une négresse sortit d’une
1269 2731 2315 2784 maison voisine. La bédouine courut à cette esclave
1270 2769 2302 2839 qu’elle connaissait de vue, et lui demanda des nou¬
1277 2814 1864 2885 velles d’Achmed et de sa fille.
1320 2877 2298 2942 « Sidi ben Salem est en bonne santé, répondit l’es
1269 2934 2256 2980 clave, et je pense qu’il en est de même d’Hapénia.
1366 2979 2314 3033 Saurais-tu où ils sont allés et dans quelle maison
1273 3019 1848 3091 Achmed a couché cette nuit?
1365 3067 2302 3134 Dans la sienne, sans doute auprès de sa nouvelle
1265 3126 2007 3191 femme, répondit la négresse étonnée.
1312 3173 2253 3238 — Que dis-tu là? demanda Sahara en pâlissant.
1333 3230 2293 3292 — Quoi! tu ignorais encore le second mariage
1270 3283 2284 3339 d’Achmed? demanda la négrese avec une joie mali-
1265 3343 2293 3396 gne, comme si les chagrins d'une femme libre allé¬
1265 3379 1878 3454 geaient ses propres souffrances.
1336 3429 2290 3495 — Je l’ignorais, répondit Sahara en faisant un ef¬
1265 3488 2303 3545 fort pour comprimer sa douleur; je reviens de chez
1258 3529 2007 3612 mon père où j’ai passé quelques jours.
1369 3584 2299 3666 Oui, oui, je sais cela, dit la négrese ; mais je
1253 3637 1963 3700 croyais qu'Achmed t'avait prévenue.
1978 3700 2036 3755 24
