2840 4318
1246 217 1338 316 71
289 286 779 387 Bien estre, ne jeu, ne ris
291 374 850 450 Qu’ailleurs vous ayez appris.
177 472 1232 539 Thibaut revient, à quelques pages de là, sur la per¬
123 530 1233 591 versité de son époque (chanson LXl). Personne, s’écrie¬
127 588 1233 649 t-il avec douleur, ne pense à faire ce qu’il doit. Les
123 643 1243 707 bons sont méprisés et rejetés comme deniers faux. En
132 695 1232 782 vérité, les hommes périraient si là-haut la sainte
135 754 768 836 Vierge n’intercédait pour eux :
201 847 868 914 De grand travail et de petit exploit
212 907 898 964 Vois (1) ce siègle cargié et encombré;
209 958 1179 1013 Car tant sommes remplis de maleurté (méchanceté),
209 1002 913 1068 Que nul ne pense à faire ce qu’il doit.
201 1063 1009 1116 Ains avons si (tellement) le Déable trouvé,
208 1107 945 1161 Qu’à lui servir chacun peine et essaie;
201 1151 981 1228 Et Dieu, qui eut pour nous cruelle plaie,
201 1203 921 1270 Mettons arrière, et sa grand’ dignité :
209 1242 1229 1327 Moult est hardi, qui pour mort ne s’esmaie (s’émeut).
206 1355 1043 1416 Dieu, qui tout voit, et tout peut, et todt sait,
209 1381 1146 1468 Nous aurait tôt en entre-deux (dans l’abîme) jetés,
209 1458 1044 1512 Se la Dame (la Vierge) pleine de grand’ bonté
206 1507 918 1567 Par devers lui pour nous ne le priait.
212 1555 916 1618 Si très-doux mot, plaisant et savouré,
212 1574 1194 1672 Le grand courroux du grand Seignour apaie (apaise),
201 1650 973 1700 Moult paraît fol qui autre amour essaie.
201 1692 1022 1756 En cestui n’a barat (tromperie) ne fausseté,
209 1745 1020 1806 Es autres n’a ne merci ne manaie (retour).
176 1850 1229 1937 Ces deux derniers vers sont à remarquer, en ce
125 1902 1226 1992 qu’ils nous montrent Thibaut completement revenu
132 1972 1229 2056 des terrestres illusions qui, un instant, avaient séduit
123 2017 1231 2113 son cœur. On croirait entendre le pieux auteur de
123 2071 374 2166 l’Imitation :
176 2109 1229 2197 « C’est une vanité que d’aimer ce qui passe avec
135 2166 1229 2251 une extrême vitesse, et de ne pas courir vers le lieu
130 2251 1222 2308 où une joie éternelle nous attend... Travaillez donc à
135 2294 1224 2365 détacher votre cœur de l’amour des choses visibles,
125 2340 1213 2427 pour l’attacher aux invisibles... L’amour de la créa¬
121 2407 1208 2484 ture est trompeur et changeant; l’amour de Dieu
132 2447 599 2530 persévérant et fidèle. »
166 2492 1220 2609 Revenons au roi de Navarre et laissons-lui encore
117 2549 336 2650 la parole :
201 2663 925 2764 La souris quiert pour son corps garantir
201 2750 839 2813 Contre l’hiver et la neige tombant ;
195 2786 1029 2849 Et nous, chétifs, nous n’allons rien quérant,
205 2814 1090 2899 Quand nous mourrons, où nous puissions garir :
198 2886 966 2941 Nous ne cherchons rien qu’enfer le puant.
195 2931 847 2999 Or, esgardez comme beste sauvage
195 2984 942 3044 Pourvoit de loin encontre son dommage;
195 3040 960 3087 Et nous n’avons ne sens, ne hardement...
195 3082 960 3148 Il m’est avis que pleins sommes de rage !
197 3185 779 3254 Li Déable a jeté pour nous ravir
208 3229 1128 3298 Trois hameçons aeschiés (enveloppés) de torment :
198 3275 778 3356 Convoitise lance premièrement,
199 3332 1185 3427 Et puis Orgueil pour sa grand’ roix (2) (filet) emplir ;
199 3383 754 3450 Félonie va le batel trainant...
203 3405 964 3498 Ainsi peschant s’en viennent au rivage...
201 3470 1211 3537 Les prudhommes (hommen de bien) doit-on tenir moult
1065 3532 1203 3601 [chiers,
199 3562 836 3635 Là où ils sont, les servir et amer ;
194 3622 892 3693 Mais à peines en peut-on nul trouver,
155 3783 546 3852 (1) Sous-entendre Je.
159 3845 478 3925 (2) Du latin rete.
1408 297 2404 367 Car ils sont mais (désormais) comme li faux deniers
1413 365 2173 424 Qui ne peuvent el (au) trébuchet entrer :
1408 428 2275 493 Ains les jette-on sans coing et sans balance
1371 470 2446 588 Ailleurs, Thibaut cherche à nous donner une idée
1327 558 2435 652 de la bonté de Dieu, et pour cela, il a recours au fa¬
1325 626 1901 719 meux symbole du pélican :
1406 704 1996 785 Dieu est ainsi comme li pélican
1413 764 2185 833 Qui fait son nid au plus haut arbre sus;
1401 817 2308 882 Et li mauvais oiseau qui vient de jus (d’en bas),
1404 874 2283 942 Ses oisillons occist, tant est puant (détestable) !
1399 917 2138 987 Li père vient, destroit (1) et angoisseux,
1399 971 2112 1037 Du bec s’occist, de son sang dolereux
1417 1019 1993 1082 Vivre refait tantôt ses oisillons.
1401 1070 2360 1140 Dieu fit autel (2) (de même) quand vint sa Passion :
1399 1119 2103 1176 De son doux sang racheta ses enfants
1405 1169 2100 1247 Du Déable, qui tant parait puissant !
1371 1254 2406 1344 Cette allégorie du pélican nécessite un petit com¬
1317 1331 2414 1381 mentaire, pour plus de clarté. Les anciens croyaient
1320 1380 2414 1440 que les petits de cet oiseau battaient leur mère à coups
1320 1434 2421 1495 d’ailes. Celle-ci, courroucée, les tuait. Puis, désespérée
1312 1493 2421 1540 de leur mort, elle gémissait pendant trois jours, au
1317 1539 2421 1597 bout desquels elle s’ouvrait le flanc à l’aide de son
1320 1590 2424 1661 bec, et faisait revivre ses petits sous la rosée de son
1316 1656 1430 1714 sang.
1362 1671 2361 1767 Notre poète, — c’est une justice à lui rendre,
1323 1763 2424 1824 donne plus haut une raison moins forcée de la mort
1323 1813 2415 1877 des petits du pélican, en l’attribuant à un oiseau de
1320 1868 1436 1929 proie.
1359 1911 2414 1985 Terminons ici l’article du roi de Navarre. Nous
1317 1972 2418 2024 avons cru devoir insister sur ce noble chanteur, à la
1312 2024 2418 2092 fois trouvère et troubadour, homme du Nord et
1312 2077 2418 2141 homme du Midi : c’est une physionomie littéraire
1317 2131 2403 2197 qui, à vrai dire, en valait bien la peine. Générale-
1312 2184 2411 2250 ment, ses petits refrains d’amour nous paraissent peu
1309 2237 2408 2305 remarquables; le châtelain de Coucy les avait déjà
1306 2289 2408 2351 fredonnés presque tous, et beaucoup mieux, à notre
1306 2343 2413 2407 avis. Mais où Thibaut est vraiment supérieur à son
1306 2400 2400 2464 rival, et même à la plupart de ses confrères de l’épo-
1309 2454 2403 2514 que, c’est, comme nous l’avons fait remarquer, dans
1306 2505 2403 2562 la partie religieuse et guerrière de son oeuvre. Cette
1306 2569 2403 2620 vieille langue du treizième siècle, si rude encore, si
1306 2612 2396 2680 grossière, si pauvre, trouve tout à coup, au service
1299 2670 2396 2730 des grandes idées, des généreux sentiments qu’elle
1299 2719 2393 2783 doit rendre à l’improviste, une foule de mots hardis,
1302 2782 2401 2835 d’expressions originales. Sa naiveté même semble lui
1299 2836 2393 2884 donner plus de confiance et d’aplomb; elle n’en ar¬
1296 2886 1894 2948 rive que mieux à l’héroïsme.
1341 2921 2392 2997 Malheureusement, les pieuses tyrléennes du roi de
1293 2984 2390 3062 Navarre composent une bien petite minorité dans les
1293 3047 2390 3107 soixante-six chansons que sa muse a produites; et
1296 3098 2393 3151 Dieu sail le nombre de pages qu’il faut parcourir en
1300 3151 2385 3229 pure perte, avant d’arriver aux citations plus ou
1296 3201 2383 3273 moins heureuses que nous avons essayé de faire!
1296 3253 2376 3316 Soyons juste cependant : cette remarque ne s’ap¬
1298 3306 2386 3387 plique pas seulement à Thibaut, mais à tous les poètes
1293 3358 2385 3430 du moyen âge dont nous avons déjà parlé et dont
1288 3417 2385 3489 nous parlerons encore; à ceux même du seizième
1292 3470 2379 3542 siècle qui, plus tard, feront aussi l’objet de nos études.
1296 3522 2389 3590 et entreront dans notre Chronique littéraire, quand le
1293 3583 2386 3642 moment en sera venu. L'équilibre constant, l'accord
1293 3635 2393 3716 parfait de l’imagination et du goût, de la faculté qui
1345 3784 2301 3852 (1) Du latin districtus, serré. Ajoutez par la douleur.
1341 3847 2387 3904 (2) Abrégé de autretei. Comparez avec l’italien attretanto.
