<?xml version="1.0" encoding="UTF-8" standalone="yes"?><PcGts xmlns="http://schema.primaresearch.org/PAGE/gts/pagecontent/2013-07-15"><Metadata><Creator>prov=READ-COOP:name=TrHtr:version=2.42.0:model_id=356425:date=24_04_2026_10:28</Creator><Created>2026-03-06T16:36:38.440+01:00</Created><LastChange>2026-06-20T13:22:41.455+02:00</LastChange><TranskribusMetadata docId="14756063" pageId="115166509" pageNr="18" userId="187713" imgUrl="https://files.transkribus.eu/Get?fileType=view&amp;id=PYVJIDELCRJNVQBXRDLMJPZI" imageId="97253835"/></Metadata><Page imageFilename="115166509.jpg" imageWidth="2822" imageHeight="3966"><TextRegion id="r_7" custom="readingOrder {index:0;} structure {type:page-number;}"><Coords points="1561,117 1645,115 1634,203 1570,203"/><TextLine id="r_7_tl_1" custom="readingOrder {index:0;}"><Coords points="1509,187 1532,195 1537,187 1565,195 1580,186 1602,191 1609,183 1614,187 1641,180 1637,111 1581,141 1561,138 1533,154 1508,156"/><Baseline points="1574,180 1605,182 1626,183"/><TextEquiv><Unicode>8</Unicode></TextEquiv></TextLine><TextEquiv><Unicode></Unicode></TextEquiv></TextRegion><TextRegion id="r" custom="readingOrder {index:1;} structure {type:heading;}"><Coords points="1236,347 1981,347 1981,471 1236,471"/><TextLine id="r_tl_1" custom="readingOrder {index:0;}"><Coords points="1314,466 1959,463 1959,381 1914,357 1314,358"/><Baseline points="1254,447 1334,444 1379,441 1424,439 1469,439 1514,436 1558,436 1603,439 1648,439 1693,441 1738,439 1782,439 1827,441 1872,441 1917,441 1962,441"/><TextEquiv><Unicode>BIBLIOGRAPHIE.</Unicode></TextEquiv></TextLine><TextEquiv><Unicode></Unicode></TextEquiv></TextRegion><TextRegion id="r_1" custom="readingOrder {index:2;} structure {type:heading;}"><Coords points="738,608 1344,608 1344,713 738,713"/><TextLine id="r_1_tl_1" custom="readingOrder {index:0;}"><Coords points="757,700 977,703 1012,727 1044,704 1289,714 1326,706 1329,626 1191,605 1134,625 759,633"/><Baseline points="764,692 791,689 836,689 881,686 925,683 970,683 1015,680 1060,677 1104,677 1149,674 1194,674 1239,674 1284,677 1328,680"/><TextEquiv><Unicode>CHRISTOPHE COLOMB,</Unicode></TextEquiv></TextLine><TextEquiv><Unicode></Unicode></TextEquiv></TextRegion><TextRegion id="r_2" custom="readingOrder {index:3;} structure {type:heading;}"><Coords points="599,729 1467,729 1467,915 599,915"/><TextLine id="r_2_tl_1" custom="readingOrder {index:0;}"><Coords points="629,818 727,834 810,794 882,818 959,786 1150,826 1261,781 1357,832 1427,816 1428,748 1186,712 630,769"/><Baseline points="636,797 668,794 713,794 758,794 803,791 848,788 892,785 937,785 982,782 1027,782 1072,782 1116,782 1161,782 1206,782 1251,785 1296,785 1340,785 1385,785 1430,788"/><TextEquiv><Unicode>HISTOIRE DE SA VIE ET DE SES VOYAGES</Unicode></TextEquiv></TextLine><TextLine id="r_2_tl_2" custom="readingOrder {index:1;}"><Coords points="741,914 1310,898 1310,837 1248,829 1176,847 1143,822 1025,847 887,822 802,857 741,843"/><Baseline points="749,881 794,878 839,878 883,878 928,878 973,878 1018,878 1063,878 1107,878 1152,881 1197,881 1242,881 1287,881 1314,881"/><TextEquiv><Unicode>Par M. ROSELLY DE LORGUES (1).</Unicode></TextEquiv></TextLine><TextEquiv><Unicode></Unicode></TextEquiv></TextRegion><TextRegion id="r_3" custom="readingOrder {index:4;} structure {type:paragraph;}"><Coords points="502,1007 1561,1007 1561,3451 502,3451"/><TextLine id="r_3_tl_1" custom="readingOrder {index:0;}"><Coords points="548,1074 1545,1078 1545,1005 1233,1040 548,1028"/><Baseline points="555,1063 600,1063 645,1063 689,1063 734,1063 779,1063 824,1063 869,1063 913,1063 958,1063 1003,1066 1048,1063 1093,1063 1137,1063 1182,1063 1227,1063 1272,1063 1317,1063 1361,1060 1406,1060 1451,1060 1496,1060 1541,1063 1549,1063"/><TextEquiv><Unicode>La postérité n’a pas été plus juste pour Christophe</Unicode></TextEquiv></TextLine><TextLine id="r_3_tl_2" custom="readingOrder {index:1;}"><Coords points="512,1126 1538,1133 1529,1076 512,1076"/><Baseline points="519,1113 564,1113 609,1113 654,1113 698,1113 743,1113 788,1113 833,1113 878,1113 922,1113 967,1113 1012,1113 1057,1113 1101,1113 1146,1110 1191,1110 1236,1110 1281,1110 1325,1110 1370,1110 1415,1110 1460,1110 1505,1110 1541,1113"/><TextEquiv><Unicode>Colomb que ses contemporains ne le furent. Méprisé,</Unicode></TextEquiv></TextLine><TextLine id="r_3_tl_3" custom="readingOrder {index:2;}"><Coords points="512,1184 1538,1175 1519,1126 512,1135"/><Baseline points="519,1167 555,1164 600,1164 645,1164 689,1164 734,1164 779,1164 824,1164 869,1164 913,1164 958,1164 1003,1164 1048,1161 1093,1161 1137,1161 1182,1161 1227,1161 1272,1164 1317,1161 1361,1161 1406,1161 1451,1161 1496,1161 1541,1161"/><TextEquiv><Unicode>repoussé pendant une partie de sa vie, mal secondé</Unicode></TextEquiv></TextLine><TextLine id="r_3_tl_4" custom="readingOrder {index:3;}"><Coords points="512,1227 1534,1228 1519,1172 512,1186"/><Baseline points="519,1218 552,1215 597,1215 642,1215 686,1215 731,1215 776,1215 821,1215 866,1215 910,1215 955,1215 1000,1215 1045,1215 1090,1215 1134,1215 1179,1215 1224,1215 1269,1215 1314,1212 1358,1215 1403,1212 1448,1212 1493,1212 1538,1215"/><TextEquiv><Unicode>dans ses glorieuses entreprises, méconnu, calomnie</Unicode></TextEquiv></TextLine><TextLine id="r_3_tl_5" custom="readingOrder {index:4;}"><Coords points="512,1272 1538,1275 1512,1231 512,1233"/><Baseline points="519,1269 555,1266 600,1266 645,1266 689,1266 734,1266 779,1266 824,1266 869,1266 913,1266 958,1266 1003,1266 1048,1266 1093,1266 1137,1266 1182,1266 1227,1266 1272,1266 1317,1266 1361,1266 1406,1263 1451,1263 1496,1263 1541,1266"/><TextEquiv><Unicode>après le succès, chargé de fers par l’ingrat souverain</Unicode></TextEquiv></TextLine><TextLine id="r_3_tl_6" custom="readingOrder {index:5;}"><Coords points="512,1321 1538,1334 1538,1284 512,1286"/><Baseline points="519,1320 555,1317 600,1317 645,1317 689,1317 734,1317 779,1317 824,1317 869,1317 913,1317 958,1317 1003,1314 1048,1317 1093,1314 1137,1314 1182,1317 1227,1317 1272,1317 1317,1317 1361,1317 1406,1317 1451,1317 1496,1317 1541,1317"/><TextEquiv><Unicode>auquel il avait donné un monde, oublié de tous au</Unicode></TextEquiv></TextLine><TextLine id="r_3_tl_7" custom="readingOrder {index:6;}"><Coords points="512,1382 1538,1389 1538,1346 1484,1329 512,1349"/><Baseline points="519,1370 564,1367 609,1367 654,1367 698,1367 743,1367 788,1367 833,1367 878,1367 922,1367 967,1367 1012,1367 1057,1367 1101,1367 1146,1367 1191,1367 1236,1367 1281,1367 1325,1367 1370,1367 1415,1367 1460,1367 1505,1367 1541,1373"/><TextEquiv><Unicode>moment de sa mort, il n’a pas trouvé les siècles futurs</Unicode></TextEquiv></TextLine><TextLine id="r_3_tl_8" custom="readingOrder {index:7;}"><Coords points="515,1442 1541,1430 1541,1389 1462,1379 515,1383"/><Baseline points="522,1424 558,1418 603,1418 648,1418 692,1418 737,1418 782,1415 827,1418 872,1418 916,1418 961,1418 1006,1418 1051,1418 1096,1418 1140,1418 1185,1418 1230,1418 1275,1418 1320,1418 1364,1418 1409,1418 1454,1418 1499,1418 1543,1421"/><TextEquiv><Unicode>plus équitables que l’époque où il a vécu. Les préjugés</Unicode></TextEquiv></TextLine><TextLine id="r_3_tl_9" custom="readingOrder {index:8;}"><Coords points="512,1484 1534,1484 1520,1431 512,1442"/><Baseline points="519,1469 564,1469 609,1469 654,1469 698,1469 743,1469 788,1466 833,1469 878,1469 922,1469 967,1469 1012,1469 1057,1469 1101,1469 1146,1469 1191,1469 1236,1469 1281,1469 1325,1469 1370,1469 1415,1469 1460,1469 1505,1469 1538,1472"/><TextEquiv><Unicode>de nations, les jalousies de coterie ont souillé sa mé¬</Unicode></TextEquiv></TextLine><TextLine id="r_3_tl_10" custom="readingOrder {index:9;}"><Coords points="512,1534 1538,1533 1501,1485 512,1495"/><Baseline points="519,1520 564,1517 609,1517 654,1520 698,1517 743,1517 788,1520 833,1520 878,1520 922,1520 967,1517 1012,1520 1057,1520 1101,1520 1146,1520 1191,1520 1236,1520 1281,1520 1325,1520 1370,1523 1415,1520 1460,1520 1505,1520 1541,1526"/><TextEquiv><Unicode>moire, dénaturé sa personne et ses travaux, au point</Unicode></TextEquiv></TextLine><TextLine id="r_3_tl_11" custom="readingOrder {index:10;}"><Coords points="512,1581 1538,1586 1508,1534 512,1534"/><Baseline points="519,1573 564,1567 609,1567 654,1567 698,1567 743,1567 788,1567 833,1567 878,1567 922,1570 967,1570 1012,1570 1057,1570 1101,1570 1146,1570 1191,1570 1236,1570 1281,1570 1325,1570 1370,1570 1415,1570 1460,1570 1505,1573 1541,1573"/><TextEquiv><Unicode>de les rendre méconnaissables. On ne s’est pas ému</Unicode></TextEquiv></TextLine><TextLine id="r_3_tl_12" custom="readingOrder {index:11;}"><Coords points="512,1637 1538,1634 1538,1586 1500,1584 512,1581"/><Baseline points="519,1621 564,1618 609,1618 654,1618 698,1621 743,1621 788,1618 833,1618 878,1621 922,1621 967,1621 1012,1621 1057,1621 1101,1621 1146,1621 1191,1621 1236,1621 1281,1621 1325,1624 1370,1621 1415,1621 1460,1624 1505,1624 1541,1627"/><TextEquiv><Unicode>des erreurs, des calomnies, des dédains prodigués à</Unicode></TextEquiv></TextLine><TextLine id="r_3_tl_13" custom="readingOrder {index:12;}"><Coords points="515,1688 1537,1692 1525,1638 515,1645"/><Baseline points="522,1672 567,1669 612,1669 657,1669 701,1672 746,1672 791,1672 836,1672 881,1672 925,1672 970,1672 1015,1672 1060,1672 1104,1672 1149,1672 1194,1675 1239,1675 1284,1675 1328,1675 1373,1675 1418,1675 1463,1675 1508,1678 1541,1681"/><TextEquiv><Unicode>une des plus grandes figures des temps modernes, à</Unicode></TextEquiv></TextLine><TextLine id="r_3_tl_14" custom="readingOrder {index:13;}"><Coords points="505,1727 1534,1733 1534,1699 1406,1688 505,1690"/><Baseline points="513,1723 558,1720 603,1720 648,1720 692,1720 737,1720 782,1720 827,1717 872,1720 916,1720 961,1723 1006,1723 1051,1723 1096,1723 1140,1726 1185,1723 1230,1726 1275,1726 1320,1726 1364,1726 1409,1726 1454,1726 1499,1726 1538,1726"/><TextEquiv><Unicode>celui que la Providence prédestina à une mission su¬</Unicode></TextEquiv></TextLine><TextLine id="r_3_tl_15" custom="readingOrder {index:14;}"><Coords points="505,1781 1466,1805 1540,1797 1540,1744 504,1735"/><Baseline points="513,1770 558,1770 603,1770 648,1770 692,1770 737,1770 782,1770 827,1770 872,1770 916,1773 961,1773 1006,1773 1051,1773 1096,1773 1140,1773 1185,1776 1230,1776 1275,1776 1320,1776 1364,1776 1409,1776 1454,1776 1499,1776 1543,1782"/><TextEquiv><Unicode>blime, qu’elle éclaira de sa lumière et qu‘elle soutint</Unicode></TextEquiv></TextLine><TextLine id="r_3_tl_16" custom="readingOrder {index:15;}"><Coords points="505,1832 1485,1850 1538,1842 1538,1796 504,1784"/><Baseline points="513,1821 558,1818 603,1818 648,1821 692,1818 737,1821 782,1821 827,1821 872,1821 916,1821 961,1824 1006,1824 1051,1824 1096,1824 1140,1824 1185,1824 1230,1824 1275,1824 1320,1827 1364,1827 1409,1827 1454,1827 1499,1830 1541,1833"/><TextEquiv><Unicode>de sa force pour qu’il pût révéler à l’univers une</Unicode></TextEquiv></TextLine><TextLine id="r_3_tl_17" custom="readingOrder {index:16;}"><Coords points="505,1887 1540,1895 1532,1842 505,1833"/><Baseline points="513,1872 558,1869 603,1869 648,1869 692,1869 737,1869 782,1869 827,1872 872,1872 916,1872 961,1872 1006,1872 1051,1872 1096,1875 1140,1875 1185,1875 1230,1875 1275,1878 1320,1878 1364,1878 1409,1878 1454,1878 1499,1881 1543,1881"/><TextEquiv><Unicode>moitié de lui-même. M. Roselly de Lorgues a pris en</Unicode></TextEquiv></TextLine><TextLine id="r_3_tl_18" custom="readingOrder {index:17;}"><Coords points="509,1936 1536,1952 1536,1903 1282,1915 1243,1885 509,1893"/><Baseline points="516,1923 561,1920 606,1920 651,1920 695,1920 740,1920 785,1923 830,1923 875,1923 919,1923 964,1926 1009,1926 1054,1926 1099,1926 1143,1926 1188,1926 1233,1926 1278,1929 1322,1929 1367,1929 1412,1929 1457,1932 1502,1932 1538,1935"/><TextEquiv><Unicode>main cette cause jusqu’ici mal plaidée, et il a su,</Unicode></TextEquiv></TextLine><TextLine id="r_3_tl_19" custom="readingOrder {index:18;}"><Coords points="505,1984 1525,2008 1525,1951 505,1947"/><Baseline points="513,1974 558,1971 603,1974 648,1974 692,1971 737,1974 782,1974 827,1974 872,1974 916,1974 961,1977 1006,1977 1051,1977 1096,1977 1140,1977 1185,1977 1230,1980 1275,1980 1320,1980 1364,1980 1409,1980 1454,1983 1499,1983 1529,1980"/><TextEquiv><Unicode>avec un élan soutenu par la science la plus appro¬</Unicode></TextEquiv></TextLine><TextLine id="r_3_tl_20" custom="readingOrder {index:19;}"><Coords points="509,2038 1537,2045 1536,2005 1424,1992 508,1988"/><Baseline points="516,2024 561,2021 606,2021 651,2024 695,2024 740,2024 785,2024 830,2024 875,2024 919,2024 964,2024 1009,2027 1054,2027 1099,2027 1143,2027 1188,2027 1233,2030 1278,2030 1322,2030 1367,2030 1412,2030 1457,2030 1502,2033 1541,2036"/><TextEquiv><Unicode>fondie, restituer à Dieu d’abord ce qui lui est dû dans</Unicode></TextEquiv></TextLine><TextLine id="r_3_tl_21" custom="readingOrder {index:20;}"><Coords points="509,2095 1540,2098 1538,2054 1479,2049 508,2048"/><Baseline points="516,2075 561,2072 606,2075 651,2072 695,2075 740,2075 785,2075 830,2075 875,2075 919,2075 964,2078 1009,2078 1054,2078 1099,2078 1143,2078 1188,2078 1233,2078 1278,2081 1322,2081 1367,2081 1412,2081 1457,2084 1502,2084 1543,2087"/><TextEquiv><Unicode>ces prodigieuses découvertes qui révélaient l’œuvre</Unicode></TextEquiv></TextLine><TextLine id="r_3_tl_22" custom="readingOrder {index:21;}"><Coords points="509,2133 1525,2150 1524,2099 508,2099"/><Baseline points="516,2126 561,2123 606,2123 651,2126 695,2126 740,2126 785,2126 830,2126 875,2126 919,2129 964,2129 1009,2129 1054,2129 1099,2129 1143,2129 1188,2129 1233,2132 1278,2132 1322,2132 1367,2132 1412,2135 1457,2135 1502,2135 1529,2135"/><TextEquiv><Unicode>complète des six jours, et rendre à Colomb sa véri-</Unicode></TextEquiv></TextLine><TextLine id="r_3_tl_23" custom="readingOrder {index:22;}"><Coords points="509,2186 1529,2196 1529,2147 509,2143"/><Baseline points="516,2174 561,2174 606,2174 651,2177 695,2177 740,2177 785,2177 830,2177 875,2180 919,2180 964,2180 1009,2180 1054,2180 1099,2180 1143,2183 1188,2183 1233,2183 1278,2183 1322,2183 1367,2186 1412,2186 1457,2186 1502,2186 1532,2189"/><TextEquiv><Unicode>table physionomie : celle de missionnaire de la vé-</Unicode></TextEquiv></TextLine><TextLine id="r_3_tl_24" custom="readingOrder {index:23;}"><Coords points="500,2235 1534,2259 1525,2199 500,2194"/><Baseline points="507,2227 552,2224 597,2227 642,2227 686,2227 731,2227 776,2227 821,2227 866,2230 910,2230 955,2230 1000,2230 1045,2230 1090,2230 1134,2233 1179,2233 1224,2233 1269,2233 1314,2236 1358,2236 1403,2236 1448,2236 1493,2239 1538,2245"/><TextEquiv><Unicode>rité, de révélateur de Dieu aux contrées lointaines,</Unicode></TextEquiv></TextLine><TextLine id="r_3_tl_25" custom="readingOrder {index:24;}"><Coords points="500,2286 1534,2304 1534,2259 1371,2249 500,2256"/><Baseline points="507,2275 552,2275 597,2275 642,2275 686,2278 731,2278 776,2278 821,2278 866,2281 910,2281 955,2281 1000,2281 1045,2284 1090,2284 1134,2284 1179,2284 1224,2284 1269,2287 1314,2287 1358,2287 1403,2290 1448,2290 1493,2290 1538,2296"/><TextEquiv><Unicode>d’apôtre enfin qui a travaillé, non pour la gloire qui</Unicode></TextEquiv></TextLine><TextLine id="r_3_tl_26" custom="readingOrder {index:25;}"><Coords points="505,2345 1538,2354 1538,2318 1469,2301 505,2302"/><Baseline points="513,2332 558,2326 603,2329 648,2329 692,2329 737,2329 782,2329 827,2329 872,2332 916,2332 961,2332 1006,2332 1051,2332 1096,2335 1140,2335 1185,2335 1230,2338 1275,2338 1320,2338 1364,2338 1409,2341 1454,2341 1499,2341 1541,2347"/><TextEquiv><Unicode>périt, mais pour celle dont les palmes sont à l’abri du</Unicode></TextEquiv></TextLine><TextLine id="r_3_tl_27" custom="readingOrder {index:26;}"><Coords points="500,2385 1253,2415 1342,2404 1342,2358 499,2354"/><Baseline points="507,2380 552,2377 597,2377 642,2380 686,2380 731,2380 776,2380 821,2383 866,2383 910,2383 955,2383 1000,2383 1045,2386 1090,2386 1134,2386 1179,2386 1224,2389 1269,2389 1314,2392 1346,2395"/><TextEquiv><Unicode>temps, des hommes et de leurs calomnies.</Unicode></TextEquiv></TextLine><TextLine id="r_3_tl_28" custom="readingOrder {index:27;}"><Coords points="542,2444 1529,2459 1528,2415 1353,2394 541,2398"/><Baseline points="549,2430 594,2430 639,2430 683,2430 728,2430 773,2433 818,2433 863,2433 907,2433 952,2436 997,2436 1042,2436 1087,2436 1131,2439 1176,2439 1221,2439 1266,2442 1311,2442 1355,2442 1400,2442 1445,2445 1490,2445 1532,2448"/><TextEquiv><Unicode>Pour accomplir dignement cette œuvre à laquelle</Unicode></TextEquiv></TextLine><TextLine id="r_3_tl_29" custom="readingOrder {index:28;}"><Coords points="503,2495 1516,2527 1536,2465 501,2434"/><Baseline points="510,2481 555,2478 600,2481 645,2481 689,2481 734,2484 779,2484 824,2484 869,2487 913,2487 958,2487 1003,2487 1048,2487 1093,2490 1137,2490 1182,2490 1227,2493 1272,2493 1317,2493 1361,2493 1406,2496 1451,2496 1496,2499 1538,2502"/><TextEquiv><Unicode>il a voué sa vie, M. Roselly de Lorgues n’a négligé</Unicode></TextEquiv></TextLine><TextLine id="r_3_tl_30" custom="readingOrder {index:29;}"><Coords points="503,2544 1524,2570 1523,2528 501,2495"/><Baseline points="510,2532 555,2529 600,2529 645,2532 689,2532 734,2535 779,2535 824,2535 869,2535 913,2538 958,2538 1003,2538 1048,2538 1093,2541 1137,2541 1182,2541 1227,2544 1272,2544 1317,2544 1361,2547 1406,2547 1451,2547 1496,2550 1526,2553"/><TextEquiv><Unicode>aucun moyen : il a fouillé les bibliothèques d’Espa-</Unicode></TextEquiv></TextLine><TextLine id="r_3_tl_31" custom="readingOrder {index:30;}"><Coords points="500,2591 1533,2617 1532,2557 499,2550"/><Baseline points="507,2589 552,2583 597,2583 642,2583 686,2583 731,2583 776,2586 821,2586 866,2589 910,2589 955,2589 1000,2589 1045,2592 1090,2592 1134,2592 1179,2595 1224,2595 1269,2598 1314,2598 1358,2598 1403,2598 1448,2598 1493,2601 1535,2601"/><TextEquiv><Unicode>gne et d’Italie, il a consulté les correspondances qui</Unicode></TextEquiv></TextLine><TextLine id="r_3_tl_32" custom="readingOrder {index:31;}"><Coords points="503,2655 1521,2671 1520,2618 501,2602"/><Baseline points="510,2637 555,2634 600,2634 645,2634 689,2634 734,2637 779,2637 824,2637 869,2640 913,2640 958,2643 1003,2643 1048,2643 1093,2645 1137,2645 1182,2645 1227,2648 1272,2648 1317,2648 1361,2648 1406,2648 1451,2648 1496,2651 1523,2648"/><TextEquiv><Unicode>gisent aux archives de Simancas, il a puisé aux sour-</Unicode></TextEquiv></TextLine><TextLine id="r_3_tl_33" custom="readingOrder {index:32;}"><Coords points="500,2690 1512,2729 1503,2664 500,2666"/><Baseline points="507,2684 552,2681 597,2684 642,2684 686,2684 731,2687 776,2687 821,2687 866,2690 910,2690 955,2693 1000,2693 1045,2696 1090,2696 1134,2696 1179,2696 1224,2699 1269,2699 1314,2699 1358,2699 1403,2702 1448,2702 1493,2702 1514,2705"/><TextEquiv><Unicode>ces directes, et il n’a pas même dédaigné les tradi-</Unicode></TextEquiv></TextLine><TextLine id="r_3_tl_34" custom="readingOrder {index:33;}"><Coords points="503,2748 1489,2785 1520,2721 501,2690"/><Baseline points="510,2735 555,2732 600,2735 645,2735 689,2738 734,2738 779,2738 824,2738 869,2741 913,2741 958,2741 1003,2744 1048,2747 1093,2747 1137,2747 1182,2750 1227,2750 1272,2753 1317,2753 1361,2753 1406,2753 1451,2756 1496,2756 1523,2756"/><TextEquiv><Unicode>tions populaires et locales. C’est à l’aide de ces docu¬</Unicode></TextEquiv></TextLine><TextLine id="r_3_tl_35" custom="readingOrder {index:34;}"><Coords points="504,2802 1525,2832 1524,2776 501,2749"/><Baseline points="510,2786 555,2783 600,2786 645,2786 689,2789 734,2789 779,2789 824,2789 869,2792 913,2792 958,2792 1003,2795 1048,2798 1093,2798 1137,2801 1182,2801 1227,2804 1272,2804 1317,2804 1361,2807 1406,2807 1451,2807 1496,2807 1529,2813"/><TextEquiv><Unicode>ments, péniblement recueillis, qu’il est venu à bout</Unicode></TextEquiv></TextLine><TextLine id="r_3_tl_36" custom="readingOrder {index:35;}"><Coords points="504,2853 1530,2873 1501,2824 503,2804"/><Baseline points="510,2840 555,2837 600,2837 645,2837 689,2840 734,2840 779,2840 824,2840 869,2843 913,2843 958,2846 1003,2846 1048,2849 1093,2849 1137,2849 1182,2852 1227,2855 1272,2855 1317,2858 1361,2858 1406,2858 1451,2858 1496,2861 1532,2864"/><TextEquiv><Unicode>de reconstituer la vie, les travaux et le caractère si</Unicode></TextEquiv></TextLine><TextLine id="r_3_tl_37" custom="readingOrder {index:36;}"><Coords points="495,2894 1529,2926 1528,2883 493,2845"/><Baseline points="502,2887 546,2887 591,2887 636,2887 680,2890 725,2890 770,2890 815,2893 860,2893 904,2893 949,2896 994,2896 1039,2899 1084,2899 1128,2902 1173,2902 1218,2905 1263,2905 1308,2908 1352,2908 1397,2908 1442,2911 1487,2911 1532,2914"/><TextEquiv><Unicode>longtemps méconnus du grand amiral. Nous allons</Unicode></TextEquiv></TextLine><TextLine id="r_3_tl_38" custom="readingOrder {index:37;}"><Coords points="495,2956 1378,2983 1515,2979 1523,2935 493,2904"/><Baseline points="502,2941 540,2941 585,2941 630,2941 674,2941 719,2944 764,2944 809,2944 854,2947 898,2947 943,2947 988,2950 1033,2950 1078,2953 1122,2953 1167,2953 1212,2956 1257,2956 1302,2959 1346,2959 1391,2959 1436,2962 1481,2962 1526,2968 1529,2965"/><TextEquiv><Unicode>essayer d’analyser pour vous, mesdemoiselles, les</Unicode></TextEquiv></TextLine><TextLine id="r_3_tl_39" custom="readingOrder {index:38;}"><Coords points="499,2999 1536,3046 1533,2976 497,2958"/><Baseline points="504,2992 549,2992 594,2992 639,2995 683,2995 728,2995 773,2995 818,2998 863,2998 907,2998 952,2998 997,3001 1042,3001 1087,3004 1131,3004 1176,3007 1221,3007 1266,3010 1311,3010 1355,3010 1400,3013 1445,3013 1490,3016 1535,3022 1538,3022"/><TextEquiv><Unicode>faits principaux contenus dans ces deux volumes, dont</Unicode></TextEquiv></TextLine><TextLine id="r_3_tl_40" custom="readingOrder {index:39;}"><Coords points="497,3052 1338,3085 1362,3030 496,3007"/><Baseline points="504,3043 549,3043 594,3046 639,3046 683,3049 728,3049 773,3049 818,3052 863,3052 907,3052 952,3052 997,3055 1042,3055 1087,3055 1131,3058 1176,3058 1221,3061 1266,3061 1311,3064 1355,3067 1367,3067"/><TextEquiv><Unicode>la lecture est si intéressante et si instructive.</Unicode></TextEquiv></TextLine><TextLine id="r_3_tl_41" custom="readingOrder {index:40;}"><Coords points="536,3109 1525,3130 1524,3088 1481,3082 536,3060"/><Baseline points="543,3096 588,3096 633,3096 677,3099 722,3099 767,3102 812,3102 857,3105 901,3105 946,3105 991,3105 1036,3108 1081,3108 1125,3108 1170,3108 1215,3111 1260,3111 1305,3111 1349,3114 1394,3114 1439,3117 1484,3117 1529,3120"/><TextEquiv><Unicode>Nous ne vous raconterons pas les premières années</Unicode></TextEquiv></TextLine><TextLine id="r_3_tl_42" custom="readingOrder {index:41;}"><Coords points="495,3155 1523,3186 1521,3149 1440,3127 493,3099"/><Baseline points="502,3144 546,3141 591,3144 636,3147 680,3150 725,3153 770,3153 815,3156 860,3156 904,3159 949,3159 994,3159 1039,3159 1084,3162 1128,3162 1173,3162 1218,3162 1263,3165 1308,3165 1352,3168 1397,3168 1442,3168 1487,3171 1526,3174"/><TextEquiv><Unicode>de-Christophe Colomb, sa vie obscure de travailleur</Unicode></TextEquiv></TextLine><TextLine id="r_3_tl_43" custom="readingOrder {index:42;}"><Coords points="496,3204 1517,3251 1529,3191 740,3191 495,3155"/><Baseline points="502,3192 546,3192 591,3195 636,3198 680,3201 725,3204 770,3207 815,3207 860,3210 904,3213 949,3213 994,3213 1039,3213 1084,3213 1128,3216 1173,3216 1218,3216 1263,3216 1308,3219 1352,3219 1397,3222 1442,3222 1487,3225 1532,3228"/><TextEquiv><Unicode>et de marin, ennoblie par la piété, le respect filial, et</Unicode></TextEquiv></TextLine><TextLine id="r_3_tl_44" custom="readingOrder {index:43;}"><Coords points="499,3255 1513,3292 1528,3247 497,3206"/><Baseline points="504,3243 549,3243 594,3243 639,3246 683,3252 728,3255 773,3258 818,3261 863,3264 907,3264 952,3264 997,3267 1042,3267 1087,3267 1131,3267 1176,3270 1221,3270 1266,3270 1311,3270 1355,3273 1400,3273 1445,3276 1490,3276 1532,3279"/><TextEquiv><Unicode>l’étude la plus attentive des phénomènes de la nature.</Unicode></TextEquiv></TextLine><TextLine id="r_3_tl_45" custom="readingOrder {index:44;}"><Coords points="497,3300 1520,3359 1528,3306 496,3255"/><Baseline points="504,3294 549,3294 594,3294 639,3297 683,3300 728,3305 773,3308 818,3311 863,3314 907,3317 952,3317 997,3320 1042,3320 1087,3320 1131,3320 1176,3320 1221,3323 1266,3323 1311,3323 1355,3326 1400,3326 1445,3326 1490,3329 1532,3329"/><TextEquiv><Unicode>Esprit exact et contemplatif tout à la fois, il nourris¬</Unicode></TextEquiv></TextLine><TextLine id="r_3_tl_46" custom="readingOrder {index:45;}"><Coords points="496,3355 1532,3403 1530,3359 1473,3341 495,3314"/><Baseline points="502,3344 546,3341 591,3344 636,3347 680,3350 725,3353 770,3356 815,3359 860,3365 904,3365 949,3368 994,3371 1039,3374 1084,3374 1128,3374 1173,3377 1218,3377 1263,3377 1308,3377 1352,3377 1397,3377 1442,3380 1487,3380 1532,3380"/><TextEquiv><Unicode>sait en lui dans sa jeunesse, comme il l’écrivait plus</Unicode></TextEquiv></TextLine><TextLine id="r_3_tl_47" custom="readingOrder {index:46;}"><Coords points="495,3403 1525,3452 1523,3402 492,3358"/><Baseline points="502,3398 546,3395 591,3398 636,3398 680,3401 725,3404 770,3404 815,3410 860,3413 904,3416 949,3419 994,3422 1039,3425 1084,3428 1128,3428 1173,3431 1218,3431 1263,3431 1308,3431 1352,3431 1397,3434 1442,3434 1487,3434 1529,3437"/><TextEquiv><Unicode>tard, le désir de pénétrer les secrets de ce monde, et</Unicode></TextEquiv></TextLine><TextEquiv><Unicode></Unicode></TextEquiv></TextRegion><TextRegion id="r_4" custom="readingOrder {index:5;} structure {type:footnote;}"><Coords points="434,3475 1538,3475 1538,3657 434,3657"/><TextLine id="r_4_tl_1" custom="readingOrder {index:0;}"><Coords points="533,3546 1519,3593 1507,3530 1048,3537 530,3487"/><Baseline points="540,3538 585,3532 630,3532 674,3535 719,3535 764,3538 809,3541 854,3541 898,3544 943,3550 988,3553 1033,3556 1078,3559 1122,3562 1167,3565 1212,3568 1257,3568 1302,3568 1346,3571 1391,3571 1436,3571 1481,3571 1520,3577"/><TextEquiv><Unicode>(1) Chez Didier, quai des Augustins, 35, Paris. Prix 15 fr.</Unicode></TextEquiv></TextLine><TextLine id="r_4_tl_2" custom="readingOrder {index:1;}"><Coords points="496,3622 654,3590 1239,3631 1236,3582 492,3553"/><Baseline points="501,3580 546,3577 591,3577 636,3577 680,3580 725,3583 770,3586 815,3586 860,3589 904,3592 949,3595 994,3598 1039,3601 1084,3604 1128,3607 1173,3610 1218,3613 1239,3616"/><TextEquiv><Unicode>2 volumes avec portrait, gravures et cartes.</Unicode></TextEquiv></TextLine><TextEquiv><Unicode></Unicode></TextEquiv></TextRegion><TextRegion id="r_6" custom="readingOrder {index:6;} structure {type:paragraph;}"><Coords points="1598,603 2716,603 2716,3525 1598,3525"/><TextLine id="r_6_tl_1" custom="readingOrder {index:0;}"><Coords points="1635,686 2668,686 2668,630 2603,623 1635,630"/><Baseline points="1642,671 1687,662 1732,662 1776,662 1821,662 1866,662 1911,662 1956,662 2000,662 2045,662 2090,662 2135,662 2180,662 2224,662 2269,660 2314,660 2359,660 2404,660 2448,662 2493,662 2538,662 2583,662 2628,662 2672,671"/><TextEquiv><Unicode>pendant ses voyages, qu’il étendit jusqu’à l’Islande,</Unicode></TextEquiv></TextLine><TextLine id="r_6_tl_2" custom="readingOrder {index:1;}"><Coords points="1629,724 2671,736 2629,680 1629,691"/><Baseline points="1636,716 1681,713 1726,713 1770,713 1815,713 1860,713 1905,713 1950,713 1994,713 2039,713 2084,713 2129,713 2174,713 2218,713 2263,710 2308,710 2353,710 2398,713 2442,713 2487,713 2532,713 2577,713 2622,716 2666,719 2675,719"/><TextEquiv><Unicode>durant ses veilles studieuses, alors que, pour assurer</Unicode></TextEquiv></TextLine><TextLine id="r_6_tl_3" custom="readingOrder {index:2;}"><Coords points="1629,782 2675,786 2675,737 2622,728 1847,753 1629,725"/><Baseline points="1636,767 1681,767 1726,764 1770,764 1815,764 1860,764 1905,764 1950,764 1994,764 2039,764 2084,767 2129,764 2174,764 2218,764 2263,761 2308,761 2353,761 2398,761 2442,764 2487,764 2532,764 2577,764 2622,767 2666,770 2678,770"/><TextEquiv><Unicode>le pain de sa famille, il traçait des cartes et copiait</Unicode></TextEquiv></TextLine><TextLine id="r_6_tl_4" custom="readingOrder {index:3;}"><Coords points="1631,829 2671,837 2642,781 1631,784"/><Baseline points="1639,815 1684,815 1729,815 1773,815 1818,815 1863,815 1908,815 1953,818 1997,815 2042,815 2087,815 2132,815 2177,815 2221,815 2266,812 2311,812 2356,812 2401,812 2445,812 2490,815 2535,815 2580,815 2625,818 2669,824 2675,821"/><TextEquiv><Unicode>des manuscrits, il concevait silencieusement le projet</Unicode></TextEquiv></TextLine><TextLine id="r_6_tl_5" custom="readingOrder {index:4;}"><Coords points="1629,870 2675,893 2675,841 2601,828 1629,843"/><Baseline points="1636,869 1681,866 1726,866 1770,866 1815,866 1860,866 1905,866 1950,866 1994,866 2039,866 2084,866 2129,866 2174,866 2218,866 2263,866 2308,866 2353,866 2398,866 2442,866 2487,866 2532,866 2577,866 2622,869 2666,872 2678,875"/><TextEquiv><Unicode>d’explorer la totalité de l’univers. Il mûrissait dans</Unicode></TextEquiv></TextLine><TextLine id="r_6_tl_6" custom="readingOrder {index:5;}"><Coords points="1629,924 2671,943 2671,890 2537,877 1629,879"/><Baseline points="1636,919 1681,916 1726,916 1770,916 1815,916 1860,916 1905,916 1950,916 1994,919 2039,919 2084,919 2129,919 2174,916 2218,916 2263,916 2308,916 2353,916 2398,916 2442,916 2487,916 2532,916 2577,919 2622,919 2666,922 2675,925"/><TextEquiv><Unicode>les abîmes de sa pensée une idée surhumaine, un</Unicode></TextEquiv></TextLine><TextLine id="r_6_tl_7" custom="readingOrder {index:6;}"><Coords points="1629,991 2675,989 2675,944 1629,947"/><Baseline points="1636,976 1681,970 1726,970 1770,970 1815,970 1860,970 1905,970 1950,970 1994,970 2039,970 2084,970 2129,967 2174,967 2218,970 2263,967 2308,967 2353,967 2398,967 2442,967 2487,970 2532,967 2577,967 2622,970 2666,973 2678,976"/><TextEquiv><Unicode>projet plus hardi que l’héroïsme des temps fabuleux.</Unicode></TextEquiv></TextLine><TextLine id="r_6_tl_8" custom="readingOrder {index:7;}"><Coords points="1629,1037 2671,1036 2671,997 2557,981 1629,989"/><Baseline points="1636,1021 1681,1018 1726,1018 1770,1018 1815,1018 1860,1021 1905,1021 1950,1021 1994,1021 2039,1021 2084,1021 2129,1021 2174,1021 2218,1021 2263,1021 2308,1021 2353,1021 2398,1018 2442,1021 2487,1021 2532,1021 2577,1021 2622,1021 2666,1027 2675,1024"/><TextEquiv><Unicode>Il voulait se lancer sur l’Océan, parcourir les espaces</Unicode></TextEquiv></TextLine><TextLine id="r_6_tl_9" custom="readingOrder {index:8;}"><Coords points="1631,1092 2671,1090 2646,1037 1631,1029"/><Baseline points="1639,1072 1684,1069 1729,1072 1773,1072 1818,1069 1863,1072 1908,1072 1953,1072 1997,1072 2042,1072 2087,1072 2132,1072 2177,1072 2221,1072 2266,1072 2311,1072 2356,1072 2401,1072 2445,1072 2490,1072 2535,1072 2580,1072 2625,1075 2669,1078 2675,1078"/><TextEquiv><Unicode>que personne n’avait parcourus, et que les marins</Unicode></TextEquiv></TextLine><TextLine id="r_6_tl_10" custom="readingOrder {index:9;}"><Coords points="1635,1139 2671,1138 2660,1090 1635,1094"/><Baseline points="1642,1119 1687,1119 1732,1119 1776,1119 1821,1119 1866,1119 1911,1122 1956,1122 2000,1122 2045,1122 2090,1122 2135,1122 2180,1125 2224,1125 2269,1122 2314,1122 2359,1122 2404,1122 2448,1122 2493,1122 2538,1122 2583,1122 2628,1125 2672,1131 2675,1131"/><TextEquiv><Unicode>qualifiaient de mer ténébreuse, car au delà de ces flots</Unicode></TextEquiv></TextLine><TextLine id="r_6_tl_11" custom="readingOrder {index:10;}"><Coords points="1631,1183 2668,1187 2668,1150 2585,1135 1631,1142"/><Baseline points="1639,1173 1684,1170 1729,1170 1773,1170 1818,1170 1863,1170 1908,1170 1953,1173 1997,1173 2042,1173 2087,1173 2132,1173 2177,1173 2221,1173 2266,1173 2311,1173 2356,1176 2401,1173 2445,1173 2490,1173 2535,1173 2580,1176 2625,1176 2669,1179 2672,1179"/><TextEquiv><Unicode>mystérieux il pressentait une terre inconnue à la-</Unicode></TextEquiv></TextLine><TextLine id="r_6_tl_12" custom="readingOrder {index:11;}"><Coords points="1629,1247 2472,1244 2472,1203 2416,1184 1629,1187"/><Baseline points="1636,1224 1681,1224 1726,1224 1770,1224 1815,1224 1860,1224 1905,1224 1950,1224 1994,1224 2039,1224 2084,1224 2129,1224 2174,1224 2218,1224 2263,1224 2308,1224 2353,1227 2398,1227 2442,1227 2475,1230"/><TextEquiv><Unicode>quelle il voulait faire connaître l’Evangile.</Unicode></TextEquiv></TextLine><TextLine id="r_6_tl_13" custom="readingOrder {index:12;}"><Coords points="1680,1289 2678,1296 2678,1256 2560,1240 1680,1243"/><Baseline points="1687,1275 1732,1275 1776,1275 1821,1275 1866,1275 1911,1275 1956,1275 2000,1275 2045,1275 2090,1275 2135,1278 2180,1278 2224,1278 2269,1278 2314,1278 2359,1278 2404,1278 2448,1278 2493,1278 2538,1278 2583,1281 2628,1281 2672,1284 2681,1281"/><TextEquiv><Unicode>«En 1476, Christophe Colomb, ayant atteint sa</Unicode></TextEquiv></TextLine><TextLine id="r_6_tl_14" custom="readingOrder {index:13;}"><Coords points="1633,1341 2680,1351 2679,1296 1631,1306"/><Baseline points="1639,1325 1684,1325 1729,1325 1773,1325 1818,1325 1863,1325 1908,1325 1953,1328 1997,1328 2042,1328 2087,1328 2132,1328 2177,1328 2221,1328 2266,1328 2311,1328 2356,1328 2401,1328 2445,1328 2490,1331 2535,1328 2580,1328 2625,1331 2669,1334 2684,1334"/><TextEquiv><Unicode>quarantième année, résolut de tenter la réalisation de</Unicode></TextEquiv></TextLine><TextLine id="r_6_tl_15" custom="readingOrder {index:14;}"><Coords points="1637,1403 2670,1397 2629,1338 1635,1346"/><Baseline points="1642,1382 1687,1376 1732,1379 1776,1376 1821,1376 1866,1376 1911,1379 1956,1379 2000,1379 2045,1379 2090,1379 2135,1379 2180,1379 2224,1382 2269,1382 2314,1382 2359,1382 2404,1382 2448,1382 2493,1382 2538,1382 2583,1382 2628,1382 2672,1388"/><TextEquiv><Unicode>son plan. Pour cela, ses yeux se tournèrent naturelle-</Unicode></TextEquiv></TextLine><TextLine id="r_6_tl_16" custom="readingOrder {index:15;}"><Coords points="1631,1444 2680,1448 2671,1397 1631,1397"/><Baseline points="1639,1430 1684,1430 1729,1430 1773,1430 1818,1430 1863,1430 1908,1430 1953,1430 1997,1430 2042,1430 2087,1433 2132,1433 2177,1433 2221,1433 2266,1433 2311,1433 2356,1433 2401,1433 2445,1436 2490,1433 2535,1433 2580,1433 2625,1436 2669,1436 2684,1439"/><TextEquiv><Unicode>ment vers sa patrie ; il ambitionnait de l’associer à</Unicode></TextEquiv></TextLine><TextLine id="r_6_tl_17" custom="readingOrder {index:16;}"><Coords points="1635,1496 2656,1501 2642,1444 1635,1446"/><Baseline points="1642,1484 1687,1481 1732,1481 1776,1481 1821,1481 1866,1481 1911,1481 1956,1481 2000,1481 2045,1481 2090,1481 2135,1481 2180,1484 2224,1484 2269,1484 2314,1484 2359,1484 2404,1484 2448,1487 2493,1484 2538,1487 2583,1484 2628,1487 2660,1487"/><TextEquiv><Unicode>l’honneur d’une telle découverte. Il passa donc à Gê</Unicode></TextEquiv></TextLine><TextLine id="r_6_tl_18" custom="readingOrder {index:17;}"><Coords points="1631,1548 2678,1554 2678,1509 2606,1499 1631,1500"/><Baseline points="1639,1535 1684,1532 1729,1532 1773,1535 1818,1532 1863,1532 1908,1532 1953,1532 1997,1532 2042,1535 2087,1535 2132,1535 2177,1535 2221,1535 2266,1535 2311,1535 2356,1535 2401,1535 2445,1535 2490,1535 2535,1538 2580,1538 2625,1538 2669,1541 2681,1538"/><TextEquiv><Unicode>nes, et proposa son plan au sénat. Il s’obligeait, si on</Unicode></TextEquiv></TextLine><TextLine id="r_6_tl_19" custom="readingOrder {index:18;}"><Coords points="1638,1609 2671,1599 2655,1550 1638,1561"/><Baseline points="1645,1585 1690,1582 1735,1582 1779,1582 1824,1582 1869,1582 1914,1582 1959,1585 2003,1585 2048,1585 2093,1585 2138,1585 2183,1585 2227,1585 2272,1585 2317,1585 2362,1585 2407,1588 2451,1588 2496,1588 2541,1588 2586,1588 2631,1588 2675,1594"/><TextEquiv><Unicode>voulait lui fournir quelques navires équipés, à partir</Unicode></TextEquiv></TextLine><TextLine id="r_6_tl_20" custom="readingOrder {index:19;}"><Coords points="1631,1655 2675,1655 2675,1613 2550,1602 1631,1613"/><Baseline points="1639,1639 1684,1636 1729,1633 1773,1633 1818,1633 1863,1633 1908,1636 1953,1633 1997,1636 2042,1636 2087,1636 2132,1636 2177,1639 2221,1639 2266,1639 2311,1639 2356,1639 2401,1639 2445,1639 2490,1639 2535,1639 2580,1639 2625,1639 2669,1639 2678,1639"/><TextEquiv><Unicode>par le détroit de Gibraltar, et à pousser vers le cou-</Unicode></TextEquiv></TextLine><TextLine id="r_6_tl_21" custom="readingOrder {index:20;}"><Coords points="1631,1699 2680,1706 2672,1653 1631,1667"/><Baseline points="1639,1687 1684,1684 1729,1684 1773,1684 1818,1687 1863,1687 1908,1687 1953,1687 1997,1687 2042,1687 2087,1687 2132,1690 2177,1690 2221,1690 2266,1690 2311,1690 2356,1690 2401,1690 2445,1690 2490,1690 2535,1693 2580,1690 2625,1693 2669,1693 2684,1699"/><TextEquiv><Unicode>chant dans la mer de l’Océan, jusqu’à ce qu’il eût</Unicode></TextEquiv></TextLine><TextLine id="r_6_tl_22" custom="readingOrder {index:21;}"><Coords points="1629,1753 2684,1768 2684,1704 1629,1707"/><Baseline points="1636,1741 1681,1738 1726,1738 1770,1738 1815,1738 1860,1738 1905,1738 1950,1738 1994,1738 2039,1738 2084,1738 2129,1741 2174,1741 2218,1741 2263,1741 2308,1741 2353,1741 2398,1744 2442,1744 2487,1744 2532,1744 2577,1744 2622,1744 2666,1744 2687,1747"/><TextEquiv><Unicode>trouvé la terre où naissent les épices (1), et fait ainsi</Unicode></TextEquiv></TextLine><TextLine id="r_6_tl_23" custom="readingOrder {index:22;}"><Coords points="1631,1804 2680,1822 2680,1767 2554,1755 1631,1751"/><Baseline points="1639,1791 1684,1788 1729,1788 1773,1788 1818,1788 1863,1788 1908,1788 1953,1788 1997,1791 2042,1791 2087,1791 2132,1791 2177,1791 2221,1791 2266,1791 2311,1794 2356,1794 2401,1794 2445,1794 2490,1794 2535,1794 2580,1794 2625,1794 2669,1797 2684,1797"/><TextEquiv><Unicode>le tour du monde. Mais les raisons cosmographiques</Unicode></TextEquiv></TextLine><TextLine id="r_6_tl_24" custom="readingOrder {index:23;}"><Coords points="1623,1855 2670,1866 2670,1822 2524,1810 1623,1816"/><Baseline points="1630,1842 1675,1839 1720,1839 1764,1839 1809,1839 1854,1839 1899,1842 1944,1842 1988,1842 2033,1842 2078,1842 2123,1845 2168,1845 2212,1845 2257,1845 2302,1845 2347,1845 2392,1845 2436,1848 2481,1848 2526,1848 2571,1848 2616,1848 2660,1848 2672,1854"/><TextEquiv><Unicode>sur lesquelles il s’appuyait ne pouvaient être bien ap-</Unicode></TextEquiv></TextLine><TextLine id="r_6_tl_25" custom="readingOrder {index:24;}"><Coords points="1635,1910 2682,1920 2682,1858 1635,1865"/><Baseline points="1642,1896 1687,1890 1732,1890 1776,1893 1821,1893 1866,1893 1911,1893 1956,1893 2000,1893 2045,1893 2090,1896 2135,1896 2180,1896 2224,1896 2269,1896 2314,1899 2359,1899 2404,1899 2448,1899 2493,1899 2538,1899 2583,1899 2628,1899 2672,1905 2684,1905"/><TextEquiv><Unicode>préciées des membres de cette compagnie. Les Génois,</Unicode></TextEquiv></TextLine><TextLine id="r_6_tl_26" custom="readingOrder {index:25;}"><Coords points="1623,1952 2610,1971 2670,1964 2670,1914 1622,1910"/><Baseline points="1630,1944 1675,1944 1720,1944 1764,1944 1809,1944 1854,1944 1899,1944 1944,1944 1988,1944 2033,1944 2078,1947 2123,1947 2168,1947 2212,1947 2257,1947 2302,1950 2347,1950 2392,1950 2436,1950 2481,1950 2526,1950 2571,1950 2616,1953 2660,1953 2672,1953"/><TextEquiv><Unicode>habiles autant qu’intrépides dans le bassin de la Mé¬</Unicode></TextEquiv></TextLine><TextLine id="r_6_tl_27" custom="readingOrder {index:26;}"><Coords points="1623,2007 2496,2030 2671,2015 2671,1968 1622,1952"/><Baseline points="1630,1994 1675,1994 1720,1994 1764,1994 1809,1994 1854,1994 1899,1994 1944,1994 1988,1997 2033,1997 2078,1997 2123,1997 2168,2000 2212,2000 2257,2000 2302,2000 2347,2000 2392,2000 2436,2000 2481,2000 2526,2003 2571,2003 2616,2003 2660,2003 2675,2003"/><TextEquiv><Unicode>diterranée, ne s’aventuraient guères sur l’Océan. Ils</Unicode></TextEquiv></TextLine><TextLine id="r_6_tl_28" custom="readingOrder {index:27;}"><Coords points="1623,2052 2671,2080 2670,2019 1623,2020"/><Baseline points="1630,2048 1675,2045 1720,2045 1764,2045 1809,2045 1854,2048 1899,2048 1944,2045 1988,2048 2033,2048 2078,2051 2123,2051 2168,2051 2212,2051 2257,2051 2302,2054 2347,2054 2392,2054 2436,2054 2481,2054 2526,2054 2571,2054 2616,2054 2660,2054 2672,2054"/><TextEquiv><Unicode>tinrent l’offre de leur compatriote pour une orgueil-</Unicode></TextEquiv></TextLine><TextLine id="r_6_tl_29" custom="readingOrder {index:28;}"><Coords points="1623,2111 2638,2125 2670,2080 1622,2056"/><Baseline points="1630,2099 1675,2096 1720,2099 1764,2099 1809,2099 1854,2099 1899,2099 1944,2099 1988,2099 2033,2102 2078,2102 2123,2102 2168,2102 2212,2102 2257,2102 2302,2102 2347,2105 2392,2105 2436,2105 2481,2105 2526,2105 2571,2105 2616,2105 2660,2108 2672,2111"/><TextEquiv><Unicode>leuse réverie, et ils prétextèrent la pénurie du trésor</Unicode></TextEquiv></TextLine><TextLine id="r_6_tl_30" custom="readingOrder {index:29;}"><Coords points="1623,2159 2678,2172 2676,2133 2593,2119 1623,2111"/><Baseline points="1630,2153 1675,2150 1720,2150 1764,2150 1809,2150 1854,2150 1899,2150 1944,2150 1988,2150 2033,2153 2078,2153 2123,2153 2168,2153 2212,2153 2257,2153 2302,2153 2347,2156 2392,2156 2436,2159 2481,2156 2526,2159 2571,2159 2616,2159 2660,2162 2678,2162"/><TextEquiv><Unicode>épuisé par des armements considérables. Rejeté par</Unicode></TextEquiv></TextLine><TextLine id="r_6_tl_31" custom="readingOrder {index:30;}"><Coords points="1623,2211 2680,2228 2679,2172 1622,2158"/><Baseline points="1630,2203 1675,2201 1720,2201 1764,2201 1809,2201 1854,2201 1899,2201 1944,2203 1988,2203 2033,2203 2078,2203 2123,2203 2168,2206 2212,2206 2257,2206 2302,2206 2347,2206 2392,2209 2436,2209 2481,2209 2526,2209 2571,2209 2616,2209 2660,2212 2684,2212"/><TextEquiv><Unicode>le sénat de Gênes, il offrit ses projets à Venise : la</Unicode></TextEquiv></TextLine><TextLine id="r_6_tl_32" custom="readingOrder {index:31;}"><Coords points="1623,2268 2614,2281 2678,2275 2678,2236 1622,2223"/><Baseline points="1630,2254 1675,2251 1720,2251 1764,2251 1809,2254 1854,2254 1899,2254 1944,2254 1988,2254 2033,2254 2078,2257 2123,2257 2168,2257 2212,2257 2257,2257 2302,2260 2347,2260 2392,2260 2436,2260 2481,2260 2526,2260 2571,2260 2616,2263 2660,2263 2681,2266"/><TextEquiv><Unicode>reine de l’Adriatique ne voulut pas devenir la reine</Unicode></TextEquiv></TextLine><TextLine id="r_6_tl_33" custom="readingOrder {index:32;}"><Coords points="1623,2313 2671,2332 2663,2273 1623,2276"/><Baseline points="1630,2305 1675,2305 1720,2305 1764,2305 1809,2305 1854,2305 1899,2305 1944,2305 1988,2305 2033,2308 2078,2308 2123,2308 2168,2308 2212,2308 2257,2311 2302,2308 2347,2311 2392,2311 2436,2311 2481,2311 2526,2311 2571,2311 2616,2314 2660,2317 2675,2323"/><TextEquiv><Unicode>de l’Océan; alors il tourna ses vues vers le Portugal,</Unicode></TextEquiv></TextLine><TextLine id="r_6_tl_34" custom="readingOrder {index:33;}"><Coords points="1623,2381 2687,2381 2687,2334 2594,2325 1623,2328"/><Baseline points="1630,2359 1675,2356 1720,2356 1764,2356 1809,2356 1854,2359 1899,2359 1944,2359 1988,2359 2033,2359 2078,2359 2123,2362 2168,2362 2212,2362 2257,2362 2302,2362 2347,2362 2392,2362 2436,2365 2481,2365 2526,2365 2571,2365 2616,2365 2660,2368 2690,2371"/><TextEquiv><Unicode>déjà célèbre par ses découvertes maritimes qu’avait</Unicode></TextEquiv></TextLine><TextLine id="r_6_tl_35" custom="readingOrder {index:34;}"><Coords points="1626,2422 2676,2440 2675,2383 2622,2378 1626,2381"/><Baseline points="1633,2410 1678,2407 1723,2410 1767,2407 1812,2410 1857,2410 1902,2410 1947,2410 1991,2410 2036,2410 2081,2413 2126,2413 2171,2413 2215,2413 2260,2416 2305,2416 2350,2416 2395,2416 2439,2416 2484,2416 2529,2416 2574,2419 2619,2419 2663,2422 2678,2422"/><TextEquiv><Unicode>si puissamment encouragées l’infant don Henri. Les</Unicode></TextEquiv></TextLine><TextLine id="r_6_tl_36" custom="readingOrder {index:35;}"><Coords points="1623,2477 2676,2483 2675,2439 2629,2431 1622,2431"/><Baseline points="1630,2460 1675,2460 1720,2460 1764,2460 1809,2460 1854,2460 1899,2460 1944,2463 1988,2463 2033,2463 2078,2463 2123,2466 2168,2466 2212,2466 2257,2466 2302,2466 2347,2466 2392,2466 2436,2466 2481,2469 2526,2469 2571,2469 2616,2469 2660,2472 2678,2472"/><TextEquiv><Unicode>marins, les cosmographes, les voyageurs étaient les</Unicode></TextEquiv></TextLine><TextLine id="r_6_tl_37" custom="readingOrder {index:36;}"><Coords points="1617,2516 2678,2533 2676,2493 2589,2481 1617,2477"/><Baseline points="1624,2511 1669,2511 1714,2511 1759,2511 1803,2511 1848,2514 1893,2514 1938,2514 1983,2514 2027,2514 2072,2517 2117,2517 2162,2517 2206,2517 2251,2517 2296,2520 2341,2520 2386,2520 2430,2520 2475,2520 2520,2520 2565,2520 2610,2523 2654,2523 2678,2526"/><TextEquiv><Unicode>bienvenus à la cour de Lisbonne, et Colomb n’eut pas</Unicode></TextEquiv></TextLine><TextLine id="r_6_tl_38" custom="readingOrder {index:37;}"><Coords points="1623,2582 2680,2589 2668,2534 1623,2530"/><Baseline points="1630,2565 1675,2562 1720,2565 1764,2565 1809,2565 1854,2565 1899,2565 1944,2565 1988,2565 2033,2568 2078,2568 2123,2568 2168,2568 2212,2571 2257,2571 2302,2571 2347,2571 2392,2574 2436,2574 2481,2574 2526,2574 2571,2574 2616,2574 2660,2577 2684,2580"/><TextEquiv><Unicode>de peine à obtenir une audience du roi Joam II. A</Unicode></TextEquiv></TextLine><TextLine id="r_6_tl_39" custom="readingOrder {index:38;}"><Coords points="1619,2630 2659,2641 2658,2585 1618,2594"/><Baseline points="1627,2619 1672,2613 1717,2613 1762,2616 1806,2616 1851,2616 1896,2616 1941,2619 1985,2619 2030,2619 2075,2619 2120,2619 2165,2622 2209,2622 2254,2622 2299,2625 2344,2625 2389,2625 2433,2625 2478,2625 2523,2625 2568,2625 2613,2625 2657,2628 2663,2628"/><TextEquiv><Unicode>raison même de son élévation d’esprit, de sa connais-</Unicode></TextEquiv></TextLine><TextLine id="r_6_tl_40" custom="readingOrder {index:39;}"><Coords points="1617,2672 2645,2699 2670,2646 1615,2641"/><Baseline points="1624,2666 1669,2666 1714,2666 1759,2666 1803,2666 1848,2669 1893,2669 1938,2669 1983,2669 2027,2669 2072,2672 2117,2672 2162,2672 2206,2675 2251,2675 2296,2675 2341,2675 2386,2675 2430,2675 2475,2675 2520,2675 2565,2675 2610,2675 2654,2678 2675,2678"/><TextEquiv><Unicode>sance des hommes et de sa propension aux sciences</Unicode></TextEquiv></TextLine><TextLine id="r_6_tl_41" custom="readingOrder {index:40;}"><Coords points="1623,2731 2656,2745 2629,2692 1623,2691"/><Baseline points="1630,2720 1675,2717 1720,2717 1764,2720 1809,2720 1854,2720 1899,2720 1944,2723 1988,2723 2033,2723 2078,2723 2123,2723 2168,2726 2212,2726 2257,2726 2302,2726 2347,2726 2392,2729 2436,2729 2481,2729 2526,2726 2571,2726 2616,2729 2660,2730"/><TextEquiv><Unicode>naturelles, le roi se sentit disposé en faveur du Gé</Unicode></TextEquiv></TextLine><TextLine id="r_6_tl_42" custom="readingOrder {index:41;}"><Coords points="1619,2792 2663,2796 2663,2739 1619,2745"/><Baseline points="1627,2771 1672,2768 1717,2771 1762,2771 1806,2771 1851,2771 1896,2774 1941,2774 1985,2774 2030,2774 2075,2774 2120,2777 2165,2777 2209,2777 2254,2777 2299,2780 2344,2780 2389,2780 2433,2780 2478,2780 2523,2780 2568,2780 2613,2780 2657,2783 2666,2783"/><TextEquiv><Unicode>nois. Entraîné par l’ascendant de cette noble simpli-</Unicode></TextEquiv></TextLine><TextLine id="r_6_tl_43" custom="readingOrder {index:42;}"><Coords points="1617,2832 2671,2842 2671,2797 2530,2789 1617,2788"/><Baseline points="1624,2822 1669,2822 1714,2822 1759,2822 1803,2825 1848,2825 1893,2825 1938,2825 1983,2828 2027,2828 2072,2828 2117,2828 2162,2831 2206,2831 2251,2831 2296,2831 2341,2831 2386,2831 2430,2831 2475,2831 2520,2831 2565,2831 2610,2831 2654,2834 2675,2834"/><TextEquiv><Unicode>cité et de cette loyale confiance, Joam II se disposa</Unicode></TextEquiv></TextLine><TextLine id="r_6_tl_44" custom="readingOrder {index:43;}"><Coords points="1623,2886 2656,2895 2656,2855 2524,2841 1623,2846"/><Baseline points="1630,2875 1675,2872 1720,2875 1764,2875 1809,2875 1854,2875 1899,2875 1944,2875 1988,2878 2033,2878 2078,2878 2123,2881 2168,2881 2212,2881 2257,2881 2302,2881 2347,2884 2392,2884 2436,2881 2481,2881 2526,2881 2571,2884 2616,2884 2660,2887 2663,2884"/><TextEquiv><Unicode>aux frais d’une expédition. Toutefois, avant de s’en</Unicode></TextEquiv></TextLine><TextLine id="r_6_tl_45" custom="readingOrder {index:44;}"><Coords points="1617,2943 2663,2950 2662,2903 1615,2902"/><Baseline points="1624,2932 1669,2926 1714,2926 1759,2929 1803,2926 1848,2926 1893,2929 1938,2929 1983,2929 2027,2932 2072,2932 2117,2932 2162,2932 2206,2935 2251,2935 2296,2935 2341,2935 2386,2935 2430,2935 2475,2932 2520,2935 2565,2935 2610,2935 2654,2938 2666,2935"/><TextEquiv><Unicode>gager, il souhaitait connaître positivement quelle ré-</Unicode></TextEquiv></TextLine><TextLine id="r_6_tl_46" custom="readingOrder {index:45;}"><Coords points="1617,2987 2668,3012 2676,2968 1615,2943"/><Baseline points="1624,2977 1669,2974 1714,2977 1759,2977 1803,2977 1848,2980 1893,2980 1938,2983 1983,2983 2027,2983 2072,2983 2117,2983 2162,2986 2206,2986 2251,2986 2296,2986 2341,2986 2386,2986 2430,2986 2475,2986 2520,2986 2565,2986 2610,2989 2654,2992 2678,2992"/><TextEquiv><Unicode>munération demanderait Colomb, en cas de réussite.</Unicode></TextEquiv></TextLine><TextLine id="r_6_tl_47" custom="readingOrder {index:46;}"><Coords points="1664,3040 2646,3062 2670,3007 1663,2999"/><Baseline points="1672,3031 1717,3028 1762,3031 1806,3031 1851,3031 1896,3031 1941,3034 1985,3034 2030,3034 2075,3037 2120,3037 2165,3037 2209,3037 2254,3037 2299,3037 2344,3037 2389,3037 2433,3037 2478,3037 2523,3040 2568,3040 2613,3043 2657,3043 2675,3046"/><TextEquiv><Unicode>» Le Portugal encourageait les découvertes par de</Unicode></TextEquiv></TextLine><TextLine id="r_6_tl_48" custom="readingOrder {index:47;}"><Coords points="1619,3107 2656,3105 2656,3060 2619,3058 1619,3050"/><Baseline points="1627,3087 1672,3082 1717,3082 1762,3082 1806,3082 1851,3084 1896,3084 1941,3084 1985,3087 2030,3087 2075,3087 2120,3087 2165,3087 2209,3087 2254,3087 2299,3087 2344,3087 2389,3090 2433,3090 2478,3090 2523,3090 2568,3093 2613,3093 2657,3096 2660,3096"/><TextEquiv><Unicode>grandes libéralités. D’ordinaire on attribuait le gou-</Unicode></TextEquiv></TextLine><TextLine id="r_6_tl_49" custom="readingOrder {index:48;}"><Coords points="1623,3139 2617,3167 2671,3164 2671,3113 1622,3107"/><Baseline points="1630,3135 1675,3132 1720,3132 1764,3132 1809,3135 1854,3135 1899,3135 1944,3138 1988,3138 2033,3138 2078,3138 2123,3138 2168,3141 2212,3141 2257,3141 2302,3141 2347,3141 2392,3141 2436,3141 2481,3141 2526,3144 2571,3144 2616,3147 2660,3147 2675,3150"/><TextEquiv><Unicode>vernement de l’île ou de la région découverte à celui</Unicode></TextEquiv></TextLine><TextLine id="r_6_tl_50" custom="readingOrder {index:49;}"><Coords points="1618,3200 2668,3214 2639,3155 1617,3138"/><Baseline points="1624,3186 1669,3183 1714,3186 1759,3186 1803,3189 1848,3189 1893,3189 1938,3189 1983,3189 2027,3189 2072,3189 2117,3192 2162,3192 2206,3192 2251,3192 2296,3192 2341,3192 2386,3195 2430,3195 2475,3195 2520,3198 2565,3198 2610,3198 2654,3201 2672,3204"/><TextEquiv><Unicode>qui en avait pris possession au nom de la couronne.</Unicode></TextEquiv></TextLine><TextLine id="r_6_tl_51" custom="readingOrder {index:50;}"><Coords points="1619,3245 2670,3265 2668,3214 2568,3208 1619,3203"/><Baseline points="1627,3237 1672,3237 1717,3237 1762,3240 1806,3240 1851,3240 1896,3240 1941,3240 1985,3243 2030,3243 2075,3243 2120,3243 2165,3243 2209,3243 2254,3246 2299,3246 2344,3246 2389,3246 2433,3249 2478,3249 2523,3252 2568,3252 2613,3252 2657,3252 2672,3252"/><TextEquiv><Unicode>Parfois on rehaussait encore ces fonctions par quel-</Unicode></TextEquiv></TextLine><TextLine id="r_6_tl_52" custom="readingOrder {index:51;}"><Coords points="1619,3305 2656,3328 2656,3275 1618,3257"/><Baseline points="1627,3288 1672,3288 1717,3288 1762,3291 1806,3291 1851,3291 1896,3291 1941,3294 1985,3294 2030,3294 2075,3294 2120,3294 2165,3297 2209,3297 2254,3297 2299,3297 2344,3300 2389,3300 2433,3303 2478,3303 2523,3303 2568,3303 2613,3303 2657,3308 2660,3308"/><TextEquiv><Unicode>que titre honorifique. L’espoir de si hautes récom-</Unicode></TextEquiv></TextLine><TextLine id="r_6_tl_53" custom="readingOrder {index:52;}"><Coords points="1617,3358 2662,3378 2676,3326 1615,3314"/><Baseline points="1624,3347 1669,3338 1714,3341 1759,3341 1803,3341 1848,3344 1893,3344 1938,3344 1983,3344 2027,3344 2072,3347 2117,3347 2162,3347 2206,3347 2251,3350 2296,3350 2341,3353 2386,3353 2430,3356 2475,3356 2520,3356 2565,3356 2610,3353 2654,3356 2678,3356"/><TextEquiv><Unicode>penses enflammait d’ardeur toutes les imaginations.</Unicode></TextEquiv></TextLine><TextLine id="r_6_tl_54" custom="readingOrder {index:53;}"><Coords points="1610,3399 2475,3435 2652,3427 2675,3374 1609,3359"/><Baseline points="1618,3395 1663,3392 1708,3392 1753,3392 1797,3392 1842,3395 1887,3395 1932,3395 1977,3395 2021,3398 2066,3398 2111,3401 2156,3401 2201,3401 2245,3404 2290,3404 2335,3407 2380,3407 2424,3407 2469,3407 2514,3407 2559,3407 2604,3407 2648,3407 2678,3407"/><TextEquiv><Unicode>Mais ce n’était pas d’une pareille rétribution que se</Unicode></TextEquiv></TextLine><TextLine id="r_6_tl_55" custom="readingOrder {index:54;}"><Coords points="1610,3464 2550,3492 2676,3480 2676,3426 1609,3423"/><Baseline points="1618,3446 1663,3443 1708,3443 1753,3446 1797,3446 1842,3446 1887,3449 1932,3449 1977,3449 2021,3452 2066,3452 2111,3455 2156,3455 2201,3458 2245,3458 2290,3461 2335,3461 2380,3461 2424,3461 2469,3458 2514,3458 2559,3455 2604,3455 2648,3458 2678,3461"/><TextEquiv><Unicode>contentait cet homme, qui s’usait à faire des cartes et</Unicode></TextEquiv></TextLine><TextEquiv><Unicode></Unicode></TextEquiv></TextRegion><TextRegion id="r_5" custom="readingOrder {index:7;} structure {type:footnote;}"><Coords points="1635,3551 1895,3551 1895,3667 1635,3667"/><TextLine id="r_5_tl_1" custom="readingOrder {index:0;}"><Coords points="1643,3631 1703,3638 1715,3629 1751,3643 1767,3631 1802,3638 1828,3627 1861,3641 1870,3638 1871,3582 1833,3588 1820,3577 1769,3577 1759,3586 1716,3565 1691,3582 1643,3578"/><Baseline points="1651,3619 1696,3619 1741,3616 1785,3616 1830,3616 1875,3616"/><TextEquiv><Unicode>(1) Textuel.</Unicode></TextEquiv></TextLine><TextEquiv><Unicode></Unicode></TextEquiv></TextRegion></Page></PcGts>