2822 3966
1613 108 1692 197 56
558 178 1615 278 l’aîné de ces enfants : il se nommait Camille. On lui
558 268 1610 315 avait laissé ignorer la maladie et la mort de son jeune
564 312 1616 369 frère, mais au moment où le cercueil de celui-ci sortit
567 360 1609 421 du palais, Camille se souleva sur son petit lit et s’é¬
567 402 1619 471 cria : Voglio andar con Giovanni! (Je veux aller avec
567 462 1615 524 Jean!) Il mourut au même instant, et suivit son petit
558 515 1619 578 frère dans la demeure de paix où leur mère les avait
560 576 733 644 appelés.
607 616 1609 685 Le tombeau de la sainte princesse Borghèse est
567 662 1600 736 modeste comme elle ; on l’y a représentée sous les em-
567 728 1606 793 blèmes de la charité, avec cette simple épitaphe : Ici
1696 182 2745 274 reposent les cendres de la mère des pauvres, la prin¬
1687 263 2739 328 cesse Gwendaline Borghése, née à Cheltenham, du
1687 310 2741 378 comté de Shrewsbury, morte à l’âge de 22 ans, le 27
1689 363 1964 435 octobre 1840.
1729 403 2741 479 Nous avons pensé que nos lectrices ne connaîtraient
1693 470 2741 530 pas sans plaisir et sans utilité la vie de cette sainte de
1687 515 2735 582 notre temps, et que ce touchant exemple de désinté¬
1687 564 2741 641 ressement, de charité, d’affection, de dévouement,
1687 614 2754 688 ferait dire à quelques-unes peut-être, comme autrefois
1690 679 2748 748 saint Augustin : Pourquoi ne ferions-nous pas ce que
1686 724 2026 804 celle-ci a fait?...
1047 918 2256 1032 LETTRES A UNE JEUNE GULLE
1494 1073 1811 1141 (Première lettre.)
1132 1260 1510 1351 Paris, janvier 1857.
616 1371 1603 1436 Vous ne pouvez douter, ma chère enfant, que je
552 1425 1609 1481 n’accueille avec un vif empressement la prière que
564 1482 1609 1531 vous venez m’adresser, et que vous ne trouviez en
555 1531 1607 1591 moi, puisque vous le souhaitez, une correspondante
557 1582 1603 1637 exacte et zélée. Vous ne seriez pas ma filleule, vous
555 1627 1594 1695 ne seriez pas la fille d’une cousine, presque une sœur,
566 1692 1597 1750 que j’ai si tendrement aimée et si vivement regrettée,
552 1740 1604 1795 que votre position toute exceptionnelle m’inspirerait
555 1788 1597 1848 encore le plus chaleureux intérêt. Pauvre enfant,
558 1841 1594 1899 vous avez, bien jeune, de bien sérieux devoirs: consoler
552 1889 1598 1958 votre père, diriger votre frère et votre sœur, égayer
554 1941 1600 2012 la vieillesse et les infirmités de votre aïeule, conduire
546 1997 1594 2056 un grand ménage, remplacer votre digne mère enfin,
555 2054 1597 2110 et vous n’avez que dix-huit ans ! Aussi, lorsque vous
545 2099 1594 2161 me demandez des conseils, que vous regarderez,
546 2145 1600 2205 dites-vous, comme d’importants services, je ne puis
546 2202 1594 2262 que vous offrir tout ce dont je puis disposer, un peu
548 2259 1591 2328 d’expérience et une ancienne et fidèle affection, qui
539 2294 990 2370 date de votre berceau.
585 2348 1591 2422 Seulement, chère Albertine, le programme que
539 2411 1588 2482 vous me tracez est bien étendu, et je crains qu’il ne
543 2462 1594 2536 dépasse mes forces. Voyons : vous voulez que je vous
546 2513 1592 2580 parle de votre nouvelle position, de vos devoirs de
545 2562 1592 2631 famille, de vos occupations d’intérieur, de Vos études,
540 2619 1594 2676 de vos travaux; que je vous dise un mot du monde et
539 2656 1586 2736 de ses coutumes ; que je vous indique les meilleurs
539 2704 1586 2786 moyens de vivre en bonne intelligence avec les pa-
537 2774 1588 2840 rents, les alliés, les connaissances, les domestiques,
533 2805 1586 2897 le monde enfin ; que je vous guide dans vos amitiés,
534 2864 1588 2948 dans vos lectures, dans vor bonnes œuvres; que je
521 2926 1591 2998 vous signale les travers qu’il faut éviter, et les bonnes
527 2977 1585 3051 habitudes qu’il faut prendre; vous voulez enfin un
537 3025 1586 3099 code complet de morale et de savoir-vivre... Hélas !
536 3076 1582 3159 mon enfant, je ne suis pas à la hauteur d’une sem¬
533 3127 1582 3209 blable tâche, mais je ferai comme la faucheuse qui
539 3179 1583 3255 devait faucher toute seule un champ immense, je
543 3228 1585 3320 commencerai par un petit coin, sans m’occuper du
540 3276 1582 3361 travail du lendemain, et, répondant à vos premières
542 3343 1577 3419 questions, je vous parlerai d’abord de vos devoirs en¬
545 3383 1585 3472 vers votre famille. Je ne vous dirai rien de vos devoirs
533 3427 1582 3535 religieux, puisque je sais que vous avez puisé cet en¬
533 3490 1591 3588 seignement à de bonnes sources, et que vous êtes
533 3546 1570 3666 disposée à le mettre heureusement en pratique. Per¬
1681 1284 2742 1350 sévérez, chère Albertine, car Ià est la véritable force,
1684 1333 2623 1397 la souveraine lumière et la douce consolation !
1729 1379 2735 1449 Mais ces devoirs envers votre famille, ne les con-
1684 1430 2747 1497 naissez-vous pas, et la religion, dont les préceptes
1687 1493 2747 1549 vous sont si chers, ne les a-t-elle pas gravés dans
1687 1540 2750 1595 votra âme ? Ne savez-vous pas ce que votre excellent
1690 1580 2744 1662 père, si bon et si éprouvé, mérite de respect et de
1684 1645 2732 1714 dévouement; quelle grande tâche vous avez à rem-
1690 1692 2747 1753 plir auprès de Gustave et d’Octavie; de quels soins
1693 1750 2741 1808 patients vous devez environner les derniers jours de
1686 1806 2747 1859 votre digne grand’mère ? Cependant, entrons dans le
1681 1848 2738 1908 détail. Vous êtes tout pour votre père, ma chère en-
1680 1904 2748 1966 fant, puisque vous tenez dans sa maison la place de
1684 1963 2739 2027 celle qu’il avait associée à sa vie; faites donc ce qu‘elle
1684 2011 2735 2069 aurait fait : égayez-le par une humeur douce, aima-
1680 2054 2735 2131 ble, par des attentions empressées ; veillez à son bien-
1681 2115 2732 2176 être, ayez l’œil sur les soins matériels que les hom-
1683 2172 2738 2236 mes négligent, tout en en éprouvant le besoin et la
1681 2218 2739 2285 privation; ainsi, par exemple, veillez à son linge, c’est
1683 2267 2738 2337 le seul luxe d’un homme ; que ses repas soient servis
1674 2325 2732 2381 à ses goûts et à ses heures; donnez une active sur¬
1680 2375 2738 2435 veillance à l’arrangement de son cabinet, afin que
1674 2420 2742 2494 les domestiques, sous prétexte d’ordre, ne jettent pas
1674 2471 2735 2549 le désordre dans ses livres et ses papiers. Pliez vos
1680 2536 2735 2592 goûts et vos désirs aux siens ; soyez prête à sortir
1675 2589 2735 2649 avec lui quand il le désirera, et, pour cela, dès le
1675 2638 2730 2698 matin, réglez vos occupations et disposez votre toi¬
1678 2680 2727 2753 lette; tâchez de causer avec lui, de faire de la musi-
1678 2747 2735 2798 que pour lui, en un mot, rendez-le heureux, ce bon
1674 2795 2735 2852 père, qui a tant travaillé pour vous et que j’ai vu
1675 2849 2735 2908 veiller avec tant d’anxiété auprès de votre petit lit,
1675 2900 2730 2960 quand vous étiez atteinte des maladies de l’enfance.
1678 2947 2733 3027 Chère Albertine, dans ce dévouement de toutes les
1671 2989 2729 3079 heures qui vous fera vivre pour un autre, il y aura
1672 3043 2723 3114 parfois sacrifice, mais jetez un coup d’œil sur les an-
1669 3109 2730 3188 nées écoulées, pensez à tout ce que vos parents ont
1668 3141 2726 3218 fait et souffert pour vous, et vous trouverez que, quoi
1671 3204 2724 3285 qu’on fasse, toujours envers eux on reste insolvable.
1711 3260 2727 3343 J’en dirai autant de votre bonne grand’mère, mais
1665 3297 2726 3374 là vous trouverez matière à plus d’abnégation encore.
1669 3368 2726 3424 Elle est bien vieille, bien infirme, et ses facultés, si
1663 3419 2717 3481 belles autrefois, ont subi des ans l'irréparable ou-
1663 3474 2717 3528 trage. Votre bon cœur trouvera là de nouveaux mo¬
1678 3526 2720 3604 tifs de dévouement et d’amour. Soyez attentive à son
1669 3577 2723 3650 bien-être, exigez des domestiques, en leur en donnant
