2822 3966
1587 52 1740 144 128
1463 243 1863 359 ÉPHÉMÉRIDES.
1156 401 2177 465 3 Avril 1682, mort de Murillo, peintre espagnol.
608 550 1619 618 Ce peintre célèbre, naquit à Séville, d’une famille
562 609 1622 676 pauvre, et dans sa jeunesse il peignit des bannières
559 665 1616 735 et des images, afin de ramasser quelque argent et
559 708 1619 781 de pouvoir monter un petit atelier; Il avait étudié
550 758 1608 836 sous Velasquez, et l’étude attentive des ouvrages du
555 817 1619 889 Titien, de Rubens et de Van Dyck, l’observation de
541 856 1615 940 la nature, formèrent son génie. Il avait un coloris
1699 578 2748 669 brillant, des carnations fraîches et un naturel admi¬
1694 645 2760 734 rable. La France possède son chef-d’œuvre, l’Imma¬
1687 688 2748 779 culée Conception, qui se trouve au musée du Louvre.
1694 748 2759 832 Cet artiste si distingué a beaucoup peint, et il est
1689 809 2755 893 mort dans un âge assez avancé, à Séville, sa ville
1690 850 2582 925 natale, qu’il n’avait presque jamais quittée.
1478 991 1807 1101 Mosaïque.
582 1116 1593 1204 Ceux qui craignent de voir leur monnaie tomber
528 1179 1595 1269 dans le gouffre de la misère, aussi inutilement que le
538 1234 1592 1318 grain de sable jeté dans l’Océan pour le combler,
532 1290 1592 1371 n’ont jamais réfléchi à tout le bien renfermé dans
530 1340 1593 1419 une pièce de cent sous : — Cinq francs, le prix d’un
528 1386 1593 1473 bouquet, d’une paire de gants, d'une mauvaise place
531 1441 1601 1530 à l’Opéra, c’est, pour un homme affamé, plus de
528 1487 1591 1585 trente livres de pain, le pain de plus de quinze jours;
528 1557 1588 1626 c’est le demi-mois d’une nourrice pour l’enfant dont
528 1589 1592 1693 la mère a trop souffert pour avoir du lait; c’est la
523 1656 1589 1733 couverture qui empêche, trois ou quatre hivers, un
514 1699 1588 1787 ménage de mourir de froideur sur sa paille et sur ses
514 1757 1583 1833 chiffons ; c’est, dans un faubourg, le logement pen¬
516 1803 1241 1886 dant un mois de toute une famille...
1077 1867 1443 1934 VICOMTE DE MELUN.
1715 1149 2750 1257 La coutume de chanter le Te Deum après une vic-
1678 1225 2751 1306 toire remonte à la bataille de Cassel, gagnée sur les
1678 1269 2606 1348 Flamands par Philippe VI de Valois, en 1328.
1717 1369 2750 1458 Celui qui se domine lui-même s’affranchit de la
1675 1427 2575 1502 contrainte qui enchaîne toutes les créatures.
2515 1500 2678 1597 GOETHE.
1709 1579 2740 1671 Le matin, lorsque tu éprouves quelque peine à te
1663 1624 2739 1718 lever, fais aussitôt cette réflexion : Je m’éveille pour
1666 1690 2743 1777 vivre et agir en homme, dois-je trouver pénible d’al¬
1670 1737 2740 1819 ler accomplir l’œuvre à laquelle je suis destiné?
1659 1785 2735 1879 N’ai-je été créé que pour rester chaudement entre
1669 1840 1926 1923 deux draps ?
2342 1902 2625 1989 MARC-AURELE
1274 2019 1703 2155 REBA
1741 2082 1914 2166 S
858 2318 1280 2516 A
1125 3582 2012 3668 Paris. — Typ. Morris et comp., rue Amelot, 64.
