2946 4158
1614 102 1735 197 274
576 190 1607 277 HERMANN. Je prends le titre de comte; ne m'en don¬
526 260 1614 323 nez pas d’autre, je vous prie! D’ici au retour de mon¬
529 317 1619 370 sieur, Hermann est mort; il n'y a plus, céans, qu'une
529 370 1422 428 Excellence, qui vous vient visiter, baronne !
583 417 1616 497 CERTRUDE. Charmant ! charmant ! jolie idée! tout à
532 471 1618 539 fait jolie idée! Après tout, que me manque-t-il pour
526 537 1115 611 ressembler à une landgrave?
575 578 1620 655 HÉRMANN. Rien; au contraire, vous auriez plutôt
529 634 1616 709 quelque chose de trop. (Il lui désigne son tablier et
526 694 990 767 son trousseau de clefs.)
575 747 1620 812 GERTRUDE. C'est juste! (Elle s'en débarrasse.) Et
525 796 789 870 maintenant?
568 852 1616 915 HERMANN. Maintenant, je crois que le plus fin y se¬
521 907 1601 989 rait pris. (Saluant et exagérant les grandes manières.
524 960 717 1025 Baronne !
562 1017 1292 1080 CERTRUDE, saluant de même. Comte!
560 1071 1605 1133 HERMANN, de même. Avez-vous vu mes équipages de
514 1119 674 1184 chasse?
557 1173 1608 1242 CERTRUDE, de même. Merveilleux, comte, merveil¬
511 1228 630 1299 leux!
560 1285 1213 1342 HERMANN, de même. Et Rustaud?
554 1334 1418 1392 CERTRUDE, de même. Rustaud est adorable !
562 1391 1608 1454 HERMANN, naturel. ça n’est pas plus difficile que
521 1451 1600 1505 cela! Mettez donc un maître à faire le valet, vous
521 1504 1562 1564 verrez s'il y aura cette grâce et cette désinvolture!
560 1555 1597 1615 GERTRUDE. Ah! dame! monsieur Hermann, j’ai en¬
514 1604 1596 1666 tendu dire que, dans un certain Molière, les rôles des
521 1659 1479 1715 valets sont souvent les plus difficiles à remplir!
560 1712 1601 1777 HERMANN. Cela ne m'étonne pas, madame Gertrude,
511 1759 1048 1828 cet homme avait du sens !
899 1859 1209 1956 SCÈNE VIII.
753 1975 1342 2046 LES MÉMES, LISBETH, KOFF.
544 2043 1598 2138 LISBETH. Hein? Comment? l’on peut parler? l'on
508 2129 1115 2212 peut chanter? Quel bonheur!
729 2298 1079 2370 Tra la, tra la,
723 2359 1097 2418 Ah ! quelle ivresse!
730 2406 1090 2486 Tra la la, tra la la;
726 2446 1029 2512 Je puis chanter !
729 2481 1090 2561 Tra la la, tra la la;
716 2544 1055 2612 Plus de tristesse ;
716 2584 1084 2655 Tra la, tra la,
557 2627 1367 2699 Mon chant me réjouit et j'aime à l’écouter !
875 2735 1195 2803 PREMIER COUPLETS
641 2818 1206 2902 Trop vite les chagrins moroses
632 2866 1217 2950 Se hâtent vers nous d’accourir ;
632 2924 1222 2994 Ce que demain seront les roses
633 2972 1162 3040 Les empêche-t-il de fleurir?
713 3018 978 3089 Tra la, etc.
849 3116 1209 3209 DEUXIÈME COUPLET.
625 3205 1253 3277 Ne regardons point dans l’espace ;
622 3271 1224 3335 Jouissons du printemps vermeil ;
620 3313 1163 3381 Le malheur se fera sa place :
620 3360 1147 3447 Reculons l'instant du réveil!
706 3410 968 3493 Tra la, etc.
907 3486 1144 3565 TOUS QUATRE.
699 3523 974 3615 Tra la, etc.
525 3620 1192 3719 LISBETH. Ainsi, Son Excellence?
525 3680 1302 3774 HERMANN. Chevauche loin de ces lieux.
1749 177 2809 283 CERTRUDE. Ma chère petite, il n'y a plus, céans,
1701 263 2799 339 d’autres Excellences que nous; monsieur m’a dit,
1702 317 2798 386 très-catégoriquement, d'user de l'autorité, j'obéis!
1702 363 2809 449 Quant à vous, vous allez m'ôter ce petit bonnet, lisser
1702 427 2798 493 ces beaux cheveux, et faire la demoiselle; cela ira
1705 468 2802 548 très-bien à votre joli minois; M. Hermann, ici pré¬
1702 521 2796 597 sent, est un comte; je suis une baronne; vous serez
1704 579 1914 644 ma nièce.
1742 633 2300 712 KOFF. Et moi, que serai-je?
1746 694 2795 771 HERMANN. Vous, messire Koff, vous serez mon Her¬
1688 748 1841 807 mann.
1738 813 2799 871 KOFF. Comment, je devrai glisser comme une ombre
1698 863 2795 925 autour de vous, retenir mon souffle, deviner vos dé¬
1698 924 2806 983 sirs, ne répondre que par oui ou non, Excellence, et
1697 965 2798 1035 n’étant point assez loin pour ne pas entendre vos or¬
1699 1022 2799 1096 dres, je devrai prendre soin, cependant, de ne vous
1697 1080 2433 1133 point importuner de ma présence?
1737 1126 2222 1194 HERMANN. Précisément!
1738 1186 2787 1265 KOFF, pleurant. Alors, je ne suis pas de la fête,
1684 1234 1802 1303 moi?
1733 1287 2181 1366 LISBETH. Pauvre petit!
1733 1341 2789 1417 GERTRUDE. Bah! comte ! faisons-lui sa part, à cet en¬
1683 1404 2795 1479 fant! Koff, vous serez mon page et vous mangerez à
1686 1450 2130 1522 table auprès de nous.
1728 1515 2784 1583 HERMANN, baisant la main de Gertrude. Que votre
1690 1573 2794 1652 volonté soit faite, baronne; vous êtes bien la plus
1687 1612 2461 1673 excellente personne que je connaisse!
1735 1674 2791 1752 KOFF, cabriolant. Ça me va, ça meva, d'être le page
1677 1717 2107 1788 à maman Gertrude!
1731 1781 2440 1839 CERTRUDE. A madame la baronne !
1728 1834 2788 1909 KOFF. Oui, à madame la baronne! (Chantant en
1690 1875 1868 1956 fausset.)
1842 1994 2417 2068 Je suis page aimé de la reine.
1723 2097 2594 2174 En avant l'allemande, maman Gertrude!
1730 2151 2381 2224 CERTRUDE. Madame la baronne!
1720 2209 2778 2263 ΚοFF. Oui, madame la baronne! (Il fait valser Ger¬
1670 2258 2508 2330 trude; Hermann et Lisbeth valsent aussi.)
1723 2320 2769 2373 GERTRUDE. Ouf! Je n'en puis plus! Arrête, petit dé¬
1672 2361 1947 2432 mon, arrête!
1720 2422 2771 2483 KOFF. Maman Gertrude veut-elle un verre de kirchen¬
1679 2468 1838 2537 waser?
1720 2529 2776 2594 GERTRUDE. Fi! madame la baronne désire du punct
1681 2586 2767 2650 glacé; dites aux gens qu’on en monte un plateau,
1676 2648 2652 2712 et ne vous permettez pas d'en tâter le premier !
1726 2695 2349 2752 KOFF. Ah! maman Gertrude !..
1723 2749 2677 2806 CERTRUDR. Madame la baronne, mauvais singe!
1713 2802 2755 2877 KOF, se sauvant. Bah! vous ressemblez à une ba¬
1666 2859 2396 2921 ronne comme une oie à un cygne !
1720 2907 2518 2976 CERTRUDE, le poursuivant. Impertinent!
1713 2956 2763 3033 HERMANN, courant après eux. Madame Gertrude!
1665 2997 2764 3095 Madame Gertrude! du calme ! de la dignité! vous ne
1665 3062 2510 3145 sauriez avoir une colère de petites gens !
2071 3170 2349 3253 SCÈNE IX.
2041 3282 2378 3374 LISBETH, seule.
1701 3375 2769 3451 Baronne ! Excellence ! Sont-ils amusants !.. Si tout
1663 3443 2759 3519 cela venait aux oreilles de M. le Comte., cependant,
1661 3499 2535 3600 comment le prendrait-il? Je ne sais trop !
