<?xml version="1.0" encoding="UTF-8" standalone="yes"?><PcGts xmlns="http://schema.primaresearch.org/PAGE/gts/pagecontent/2013-07-15"><Metadata><Creator>prov=READ-COOP:name=TrHtr:version=2.44.0:model_id=51170:date=15_06_2026_19:41</Creator><Created>2026-05-26T10:53:45.608965</Created><LastChange>2026-06-20T13:25:53.448+02:00</LastChange><TranskribusMetadata docId="14756063" pageId="115166927" pageNr="356" userId="187713" imgUrl="https://files.transkribus.eu/Get?fileType=view&amp;id=OHDZEEGUKPPWOPVWLOSRDMAS" imageId="97254446"/></Metadata><Page imageFilename="20144531_356.jpg" imageWidth="2946" imageHeight="4158"><TextRegion id="tr_1779785678" custom="readingOrder {index:0;} structure {type:page-number;score:0.99;}"><Coords points="1647,142 1757,143 1752,204 1641,204"/><TextLine id="tr_1779785678_tl_1" custom="readingOrder {index:0;}"><Coords points="1638,210 1652,204 1701,225 1718,224 1733,209 1763,216 1765,155 1736,150 1732,144 1726,147 1714,136 1690,147 1641,147"/><Baseline points="1647,188 1677,188 1745,191"/><TextEquiv><Unicode>328</Unicode></TextEquiv></TextLine><TextEquiv><Unicode></Unicode></TextEquiv></TextRegion><TextRegion id="tr_1779785677" custom="readingOrder {index:1;} structure {type:paragraph;score:0.99;}"><Coords points="476,191 1662,211 1603,3856 468,3861"/><TextLine id="tr_1779785677_tl_1" custom="readingOrder {index:0;}"><Coords points="526,263 1635,280 1609,227 526,218"/><Baseline points="534,256 579,259 623,259 668,256 713,259 758,259 802,262 847,262 892,265 937,265 982,265 1026,265 1071,268 1116,271 1161,271 1205,274 1250,274 1295,274 1340,277 1385,274 1429,274 1474,271 1519,271 1564,271 1608,271 1638,271"/><TextEquiv><Unicode>tous les sentiers le faisaient ressembler à une forêtvierge.</Unicode></TextEquiv></TextLine><TextLine id="tr_1779785677_tl_2" custom="readingOrder {index:1;}"><Coords points="571,322 1635,347 1635,279 570,273"/><Baseline points="579,313 623,310 668,313 713,313 758,316 802,319 847,316 892,319 937,319 982,322 1026,325 1071,325 1116,328 1161,331 1205,331 1250,328 1295,331 1340,331 1385,328 1429,328 1474,328 1519,325 1564,325 1608,325 1638,325"/><TextEquiv><Unicode>Régine et sa jeune compagne, Claire d’Arémont,</Unicode></TextEquiv></TextLine><TextLine id="tr_1779785677_tl_3" custom="readingOrder {index:2;}"><Coords points="526,372 1630,388 1582,333 526,330"/><Baseline points="534,364 579,367 623,370 668,367 713,367 758,367 802,367 847,370 892,373 937,373 982,379 1026,379 1071,382 1116,385 1161,382 1205,382 1250,382 1295,385 1340,382 1385,382 1429,379 1474,376 1519,376 1564,376 1608,373 1632,367"/><TextEquiv><Unicode>s'étant oubliées dans le charme d'une intime cause¬</Unicode></TextEquiv></TextLine><TextLine id="tr_1779785677_tl_4" custom="readingOrder {index:3;}"><Coords points="532,434 1086,466 1631,440 1623,389 1018,417 532,378"/><Baseline points="540,417 585,423 629,423 674,423 719,423 764,426 808,426 853,426 898,432 943,435 988,432 1032,429 1077,432 1122,438 1167,438 1211,435 1256,435 1301,435 1346,432 1390,429 1435,429 1480,426 1525,426 1570,426 1614,420 1635,420"/><TextEquiv><Unicode>rie, se trouvèrent, sans y penser, sous l’épaisse char¬</Unicode></TextEquiv></TextLine><TextLine id="tr_1779785677_tl_5" custom="readingOrder {index:4;}"><Coords points="526,487 1635,503 1635,449 1586,441 526,441"/><Baseline points="534,477 564,477 608,477 653,480 698,480 743,480 788,483 832,486 877,486 922,489 967,492 1011,492 1056,492 1101,492 1146,489 1190,489 1235,486 1280,486 1325,483 1370,483 1414,480 1459,480 1504,480 1549,477 1593,477 1638,471"/><TextEquiv><Unicode>mille faite dans l’intention d’ôter à M. de Beaufreny</Unicode></TextEquiv></TextLine><TextLine id="tr_1779785677_tl_6" custom="readingOrder {index:5;}"><Coords points="526,547 1631,554 1631,500 1590,491 526,490"/><Baseline points="534,531 579,531 623,537 668,537 713,540 758,540 802,543 847,540 892,543 937,546 982,546 1026,546 1071,543 1116,540 1161,540 1205,537 1250,537 1295,537 1340,534 1385,534 1429,534 1474,534 1519,534 1564,534 1608,534 1635,531"/><TextEquiv><Unicode>la vue d'un mur qui lui aurait fait prendre son jardin</Unicode></TextEquiv></TextLine><TextLine id="tr_1779785677_tl_7" custom="readingOrder {index:6;}"><Coords points="529,598 724,634 1627,601 1596,546 784,574 529,545"/><Baseline points="537,588 582,591 626,594 671,594 716,594 761,594 805,596 850,599 895,596 940,596 985,594 1029,594 1074,594 1119,594 1164,591 1208,591 1253,591 1298,588 1343,591 1387,588 1432,588 1477,591 1522,591 1567,591 1611,588 1629,588"/><TextEquiv><Unicode>en horreur. Excepté le jardinier qui en taillait le</Unicode></TextEquiv></TextLine><TextLine id="tr_1779785677_tl_8" custom="readingOrder {index:7;}"><Coords points="524,679 1022,654 1105,689 1554,689 1625,676 1627,606 525,608"/><Baseline points="531,647 555,647 599,647 644,650 689,644 734,650 779,647 823,650 868,650 913,650 958,647 1002,647 1047,644 1092,641 1137,641 1182,641 1226,641 1271,644 1316,644 1361,638 1405,641 1450,644 1495,647 1540,647 1584,644 1629,644"/><TextEquiv><Unicode>feuillage et en ratissait la terre, jamais personne ne</Unicode></TextEquiv></TextLine><TextLine id="tr_1779785677_tl_9" custom="readingOrder {index:8;}"><Coords points="528,741 603,717 766,732 847,710 979,727 1061,714 1061,665 1021,654 932,676 888,665 853,687 811,664 787,683 753,666 680,683 645,659 529,678"/><Baseline points="537,704 573,704 617,704 662,707 707,704 752,704 796,704 841,701 886,701 931,698 976,698 1020,698 1065,695"/><TextEquiv><Unicode>passait sous la charmille.</Unicode></TextEquiv></TextLine><TextLine id="tr_1779785677_tl_10" custom="readingOrder {index:9;}"><Coords points="571,770 1627,769 1627,699 571,725"/><Baseline points="579,761 599,758 644,755 689,761 734,758 779,755 823,752 868,749 913,749 958,752 1002,752 1047,752 1092,752 1137,752 1182,752 1226,752 1271,752 1316,752 1361,755 1405,755 1450,755 1495,755 1540,758 1584,755 1629,758"/><TextEquiv><Unicode>Régine, naturellement defensive et exaltée, parlait</Unicode></TextEquiv></TextLine><TextLine id="tr_1779785677_tl_11" custom="readingOrder {index:10;}"><Coords points="521,816 1625,829 1625,781 521,795"/><Baseline points="528,811 573,808 617,808 662,811 707,808 752,805 796,802 841,802 886,802 931,805 976,805 1020,802 1065,805 1110,805 1155,808 1199,808 1244,808 1289,808 1334,808 1379,808 1423,811 1468,811 1513,811 1558,811 1602,811 1629,811"/><TextEquiv><Unicode>avec animation : une mèche flottante de ses cheveux</Unicode></TextEquiv></TextLine><TextLine id="tr_1779785677_tl_12" custom="readingOrder {index:11;}"><Coords points="514,882 1585,892 1620,822 512,816"/><Baseline points="522,862 567,865 611,859 656,859 701,859 746,859 791,856 835,856 880,856 925,859 970,862 1014,862 1059,862 1104,862 1149,859 1193,862 1238,862 1283,865 1328,865 1373,865 1417,868 1462,868 1507,868 1552,868 1596,868 1623,865"/><TextEquiv><Unicode>s’accrochant à un rameau appela son attention sur</Unicode></TextEquiv></TextLine><TextLine id="tr_1779785677_tl_13" custom="readingOrder {index:12;}"><Coords points="514,932 1623,934 1623,895 1453,874 514,888"/><Baseline points="522,916 567,916 611,913 656,910 701,910 746,910 791,910 835,910 880,910 925,913 970,916 1014,916 1059,916 1104,919 1149,919 1193,919 1238,919 1283,919 1328,919 1373,919 1417,922 1462,922 1507,922 1552,925 1596,922 1626,919"/><TextEquiv><Unicode>l'endroit où elle était. Le mot commencé expira sur</Unicode></TextEquiv></TextLine><TextLine id="tr_1779785677_tl_14" custom="readingOrder {index:13;}"><Coords points="508,979 1620,1000 1596,937 507,937"/><Baseline points="516,967 561,964 605,964 650,961 695,961 740,967 785,967 829,970 874,967 919,970 964,970 1008,970 1053,973 1098,973 1143,973 1188,976 1232,973 1277,976 1322,976 1367,976 1411,979 1456,979 1501,973 1546,979 1590,976 1623,979"/><TextEquiv><Unicode>ses lèvres. Son cœur battit violemment. Un léger cri</Unicode></TextEquiv></TextLine><TextLine id="tr_1779785677_tl_15" custom="readingOrder {index:14;}"><Coords points="508,1030 666,1030 686,1047 728,1044 743,1032 770,1032 770,994 714,986 697,997 643,979 624,988 571,979 546,991 507,974"/><Baseline points="516,1020 561,1017 605,1017 650,1020 695,1017 740,1023 773,1026"/><TextEquiv><Unicode>lui échappa.</Unicode></TextEquiv></TextLine><TextLine id="tr_1779785677_tl_16" custom="readingOrder {index:15;}"><Coords points="561,1092 1614,1100 1551,1022 560,1043"/><Baseline points="567,1074 611,1071 656,1071 701,1071 746,1074 791,1077 835,1077 880,1074 925,1077 970,1080 1014,1080 1059,1080 1104,1083 1149,1083 1193,1083 1238,1083 1283,1086 1328,1086 1373,1086 1417,1086 1462,1086 1507,1086 1552,1086 1596,1086 1617,1089"/><TextEquiv><Unicode>« Qu'est-ce donc? » dit Maire en tremblant de peur</Unicode></TextEquiv></TextLine><TextLine id="tr_1779785677_tl_17" custom="readingOrder {index:16;}"><Coords points="503,1138 750,1155 844,1142 890,1158 958,1145 958,1092 813,1105 734,1086 693,1109 601,1084 503,1093"/><Baseline points="510,1128 555,1131 599,1128 644,1131 689,1131 734,1128 779,1128 823,1131 868,1131 913,1137 958,1137 961,1137"/><TextEquiv><Unicode>sans savoir pourquoi.</Unicode></TextEquiv></TextLine><TextLine id="tr_1779785677_tl_18" custom="readingOrder {index:17;}"><Coords points="553,1198 1609,1217 1588,1145 552,1152"/><Baseline points="561,1185 605,1185 650,1188 695,1185 740,1182 785,1188 829,1185 874,1190 919,1190 964,1190 1008,1190 1053,1193 1098,1193 1143,1190 1173,1193 1185,1190 1229,1196 1274,1196 1319,1196 1364,1196 1408,1196 1453,1196 1498,1196 1543,1196 1587,1196 1611,1196"/><TextEquiv><Unicode>Mais Régine était déjà loin ; elle fuyait avec une</Unicode></TextEquiv></TextLine><TextLine id="tr_1779785677_tl_19" custom="readingOrder {index:18;}"><Coords points="504,1250 1610,1266 1571,1208 503,1190"/><Baseline points="510,1235 555,1235 599,1232 644,1238 689,1238 734,1241 779,1244 823,1241 868,1244 913,1244 958,1244 1002,1247 1047,1247 1092,1247 1137,1250 1182,1250 1226,1250 1271,1250 1316,1250 1361,1250 1405,1253 1450,1253 1495,1253 1540,1253 1584,1253 1614,1253"/><TextEquiv><Unicode>frayeur d’enfant jusque sous les fenêtres du Salon où</Unicode></TextEquiv></TextLine><TextLine id="tr_1779785677_tl_20" custom="readingOrder {index:19;}"><Coords points="504,1308 1561,1329 1609,1289 503,1250"/><Baseline points="510,1292 555,1295 599,1292 644,1295 689,1295 734,1298 779,1298 823,1298 868,1301 913,1301 958,1301 1002,1301 1047,1304 1092,1304 1137,1307 1182,1307 1226,1307 1271,1307 1316,1307 1361,1307 1405,1307 1450,1310 1495,1310 1540,1307 1584,1307 1611,1301"/><TextEquiv><Unicode>son père et les parents de Claire causaient sérieuse¬</Unicode></TextEquiv></TextLine><TextLine id="tr_1779785677_tl_21" custom="readingOrder {index:20;}"><Coords points="510,1371 1610,1385 1609,1333 508,1322"/><Baseline points="516,1349 561,1349 605,1349 650,1352 695,1355 740,1355 785,1355 829,1352 874,1355 919,1355 964,1352 1008,1358 1053,1358 1098,1358 1143,1361 1188,1358 1232,1361 1277,1361 1322,1358 1367,1361 1411,1361 1456,1364 1501,1364 1546,1367 1590,1367 1614,1367"/><TextEquiv><Unicode>ment, tandis que les jeunes filles se livraient à leur</Unicode></TextEquiv></TextLine><TextLine id="tr_1779785677_tl_22" custom="readingOrder {index:21;}"><Coords points="514,1438 559,1434 592,1407 683,1427 693,1418 731,1429 742,1421 774,1439 802,1425 802,1376 661,1365 630,1376 620,1366 553,1366 514,1380"/><Baseline points="522,1411 567,1405 611,1408 656,1408 701,1408 746,1405 791,1408 805,1411"/><TextEquiv><Unicode>gai babillage.</Unicode></TextEquiv></TextLine><TextLine id="tr_1779785677_tl_23" custom="readingOrder {index:22;}"><Coords points="556,1474 1603,1501 1582,1442 1203,1404 556,1427"/><Baseline points="564,1459 608,1459 653,1459 698,1462 743,1465 788,1465 832,1465 877,1468 922,1468 967,1465 1011,1468 1056,1468 1101,1468 1146,1468 1190,1471 1235,1471 1280,1474 1325,1471 1370,1471 1414,1474 1459,1474 1504,1474 1549,1474 1593,1477 1605,1477"/><TextEquiv><Unicode>Croyant à un danger qu’elle n’avait point aperçu,</Unicode></TextEquiv></TextLine><TextLine id="tr_1779785677_tl_24" custom="readingOrder {index:23;}"><Coords points="511,1518 1330,1537 1320,1478 1191,1501 707,1473 644,1498 511,1462"/><Baseline points="519,1516 564,1513 608,1516 653,1516 698,1516 743,1519 788,1519 832,1519 877,1522 922,1519 967,1519 1011,1522 1056,1522 1101,1522 1146,1522 1190,1522 1235,1525 1280,1525 1325,1528 1334,1528"/><TextEquiv><Unicode>Claire eut bientôt rejoint sa compagne.</Unicode></TextEquiv></TextLine><TextLine id="tr_1779785677_tl_25" custom="readingOrder {index:24;}"><Coords points="556,1581 1607,1595 1607,1551 1540,1525 938,1557 556,1532"/><Baseline points="564,1567 608,1567 653,1567 698,1567 743,1570 788,1573 832,1573 877,1573 922,1573 967,1573 1011,1573 1056,1576 1101,1576 1146,1573 1190,1573 1235,1576 1280,1576 1325,1579 1370,1579 1414,1579 1459,1579 1504,1579 1549,1579 1593,1579 1611,1582"/><TextEquiv><Unicode>« Parler d’avenir, et se trouver tout à coup contre</Unicode></TextEquiv></TextLine><TextLine id="tr_1779785677_tl_26" custom="readingOrder {index:25;}"><Coords points="503,1630 1590,1656 1600,1595 501,1588"/><Baseline points="510,1617 555,1620 599,1620 644,1620 689,1623 734,1623 779,1623 823,1626 868,1626 913,1626 958,1626 1002,1626 1047,1629 1092,1629 1137,1632 1182,1629 1226,1632 1271,1632 1316,1632 1361,1632 1405,1632 1450,1635 1495,1635 1540,1635 1584,1635 1605,1638"/><TextEquiv><Unicode>cette muraille au moment où l’on rêve de bonheur !</Unicode></TextEquiv></TextLine><TextLine id="tr_1779785677_tl_27" custom="readingOrder {index:26;}"><Coords points="503,1693 1487,1702 1485,1649 1443,1645 501,1635"/><Baseline points="510,1671 555,1674 599,1674 644,1671 689,1677 734,1677 779,1680 823,1680 868,1680 913,1680 958,1683 1002,1683 1047,1683 1092,1683 1137,1686 1182,1686 1226,1686 1271,1689 1316,1689 1361,1689 1405,1689 1450,1692 1489,1689"/><TextEquiv><Unicode>dit Régine. Quel réveil ! Cela donne le frisson.</Unicode></TextEquiv></TextLine><TextLine id="tr_1779785677_tl_28" custom="readingOrder {index:27;}"><Coords points="622,1758 1574,1763 1604,1708 620,1688"/><Baseline points="629,1734 674,1728 719,1731 764,1734 808,1734 853,1734 898,1737 943,1737 988,1737 1032,1737 1077,1737 1122,1740 1167,1740 1211,1743 1256,1743 1301,1740 1346,1743 1390,1740 1435,1743 1480,1746 1525,1746 1570,1746 1608,1743"/><TextEquiv><Unicode>Qu’y a-t-il donc derrière cette muraille? de¬</Unicode></TextEquiv></TextLine><TextLine id="tr_1779785677_tl_29" custom="readingOrder {index:28;}"><Coords points="500,1799 644,1796 678,1810 713,1793 756,1805 795,1800 795,1761 752,1756 741,1744 708,1756 680,1744 647,1758 619,1742 598,1753 532,1742 500,1756"/><Baseline points="507,1782 552,1784 596,1784 641,1784 686,1784 731,1784 776,1784 799,1787"/><TextEquiv><Unicode>manda Maire.</Unicode></TextEquiv></TextLine><TextLine id="tr_1779785677_tl_30" custom="readingOrder {index:29;}"><Coords points="605,1844 1604,1875 1603,1821 603,1800"/><Baseline points="611,1835 656,1835 701,1838 746,1838 791,1838 835,1844 880,1841 925,1844 970,1844 1014,1847 1059,1847 1104,1847 1149,1847 1193,1850 1238,1850 1283,1850 1328,1850 1373,1850 1417,1853 1462,1853 1507,1853 1552,1856 1596,1859 1608,1856"/><TextEquiv><Unicode>Derrière cette muraille il y a monsieur Morvan.</Unicode></TextEquiv></TextLine><TextLine id="tr_1779785677_tl_31" custom="readingOrder {index:30;}"><Coords points="603,1897 1600,1933 1599,1876 997,1889 602,1842"/><Baseline points="611,1889 656,1892 701,1892 746,1895 791,1895 835,1898 880,1898 925,1898 970,1901 1014,1901 1059,1901 1104,1904 1149,1904 1193,1904 1238,1907 1283,1907 1328,1907 1373,1907 1417,1907 1462,1907 1507,1910 1552,1907 1596,1910 1602,1910"/><TextEquiv><Unicode>Monsieur Morvan, que l’on dit si riche et que</Unicode></TextEquiv></TextLine><TextLine id="tr_1779785677_tl_32" custom="readingOrder {index:31;}"><Coords points="491,1963 1491,1975 1490,1919 1455,1914 490,1900"/><Baseline points="498,1943 543,1943 588,1946 632,1946 677,1949 722,1949 767,1949 811,1952 856,1952 901,1955 946,1955 990,1958 1035,1958 1080,1961 1125,1961 1170,1961 1214,1958 1259,1958 1304,1961 1349,1964 1393,1964 1438,1964 1483,1967 1495,1964"/><TextEquiv><Unicode>l’on ne voit jamais nulle part? continua Maire.</Unicode></TextEquiv></TextLine><TextLine id="tr_1779785677_tl_33" custom="readingOrder {index:32;}"><Coords points="578,2008 623,2022 637,2010 659,2010 683,2023 701,2012 713,2013 710,1963 693,1968 678,1964 671,1970 662,1961 627,1963 615,1954 587,1980 577,1980"/><Baseline points="585,1996 629,1999 674,2002 716,2005"/><TextEquiv><Unicode>- Oui.</Unicode></TextEquiv></TextLine><TextLine id="tr_1779785677_tl_34" custom="readingOrder {index:33;}"><Coords points="595,2068 1593,2097 1592,2026 594,2019"/><Baseline points="602,2050 647,2053 692,2056 737,2056 782,2056 826,2059 871,2062 916,2065 961,2065 1005,2068 1050,2068 1095,2068 1140,2068 1185,2071 1229,2068 1274,2074 1319,2071 1364,2074 1408,2074 1453,2074 1498,2077 1543,2077 1587,2077 1596,2074"/><TextEquiv><Unicode>Serait-ce par hasard un ogre que monsieur</Unicode></TextEquiv></TextLine><TextLine id="tr_1779785677_tl_35" custom="readingOrder {index:34;}"><Coords points="500,2142 543,2120 574,2131 589,2117 629,2127 650,2122 689,2135 687,2072 643,2065 624,2078 609,2069 560,2083 524,2061 498,2075"/><Baseline points="507,2110 552,2107 596,2107 641,2110 686,2113 692,2113"/><TextEquiv><Unicode>Morvan?</Unicode></TextEquiv></TextLine><TextLine id="tr_1779785677_tl_36" custom="readingOrder {index:35;}"><Coords points="560,2191 1429,2208 1469,2190 1469,2143 559,2132"/><Baseline points="567,2158 611,2158 656,2167 701,2167 746,2170 791,2170 835,2170 880,2173 925,2173 970,2173 1014,2176 1059,2176 1104,2178 1149,2178 1193,2178 1238,2178 1283,2181 1328,2181 1373,2181 1417,2181 1462,2184 1471,2184"/><TextEquiv><Unicode>— Tu ne sais donc pas quel est cet homme?</Unicode></TextEquiv></TextLine><TextLine id="tr_1779785677_tl_37" custom="readingOrder {index:36;}"><Coords points="547,2222 564,2227 609,2222 623,2232 671,2233 707,2248 715,2246 713,2184 676,2192 643,2174 636,2181 624,2176 596,2198 568,2191 546,2195"/><Baseline points="555,2214 599,2217 644,2217 689,2223 716,2223"/><TextEquiv><Unicode>— Non.</Unicode></TextEquiv></TextLine><TextLine id="tr_1779785677_tl_38" custom="readingOrder {index:37;}"><Coords points="598,2276 1596,2323 1565,2251 1067,2255 909,2218 598,2248"/><Baseline points="605,2271 650,2274 695,2277 740,2277 785,2277 829,2280 874,2280 919,2283 964,2286 1008,2286 1053,2286 1098,2289 1143,2289 1188,2289 1232,2292 1277,2289 1322,2292 1367,2292 1411,2292 1456,2295 1501,2295 1546,2298 1590,2298 1599,2298"/><TextEquiv><Unicode>Écoute, Maire. Pendant le temps de la terreur,</Unicode></TextEquiv></TextLine><TextLine id="tr_1779785677_tl_39" custom="readingOrder {index:38;}"><Coords points="497,2331 1599,2370 1597,2323 1494,2304 496,2271"/><Baseline points="504,2322 549,2325 594,2328 638,2328 683,2331 728,2331 773,2331 817,2334 862,2337 907,2337 952,2340 996,2340 1041,2340 1086,2343 1131,2343 1176,2343 1220,2346 1265,2346 1310,2346 1355,2346 1399,2349 1444,2349 1489,2349 1534,2352 1579,2349 1602,2352"/><TextEquiv><Unicode>M. Morvan était depuis longtemps l’homme d’affaires</Unicode></TextEquiv></TextLine><TextLine id="tr_1779785677_tl_40" custom="readingOrder {index:39;}"><Coords points="500,2398 1599,2429 1589,2367 500,2352"/><Baseline points="507,2378 552,2378 596,2381 641,2384 686,2384 731,2384 776,2387 820,2387 865,2390 910,2390 955,2390 999,2396 1044,2396 1089,2396 1134,2396 1179,2396 1223,2399 1268,2399 1313,2399 1358,2399 1402,2399 1447,2399 1492,2402 1537,2402 1582,2405 1602,2402"/><TextEquiv><Unicode>de la mère de mon père. Séparée de son fils unique</Unicode></TextEquiv></TextLine><TextLine id="tr_1779785677_tl_41" custom="readingOrder {index:40;}"><Coords points="500,2451 1602,2481 1600,2429 498,2400"/><Baseline points="507,2435 552,2432 596,2432 641,2435 686,2438 731,2438 776,2441 820,2441 865,2444 910,2447 955,2444 999,2450 1044,2453 1089,2453 1134,2453 1179,2453 1223,2453 1268,2456 1313,2453 1358,2456 1402,2456 1447,2459 1492,2459 1537,2462 1582,2462 1605,2459"/><TextEquiv><Unicode>qui venait de se marier, ma grand’mère s’accoutuma</Unicode></TextEquiv></TextLine><TextLine id="tr_1779785677_tl_42" custom="readingOrder {index:41;}"><Coords points="494,2500 1597,2538 1565,2470 493,2446"/><Baseline points="501,2489 546,2489 591,2489 635,2492 680,2492 725,2492 770,2495 814,2498 859,2498 904,2501 949,2504 993,2504 1038,2504 1083,2504 1128,2507 1173,2507 1217,2507 1262,2507 1307,2510 1352,2510 1396,2513 1441,2513 1486,2516 1531,2516 1576,2516 1599,2519"/><TextEquiv><Unicode>à mettre toute sa confiance dans cet homme cupide,</Unicode></TextEquiv></TextLine><TextLine id="tr_1779785677_tl_43" custom="readingOrder {index:42;}"><Coords points="500,2556 1596,2580 1595,2540 498,2509"/><Baseline points="507,2543 552,2543 596,2546 641,2546 686,2546 731,2549 776,2552 820,2552 865,2552 910,2555 955,2558 999,2558 1044,2561 1089,2561 1134,2561 1179,2561 1223,2564 1268,2564 1313,2564 1358,2567 1402,2567 1447,2567 1492,2567 1537,2570 1582,2570 1599,2573"/><TextEquiv><Unicode>qui cachait la plus Conuie avarice sous les dehors</Unicode></TextEquiv></TextLine><TextLine id="tr_1779785677_tl_44" custom="readingOrder {index:43;}"><Coords points="490,2610 1599,2642 1597,2594 1537,2582 489,2570"/><Baseline points="498,2593 543,2596 588,2599 632,2599 677,2599 722,2602 767,2605 811,2605 856,2605 901,2608 946,2611 990,2614 1035,2614 1080,2614 1125,2614 1170,2614 1214,2617 1259,2617 1304,2617 1349,2620 1393,2623 1438,2623 1483,2623 1528,2623 1573,2623 1602,2623"/><TextEquiv><Unicode>trompeurs du dévouement. Secrétaire de madame de</Unicode></TextEquiv></TextLine><TextLine id="tr_1779785677_tl_45" custom="readingOrder {index:44;}"><Coords points="493,2668 1565,2701 1592,2643 491,2608"/><Baseline points="501,2650 546,2650 591,2653 635,2653 680,2653 725,2656 770,2659 814,2662 859,2665 904,2665 949,2665 993,2665 1038,2665 1083,2668 1128,2671 1173,2671 1217,2674 1262,2674 1307,2674 1352,2674 1396,2677 1441,2677 1486,2677 1531,2677 1576,2677 1596,2677"/><TextEquiv><Unicode>Beaufreny, il savait qu’elle entretenait secrètement</Unicode></TextEquiv></TextLine><TextLine id="tr_1779785677_tl_46" custom="readingOrder {index:45;}"><Coords points="490,2709 1595,2750 1554,2694 490,2668"/><Baseline points="498,2704 543,2704 588,2707 632,2710 677,2710 722,2713 767,2716 811,2716 856,2719 901,2719 946,2722 990,2722 1035,2725 1080,2725 1125,2725 1170,2725 1214,2725 1259,2728 1304,2731 1349,2731 1393,2731 1438,2731 1483,2731 1528,2734 1573,2734 1596,2734"/><TextEquiv><Unicode>une correspondance avec des émigrés. Il la dénonça</Unicode></TextEquiv></TextLine><TextLine id="tr_1779785677_tl_47" custom="readingOrder {index:46;}"><Coords points="491,2773 1589,2800 1589,2757 490,2730"/><Baseline points="498,2758 543,2758 588,2761 632,2764 677,2767 722,2770 767,2770 811,2772 856,2775 901,2772 946,2775 990,2778 1035,2778 1080,2778 1125,2781 1170,2781 1214,2781 1259,2781 1304,2781 1349,2781 1393,2784 1438,2784 1483,2787 1528,2787 1573,2787 1593,2787"/><TextEquiv><Unicode>au tribunal révolutionnaire, et mon malheureux père</Unicode></TextEquiv></TextLine><TextLine id="tr_1779785677_tl_48" custom="readingOrder {index:47;}"><Coords points="500,2824 1589,2860 1588,2803 498,2773"/><Baseline points="507,2811 552,2811 596,2817 641,2820 686,2820 731,2823 776,2823 820,2826 865,2829 910,2829 955,2829 999,2832 1044,2832 1089,2835 1134,2835 1179,2835 1223,2835 1268,2838 1313,2838 1358,2838 1402,2841 1447,2841 1492,2841 1537,2841 1582,2841 1593,2838"/><TextEquiv><Unicode>vit la tête de sa mère tomber sur l’échafaud. Bientôt</Unicode></TextEquiv></TextLine><TextLine id="tr_1779785677_tl_49" custom="readingOrder {index:48;}"><Coords points="493,2887 1593,2913 1592,2860 491,2832"/><Baseline points="501,2865 546,2868 591,2868 635,2871 680,2874 725,2874 770,2877 814,2877 859,2880 904,2883 949,2886 993,2886 1038,2889 1083,2889 1128,2889 1173,2892 1217,2889 1262,2892 1307,2892 1352,2892 1396,2895 1441,2895 1486,2895 1531,2895 1576,2895 1596,2898"/><TextEquiv><Unicode>après, l'hôtel et les biens de la victime, devenus</Unicode></TextEquiv></TextLine><TextLine id="tr_1779785677_tl_50" custom="readingOrder {index:49;}"><Coords points="493,2944 1585,2961 1583,2922 1490,2908 491,2890"/><Baseline points="501,2922 546,2925 591,2925 635,2928 680,2925 725,2928 770,2931 814,2931 859,2934 904,2934 949,2937 993,2940 1038,2940 1083,2943 1128,2943 1173,2946 1217,2946 1262,2946 1307,2946 1352,2946 1396,2949 1441,2949 1486,2952 1531,2952 1576,2952 1587,2952"/><TextEquiv><Unicode>propriétés nationales, furent achetés à vil prix par</Unicode></TextEquiv></TextLine><TextLine id="tr_1779785677_tl_51" custom="readingOrder {index:50;}"><Coords points="487,3000 1589,3018 1588,2967 1497,2958 486,2943"/><Baseline points="495,2981 540,2981 585,2981 629,2981 674,2981 719,2984 764,2984 808,2987 853,2987 898,2987 943,2990 988,2987 1032,2993 1077,2993 1122,2993 1167,2996 1211,2996 1256,2999 1301,2999 1346,3002 1390,3002 1435,3005 1480,3005 1525,3005 1570,3005 1593,3008"/><TextEquiv><Unicode>Morvan. Comprends-tu, Claire, que la muraille qui</Unicode></TextEquiv></TextLine><TextLine id="tr_1779785677_tl_52" custom="readingOrder {index:51;}"><Coords points="472,3045 1586,3073 1585,3018 472,3000"/><Baseline points="480,3035 525,3038 570,3035 614,3038 659,3038 704,3038 749,3041 793,3038 838,3041 883,3044 928,3044 973,3041 1017,3041 1062,3044 1107,3044 1152,3047 1196,3050 1241,3053 1286,3053 1331,3053 1376,3053 1420,3053 1465,3056 1510,3059 1555,3059 1590,3056"/><TextEquiv><Unicode>nous sépare de lui me fasse peur comme si je devais</Unicode></TextEquiv></TextLine><TextLine id="tr_1779785677_tl_53" custom="readingOrder {index:52;}"><Coords points="490,3116 1406,3111 1406,3070 1355,3059 490,3058"/><Baseline points="498,3089 543,3092 588,3095 632,3095 677,3095 722,3095 767,3098 811,3098 856,3095 901,3098 946,3098 990,3101 1035,3101 1080,3101 1125,3101 1170,3101 1214,3104 1259,3104 1304,3104 1349,3107 1393,3104 1408,3104"/><TextEquiv><Unicode>y voir apparaître un fantôme sanglant? »</Unicode></TextEquiv></TextLine><TextLine id="tr_1779785677_tl_54" custom="readingOrder {index:53;}"><Coords points="521,3157 1582,3177 1520,3115 521,3100"/><Baseline points="528,3146 573,3149 617,3149 662,3152 707,3152 752,3152 796,3152 841,3152 886,3152 931,3155 976,3155 1020,3155 1065,3155 1110,3155 1155,3155 1199,3158 1244,3158 1289,3158 1334,3161 1379,3161 1423,3161 1468,3164 1513,3164 1558,3161 1584,3161"/><TextEquiv><Unicode>Insensiblement, les deux jeunes filles s’étaient rap¬</Unicode></TextEquiv></TextLine><TextLine id="tr_1779785677_tl_55" custom="readingOrder {index:54;}"><Coords points="491,3228 1585,3228 1583,3186 1366,3167 490,3170"/><Baseline points="498,3205 543,3205 588,3205 632,3205 677,3208 722,3208 767,3208 811,3208 856,3208 901,3211 946,3208 990,3208 1035,3208 1080,3211 1125,3211 1170,3211 1214,3211 1259,3211 1304,3211 1349,3208 1393,3214 1438,3214 1483,3217 1528,3214 1573,3217 1587,3214"/><TextEquiv><Unicode>prochées. Leurs membres se touchaient, leurs corps</Unicode></TextEquiv></TextLine><TextLine id="tr_1779785677_tl_56" custom="readingOrder {index:55;}"><Coords points="472,3258 1359,3289 1441,3279 1441,3234 470,3220"/><Baseline points="480,3256 525,3256 570,3259 614,3262 659,3262 704,3262 749,3262 793,3265 838,3265 883,3265 928,3268 973,3265 1017,3268 1062,3268 1107,3268 1152,3265 1196,3268 1241,3268 1286,3268 1331,3268 1376,3268 1420,3271 1444,3268"/><TextEquiv><Unicode>se serraient l'un contre l'autre, en Tremblant.</Unicode></TextEquiv></TextLine><TextLine id="tr_1779785677_tl_57" custom="readingOrder {index:56;}"><Coords points="521,3329 1534,3352 1579,3340 1578,3280 519,3280"/><Baseline points="528,3307 573,3316 617,3316 662,3316 707,3319 752,3322 796,3322 841,3322 886,3322 931,3322 976,3322 1020,3322 1065,3325 1110,3325 1155,3322 1199,3325 1244,3325 1289,3322 1334,3322 1379,3325 1423,3322 1468,3325 1513,3325 1558,3325 1582,3325"/><TextEquiv><Unicode>« Ce fut alors, reprit Régine, dont les lèvres pâ¬</Unicode></TextEquiv></TextLine><TextLine id="tr_1779785677_tl_58" custom="readingOrder {index:57;}"><Coords points="472,3380 1581,3401 1579,3340 470,3335"/><Baseline points="480,3364 525,3369 570,3372 614,3372 659,3372 704,3372 749,3372 793,3375 838,3375 883,3378 928,3378 973,3378 1017,3378 1062,3378 1107,3378 1152,3381 1196,3381 1241,3378 1286,3378 1331,3378 1376,3378 1420,3381 1465,3378 1510,3381 1555,3384 1584,3384"/><TextEquiv><Unicode>lirent autant que son visage, qu’il épousa une jeune</Unicode></TextEquiv></TextLine><TextLine id="tr_1779785677_tl_59" custom="readingOrder {index:58;}"><Coords points="473,3438 1581,3454 1579,3401 1513,3394 472,3382"/><Baseline points="480,3417 525,3420 570,3423 614,3426 659,3429 704,3429 749,3429 793,3432 838,3435 883,3435 928,3435 973,3432 1017,3435 1062,3435 1107,3438 1152,3438 1196,3435 1241,3438 1286,3435 1331,3435 1376,3435 1420,3435 1465,3435 1510,3435 1555,3438 1584,3438"/><TextEquiv><Unicode>fille de bonne famille que la révolution avait faite</Unicode></TextEquiv></TextLine><TextLine id="tr_1779785677_tl_60" custom="readingOrder {index:59;}"><Coords points="472,3475 1581,3503 1579,3454 1522,3445 472,3437"/><Baseline points="480,3468 525,3474 570,3477 614,3483 659,3483 704,3486 749,3486 793,3486 838,3489 883,3489 928,3489 973,3489 1017,3492 1062,3492 1107,3492 1152,3492 1196,3492 1241,3492 1286,3492 1331,3492 1376,3492 1420,3492 1465,3492 1510,3492 1555,3489 1584,3492"/><TextEquiv><Unicode>orpheline, et qu’il acquit ainsi des biens immenses</Unicode></TextEquiv></TextLine><TextLine id="tr_1779785677_tl_61" custom="readingOrder {index:60;}"><Coords points="479,3535 1571,3570 1569,3508 477,3487"/><Baseline points="486,3522 531,3525 576,3531 620,3534 665,3537 710,3537 755,3540 799,3540 844,3543 889,3543 934,3546 979,3546 1023,3546 1068,3549 1113,3546 1158,3549 1202,3549 1247,3549 1292,3549 1337,3546 1382,3549 1426,3549 1471,3546 1516,3546 1561,3543 1573,3543"/><TextEquiv><Unicode>laissés à la pauvre enfant, mais à la condition d'épouser</Unicode></TextEquiv></TextLine><TextLine id="tr_1779785677_tl_62" custom="readingOrder {index:61;}"><Coords points="480,3588 1579,3616 1578,3563 479,3536"/><Baseline points="486,3575 531,3578 576,3581 620,3584 665,3590 710,3593 755,3593 799,3593 844,3596 889,3599 934,3599 979,3599 1023,3602 1068,3602 1113,3602 1158,3602 1202,3602 1247,3602 1292,3605 1337,3605 1382,3605 1426,3605 1471,3605 1516,3602 1561,3605 1582,3605"/><TextEquiv><Unicode>Morvan, membre d'un comité révolutionnaire. Quel</Unicode></TextEquiv></TextLine><TextLine id="tr_1779785677_tl_63" custom="readingOrder {index:62;}"><Coords points="482,3648 1565,3683 1579,3616 920,3629 480,3588"/><Baseline points="489,3629 534,3632 579,3632 623,3635 668,3638 713,3641 758,3647 802,3650 847,3653 892,3653 937,3653 982,3656 1026,3656 1071,3656 1116,3659 1161,3659 1205,3659 1250,3659 1295,3659 1340,3662 1385,3659 1429,3662 1474,3662 1519,3662 1564,3662 1584,3659"/><TextEquiv><Unicode>fut le sort de cette seconde victime? Nul ne le sut,</Unicode></TextEquiv></TextLine><TextLine id="tr_1779785677_tl_64" custom="readingOrder {index:63;}"><Coords points="472,3702 1579,3727 1578,3686 470,3647"/><Baseline points="480,3686 525,3689 570,3689 614,3689 659,3689 704,3692 749,3698 793,3701 838,3704 883,3707 928,3710 973,3710 1017,3713 1062,3713 1107,3713 1152,3710 1196,3713 1241,3713 1286,3716 1331,3716 1376,3716 1420,3716 1465,3716 1510,3716 1555,3716 1582,3716"/><TextEquiv><Unicode>car, après le jour de son mariage, on ne revit d'elle</Unicode></TextEquiv></TextLine><TextLine id="tr_1779785677_tl_65" custom="readingOrder {index:64;}"><Coords points="472,3749 1581,3783 1578,3727 470,3702"/><Baseline points="480,3743 525,3743 570,3743 614,3746 659,3746 704,3746 749,3749 793,3752 838,3755 883,3758 928,3761 973,3763 1017,3766 1062,3766 1107,3769 1152,3769 1196,3769 1241,3769 1286,3769 1331,3772 1376,3772 1420,3772 1465,3772 1510,3772 1555,3772 1582,3772"/><TextEquiv><Unicode>que son cercueil qui, au bout de deux années, sortit</Unicode></TextEquiv></TextLine><TextLine id="tr_1779785677_tl_66" custom="readingOrder {index:65;}"><Coords points="476,3819 1301,3867 1565,3846 1581,3784 475,3766"/><Baseline points="483,3802 528,3799 573,3799 617,3802 662,3802 707,3802 752,3802 796,3802 841,3805 886,3808 931,3814 976,3814 1020,3817 1065,3820 1110,3823 1155,3823 1199,3826 1244,3826 1289,3826 1334,3826 1379,3826 1423,3826 1468,3826 1513,3826 1558,3829 1584,3832"/><TextEquiv><Unicode>de ce sombre hôtel, dont le silence ressemblerait à</Unicode></TextEquiv></TextLine><TextEquiv><Unicode></Unicode></TextEquiv></TextRegion><TextRegion id="tr_1779785674" custom="readingOrder {index:2;} structure {type:paragraph;score:0.99;}"><Coords points="1717,215 2861,215 2868,782 1709,782"/><TextLine id="tr_1779785674_tl_1" custom="readingOrder {index:0;}"><Coords points="1729,274 2843,286 2832,228 2534,202 1729,230"/><Baseline points="1737,265 1782,268 1826,265 1871,265 1916,265 1961,265 2005,265 2050,262 2095,262 2140,262 2184,259 2229,262 2274,259 2319,262 2364,262 2408,262 2453,262 2498,262 2543,262 2587,262 2632,265 2677,268 2722,271 2767,271 2811,274 2847,274"/><TextEquiv><Unicode>celui du tombeau si l’on n’entendait chaque matin la</Unicode></TextEquiv></TextLine><TextLine id="tr_1779785674_tl_2" custom="readingOrder {index:1;}"><Coords points="1739,336 2841,353 2841,287 2773,280 1739,280"/><Baseline points="1746,316 1790,319 1835,319 1880,319 1925,319 1970,319 2014,316 2059,316 2104,316 2149,313 2193,316 2238,313 2283,316 2328,316 2373,313 2417,316 2462,316 2507,316 2552,316 2596,316 2641,319 2686,322 2731,322 2775,322 2820,328 2844,328"/><TextEquiv><Unicode>porte s’ouvrir et se refermer pour livrer passage à</Unicode></TextEquiv></TextLine><TextLine id="tr_1779785674_tl_3" custom="readingOrder {index:2;}"><Coords points="1721,384 2825,395 2825,351 2611,325 1721,340"/><Baseline points="1728,370 1773,370 1817,370 1862,370 1907,373 1952,370 1996,367 2041,370 2086,367 2131,367 2176,367 2220,367 2265,367 2310,370 2355,370 2399,370 2444,370 2489,373 2534,373 2578,370 2623,373 2668,376 2713,376 2758,379 2802,379 2829,382"/><TextEquiv><Unicode>l’ unique servante qui y a vieilli sans jamais causer</Unicode></TextEquiv></TextLine><TextLine id="tr_1779785674_tl_4" custom="readingOrder {index:3;}"><Coords points="1723,441 2843,455 2843,410 2656,382 1723,399"/><Baseline points="1731,423 1776,423 1820,423 1865,423 1910,426 1955,426 1999,426 2044,423 2089,423 2134,423 2178,423 2223,423 2268,426 2313,426 2358,426 2402,426 2447,426 2492,426 2537,426 2581,426 2626,429 2671,429 2716,432 2761,435 2805,438 2847,441"/><TextEquiv><Unicode>avec aucun voisin. Madame Morvan laissa un fils que</Unicode></TextEquiv></TextLine><TextLine id="tr_1779785674_tl_5" custom="readingOrder {index:4;}"><Coords points="1729,497 2446,483 2838,524 2838,465 1728,442"/><Baseline points="1737,477 1782,477 1826,477 1871,477 1916,474 1961,477 2005,477 2050,477 2095,477 2140,477 2184,480 2229,480 2274,480 2319,480 2364,480 2408,480 2453,483 2498,483 2543,483 2587,483 2632,486 2677,486 2722,486 2767,489 2811,495 2841,495"/><TextEquiv><Unicode>personne ne connaît ici. Quant à monsieur Morvan,</Unicode></TextEquiv></TextLine><TextLine id="tr_1779785674_tl_6" custom="readingOrder {index:5;}"><Coords points="1721,560 2828,570 2839,529 2471,490 1719,498"/><Baseline points="1728,534 1773,531 1817,534 1862,531 1907,534 1952,534 1996,534 2041,534 2086,531 2131,534 2176,534 2220,534 2265,531 2310,534 2355,531 2399,534 2444,537 2489,537 2534,540 2578,540 2623,540 2668,537 2713,543 2758,546 2802,549 2841,549"/><TextEquiv><Unicode>détesté dans la ville, il ne s’y est lié avec personne</Unicode></TextEquiv></TextLine><TextLine id="tr_1779785674_tl_7" custom="readingOrder {index:6;}"><Coords points="1721,602 2726,629 2832,616 2832,567 1719,560"/><Baseline points="1728,588 1773,588 1817,591 1862,591 1907,588 1952,591 1996,588 2041,588 2086,591 2131,591 2176,588 2220,588 2265,588 2310,588 2355,591 2399,591 2444,594 2489,594 2534,594 2578,594 2623,596 2668,596 2713,599 2758,599 2802,605 2835,602"/><TextEquiv><Unicode>et paraît complétement absorté par la possession de</Unicode></TextEquiv></TextLine><TextLine id="tr_1779785674_tl_8" custom="readingOrder {index:7;}"><Coords points="1715,659 2750,671 2731,624 2309,595 2010,634 1715,619"/><Baseline points="1722,644 1767,641 1811,641 1856,644 1901,644 1946,647 1990,644 2035,644 2080,644 2125,644 2170,641 2214,644 2259,644 2304,644 2349,647 2393,647 2438,650 2483,650 2528,653 2573,650 2617,650 2662,650 2707,653 2752,656"/><TextEquiv><Unicode>ses richesses, que le cumul augmente toujours.</Unicode></TextEquiv></TextLine><TextLine id="tr_1779785674_tl_9" custom="readingOrder {index:8;}"><Coords points="1809,720 2524,728 2524,672 2460,659 2037,678 1844,658 1809,678"/><Baseline points="1817,695 1862,701 1907,701 1952,701 1996,704 2041,704 2086,704 2131,701 2176,701 2220,701 2265,701 2310,701 2355,701 2399,704 2444,704 2489,704 2528,704"/><TextEquiv><Unicode>Rentrons, dit Clare, j'ai froid. »</Unicode></TextEquiv></TextLine><TextLine id="tr_1779785674_tl_10" custom="readingOrder {index:9;}"><Coords points="1757,776 2506,777 2506,742 2450,715 1757,714"/><Baseline points="1764,755 1808,755 1853,758 1898,758 1943,758 1987,758 2032,758 2077,758 2122,755 2167,755 2211,755 2256,755 2301,755 2346,755 2390,755 2435,758 2480,761 2510,761"/><TextEquiv><Unicode>Elle aussi était devenue toute pâle.</Unicode></TextEquiv></TextLine><TextEquiv><Unicode></Unicode></TextEquiv></TextRegion><TextRegion id="tr_1779785675" custom="readingOrder {index:3;} structure {type:heading;score:0.99;}"><Coords points="2208,791 2334,791 2334,865 2208,865"/><TextLine id="l" custom="readingOrder {index:0;}"><Coords points="2246,855 2302,854 2301,824 2245,825"/><Baseline points="2246,855 2302,854"/><TextEquiv><Unicode>II</Unicode></TextEquiv></TextLine><TextEquiv><Unicode></Unicode></TextEquiv></TextRegion><TextRegion id="r_2" custom="readingOrder {index:4;} structure {type:paragraph;}"><Coords points="2853,874 2853,3872 1647,3864 1705,871"/><TextLine id="r_2_tl_1" custom="readingOrder {index:0;}"><Coords points="1761,939 2831,948 2829,890 2661,867 1760,874"/><Baseline points="1767,922 1811,919 1856,919 1901,916 1946,919 1990,919 2035,919 2080,919 2125,916 2170,919 2214,919 2259,919 2304,919 2349,919 2393,922 2438,919 2483,919 2528,922 2573,922 2617,925 2662,928 2707,928 2752,931 2796,931 2832,931"/><TextEquiv><Unicode>Quatre ans après cette conversation, Régine, seule</Unicode></TextEquiv></TextLine><TextLine id="r_2_tl_2" custom="readingOrder {index:1;}"><Coords points="1708,980 2828,986 2708,937 1708,935"/><Baseline points="1716,973 1761,976 1805,976 1850,976 1895,976 1940,976 1984,976 2029,976 2074,973 2119,973 2164,976 2208,976 2253,976 2298,976 2343,976 2387,976 2432,976 2477,976 2522,976 2567,976 2611,979 2656,979 2701,979 2746,979 2790,982 2832,979"/><TextEquiv><Unicode>dans sa chambre, était accoudée sur sa table à ou¬</Unicode></TextEquiv></TextLine><TextLine id="r_2_tl_3" custom="readingOrder {index:2;}"><Coords points="1708,1028 2822,1051 2822,1004 2674,991 1708,997"/><Baseline points="1716,1026 1761,1029 1805,1032 1850,1029 1895,1029 1940,1032 1984,1032 2029,1029 2074,1029 2119,1032 2164,1032 2208,1029 2253,1029 2298,1032 2343,1032 2387,1032 2432,1032 2477,1032 2522,1032 2567,1032 2611,1032 2656,1035 2701,1035 2746,1035 2790,1035 2826,1035"/><TextEquiv><Unicode>vrage, la figure appuyée sur ses mains; de grosses</Unicode></TextEquiv></TextLine><TextLine id="r_2_tl_4" custom="readingOrder {index:3;}"><Coords points="1702,1099 2825,1114 2825,1061 2765,1047 1702,1044"/><Baseline points="1710,1083 1755,1086 1799,1086 1844,1083 1889,1083 1934,1086 1979,1086 2023,1086 2068,1086 2113,1086 2158,1086 2202,1086 2247,1083 2292,1086 2337,1089 2381,1089 2426,1089 2471,1089 2516,1089 2561,1089 2605,1089 2650,1089 2695,1092 2740,1092 2784,1092 2829,1092"/><TextEquiv><Unicode>larmes coulaient de ses yeux. Un poids douloureux</Unicode></TextEquiv></TextLine><TextLine id="r_2_tl_5" custom="readingOrder {index:4;}"><Coords points="1715,1166 2820,1161 2820,1114 2723,1100 1715,1109"/><Baseline points="1722,1143 1767,1140 1811,1140 1856,1143 1901,1140 1946,1143 1990,1143 2035,1143 2080,1146 2125,1143 2170,1143 2214,1146 2259,1143 2304,1143 2349,1146 2393,1143 2438,1146 2483,1146 2528,1146 2573,1146 2617,1146 2662,1146 2707,1146 2752,1146 2796,1149 2823,1149"/><TextEquiv><Unicode>pesait sur son cœur, et la plus grande perplexité se</Unicode></TextEquiv></TextLine><TextLine id="r_2_tl_6" custom="readingOrder {index:5;}"><Coords points="1715,1218 2666,1218 2666,1170 2605,1163 1715,1166"/><Baseline points="1722,1193 1767,1193 1811,1196 1856,1196 1901,1196 1946,1199 1990,1196 2035,1199 2080,1199 2125,1196 2170,1199 2214,1199 2259,1199 2304,1199 2349,1199 2393,1196 2438,1199 2483,1202 2528,1199 2573,1199 2617,1199 2662,1202 2668,1199"/><TextEquiv><Unicode>peignait dans son regard à travers ses pleurs.</Unicode></TextEquiv></TextLine><TextLine id="r_2_tl_7" custom="readingOrder {index:6;}"><Coords points="1747,1260 2828,1274 2828,1226 2785,1217 1747,1219"/><Baseline points="1755,1247 1799,1250 1844,1253 1889,1253 1934,1253 1979,1253 2023,1256 2068,1256 2113,1256 2158,1256 2202,1256 2247,1256 2292,1259 2337,1256 2381,1259 2426,1259 2471,1256 2516,1256 2561,1256 2605,1259 2650,1259 2695,1259 2740,1259 2784,1259 2829,1259 2832,1259"/><TextEquiv><Unicode>Jeune fille, tu souffres d'indécision, de crainte, de</Unicode></TextEquiv></TextLine><TextLine id="r_2_tl_8" custom="readingOrder {index:7;}"><Coords points="1697,1316 2817,1334 2817,1277 2771,1271 1697,1277"/><Baseline points="1704,1307 1749,1307 1793,1307 1838,1307 1883,1310 1928,1310 1973,1310 2017,1310 2062,1310 2107,1313 2152,1313 2196,1313 2241,1313 2286,1313 2331,1313 2376,1313 2420,1316 2465,1316 2510,1313 2555,1313 2599,1313 2644,1313 2689,1313 2734,1313 2778,1316 2820,1313"/><TextEquiv><Unicode>remords même, car le mal que tu redoutes c’est toi</Unicode></TextEquiv></TextLine><TextLine id="r_2_tl_9" custom="readingOrder {index:8;}"><Coords points="1705,1380 2824,1385 2824,1329 1705,1317"/><Baseline points="1713,1361 1758,1364 1802,1364 1847,1364 1892,1367 1937,1367 1981,1367 2026,1367 2071,1364 2116,1367 2161,1370 2205,1367 2250,1370 2295,1370 2340,1370 2384,1370 2429,1370 2474,1370 2519,1370 2564,1373 2608,1370 2653,1370 2698,1373 2743,1370 2787,1373 2826,1373"/><TextEquiv><Unicode>qui l’as fait naître. Tu as peur de toi-même ! Pourquoi</Unicode></TextEquiv></TextLine><TextLine id="r_2_tl_10" custom="readingOrder {index:9;}"><Coords points="1697,1424 2821,1446 2820,1389 2722,1380 1697,1385"/><Baseline points="1704,1417 1749,1417 1793,1417 1838,1414 1883,1417 1928,1420 1973,1420 2017,1423 2062,1423 2107,1423 2152,1423 2196,1423 2241,1423 2286,1426 2331,1426 2376,1423 2420,1426 2465,1426 2510,1429 2555,1426 2599,1426 2644,1426 2689,1429 2734,1429 2778,1426 2823,1426"/><TextEquiv><Unicode>ne pries-tu pas? C’est de Dieu que viennent la force</Unicode></TextEquiv></TextLine><TextLine id="r_2_tl_11" custom="readingOrder {index:10;}"><Coords points="1701,1488 2772,1504 2807,1445 1700,1446"/><Baseline points="1707,1468 1752,1471 1796,1471 1841,1474 1886,1474 1931,1474 1976,1474 2020,1477 2065,1477 2110,1477 2155,1477 2199,1480 2244,1480 2289,1480 2334,1480 2378,1480 2423,1480 2468,1480 2513,1483 2558,1480 2602,1483 2647,1483 2692,1480 2737,1480 2781,1480 2811,1477"/><TextEquiv><Unicode>et le conseil. Calmée par la prière, tu sentirais dé¬</Unicode></TextEquiv></TextLine><TextLine id="r_2_tl_12" custom="readingOrder {index:11;}"><Coords points="1697,1526 2817,1565 2815,1511 2729,1485 1697,1492"/><Baseline points="1704,1522 1749,1522 1793,1525 1838,1525 1883,1522 1928,1525 1973,1528 2017,1528 2062,1531 2107,1531 2152,1531 2196,1534 2241,1531 2286,1534 2331,1531 2376,1534 2420,1537 2465,1537 2510,1537 2555,1537 2599,1537 2644,1537 2689,1534 2734,1537 2778,1540 2817,1540"/><TextEquiv><Unicode>couler de ton cœur, comme un baume rafraîchissant,</Unicode></TextEquiv></TextLine><TextLine id="r_2_tl_13" custom="readingOrder {index:12;}"><Coords points="1697,1588 2363,1613 2447,1596 2447,1548 1695,1537"/><Baseline points="1704,1573 1749,1573 1793,1576 1838,1576 1883,1579 1928,1582 1973,1579 2017,1582 2062,1582 2107,1584 2152,1584 2196,1584 2241,1587 2286,1584 2331,1584 2376,1584 2420,1584 2450,1582"/><TextEquiv><Unicode>la pensée salutaire qui te sauverait?</Unicode></TextEquiv></TextLine><TextLine id="r_2_tl_14" custom="readingOrder {index:13;}"><Coords points="1739,1639 2806,1670 2804,1593 2708,1582 2519,1616 1739,1596"/><Baseline points="1746,1629 1790,1626 1835,1626 1880,1632 1925,1635 1970,1635 2014,1635 2059,1638 2104,1635 2149,1638 2193,1641 2238,1638 2283,1641 2328,1641 2373,1641 2417,1644 2462,1644 2507,1644 2552,1644 2596,1647 2641,1647 2686,1647 2731,1647 2775,1647 2808,1653"/><TextEquiv><Unicode>Régine, douée déjà d’une imagination vive, exaltée,</Unicode></TextEquiv></TextLine><TextLine id="r_2_tl_15" custom="readingOrder {index:14;}"><Coords points="1690,1693 2814,1719 2782,1662 1690,1652"/><Baseline points="1698,1683 1743,1686 1787,1689 1832,1689 1877,1689 1922,1689 1967,1689 2011,1689 2056,1692 2101,1692 2146,1692 2190,1695 2235,1695 2280,1695 2325,1695 2370,1698 2414,1698 2459,1698 2504,1698 2549,1701 2593,1701 2638,1701 2683,1701 2728,1701 2772,1701 2817,1704"/><TextEquiv><Unicode>romanesque, peut-être, avant même d’avoir lu un</Unicode></TextEquiv></TextLine><TextLine id="r_2_tl_16" custom="readingOrder {index:15;}"><Coords points="1694,1753 2806,1777 2796,1719 1694,1711"/><Baseline points="1701,1737 1746,1743 1790,1743 1835,1746 1880,1746 1925,1746 1970,1746 2014,1749 2059,1749 2104,1749 2149,1752 2193,1749 2238,1752 2283,1752 2328,1752 2373,1755 2417,1752 2462,1755 2507,1755 2552,1755 2596,1755 2641,1755 2686,1755 2731,1758 2775,1758 2808,1758"/><TextEquiv><Unicode>orman, avait eu le tort, plus grave qu’on ne le pense,</Unicode></TextEquiv></TextLine><TextLine id="r_2_tl_17" custom="readingOrder {index:16;}"><Coords points="1690,1814 2807,1837 2806,1782 2750,1767 1690,1765"/><Baseline points="1698,1796 1743,1796 1787,1799 1832,1796 1877,1799 1922,1799 1967,1802 2011,1802 2056,1802 2101,1802 2146,1805 2190,1805 2235,1808 2280,1805 2325,1808 2370,1808 2414,1805 2459,1808 2504,1808 2549,1808 2593,1811 2638,1811 2683,1811 2728,1811 2772,1814 2811,1817"/><TextEquiv><Unicode>de se permettre quelquefois, sans consulter son père,</Unicode></TextEquiv></TextLine><TextLine id="r_2_tl_18" custom="readingOrder {index:17;}"><Coords points="1690,1873 2808,1886 2808,1838 1688,1827"/><Baseline points="1698,1850 1743,1850 1787,1850 1832,1853 1877,1856 1922,1856 1967,1856 2011,1859 2056,1859 2101,1859 2146,1859 2190,1859 2235,1862 2280,1862 2325,1862 2370,1862 2414,1862 2459,1862 2504,1865 2549,1865 2593,1865 2638,1865 2683,1865 2728,1865 2772,1868 2811,1868"/><TextEquiv><Unicode>des lectures propres à développer, à augmenter en</Unicode></TextEquiv></TextLine><TextLine id="r_2_tl_19" custom="readingOrder {index:18;}"><Coords points="1690,1910 2801,1938 2800,1886 1688,1873"/><Baseline points="1698,1904 1743,1907 1787,1907 1832,1910 1877,1910 1922,1910 1967,1913 2011,1913 2056,1916 2101,1916 2146,1916 2190,1916 2235,1916 2280,1919 2325,1919 2370,1919 2414,1919 2459,1919 2504,1919 2549,1919 2593,1922 2638,1922 2683,1922 2728,1919 2772,1922 2805,1922"/><TextEquiv><Unicode>elle l'attrait des situation estraordinaires, la disposi¬</Unicode></TextEquiv></TextLine><TextLine id="r_2_tl_20" custom="readingOrder {index:19;}"><Coords points="1690,1971 2654,1989 2653,1939 1688,1931"/><Baseline points="1698,1961 1743,1958 1787,1964 1832,1964 1877,1967 1922,1967 1967,1967 2011,1967 2056,1970 2101,1970 2146,1970 2190,1970 2235,1970 2280,1973 2325,1973 2370,1973 2414,1970 2459,1973 2504,1973 2549,1976 2593,1976 2638,1976 2656,1976"/><TextEquiv><Unicode>tion naturelle à s’abandonner à des illumions.</Unicode></TextEquiv></TextLine><TextLine id="r_2_tl_21" custom="readingOrder {index:20;}"><Coords points="1732,2029 2793,2059 2801,1992 1730,1971"/><Baseline points="1740,2014 1784,2014 1829,2020 1874,2020 1919,2020 1964,2020 2008,2023 2053,2023 2098,2023 2143,2026 2187,2026 2232,2023 2277,2026 2322,2026 2367,2029 2411,2029 2456,2029 2501,2029 2546,2029 2590,2029 2635,2032 2680,2032 2725,2032 2770,2035 2805,2035"/><TextEquiv><Unicode>Dans le monde où son père la conduisait, elle vit,</Unicode></TextEquiv></TextLine><TextLine id="r_2_tl_22" custom="readingOrder {index:21;}"><Coords points="1691,2097 2803,2107 2801,2058 2680,2041 1690,2048"/><Baseline points="1698,2071 1743,2071 1787,2074 1832,2074 1877,2074 1922,2074 1967,2077 2011,2080 2056,2080 2101,2080 2146,2080 2190,2080 2235,2080 2280,2080 2325,2083 2370,2083 2414,2086 2459,2086 2504,2086 2549,2086 2593,2089 2638,2089 2683,2086 2728,2086 2772,2089 2805,2089"/><TextEquiv><Unicode>un soir, un jeune homme qui eut tout d’abord pour</Unicode></TextEquiv></TextLine><TextLine id="r_2_tl_23" custom="readingOrder {index:22;}"><Coords points="1694,2141 2657,2171 2794,2164 2814,2113 1693,2097"/><Baseline points="1701,2128 1746,2128 1790,2128 1835,2131 1880,2134 1925,2134 1970,2131 2014,2134 2059,2131 2104,2134 2149,2137 2193,2137 2238,2137 2283,2137 2328,2137 2373,2140 2417,2140 2462,2140 2507,2143 2552,2143 2596,2143 2641,2143 2686,2146 2731,2146 2775,2143 2817,2143"/><TextEquiv><Unicode>elle le charme de l'inconnu. Excepté la maîtresse de</Unicode></TextEquiv></TextLine><TextLine id="r_2_tl_24" custom="readingOrder {index:23;}"><Coords points="1684,2192 2804,2222 2803,2173 2734,2160 1684,2156"/><Baseline points="1692,2181 1737,2184 1782,2184 1826,2184 1871,2187 1916,2187 1961,2187 2005,2190 2050,2190 2095,2190 2140,2190 2184,2190 2229,2190 2274,2196 2319,2196 2364,2196 2408,2196 2453,2196 2498,2196 2543,2196 2587,2199 2632,2199 2677,2199 2722,2202 2767,2202 2805,2199"/><TextEquiv><Unicode>la maison, personne ne paraissait le connaître. Sans</Unicode></TextEquiv></TextLine><TextLine id="r_2_tl_25" custom="readingOrder {index:24;}"><Coords points="1694,2250 2801,2267 2792,2220 1694,2194"/><Baseline points="1701,2235 1746,2235 1790,2238 1835,2241 1880,2241 1925,2241 1970,2244 2014,2241 2059,2244 2104,2247 2149,2244 2193,2247 2238,2247 2283,2247 2328,2250 2373,2250 2417,2250 2462,2250 2507,2250 2552,2253 2596,2253 2641,2256 2686,2256 2731,2253 2775,2256 2805,2256"/><TextEquiv><Unicode>être plus beau qu’un autre, il était remarquable et</Unicode></TextEquiv></TextLine><TextLine id="r_2_tl_26" custom="readingOrder {index:25;}"><Coords points="1687,2310 2807,2331 2806,2288 2738,2269 1687,2262"/><Baseline points="1695,2292 1740,2292 1784,2292 1829,2292 1874,2295 1919,2298 1964,2298 2008,2298 2053,2298 2098,2295 2143,2298 2187,2301 2232,2304 2277,2301 2322,2301 2367,2304 2411,2304 2456,2304 2501,2304 2546,2307 2590,2307 2635,2310 2680,2310 2725,2313 2770,2310 2808,2310"/><TextEquiv><Unicode>distingué, bizarre peut-être. Dans ses fraits fins, dans</Unicode></TextEquiv></TextLine><TextLine id="r_2_tl_27" custom="readingOrder {index:26;}"><Coords points="1684,2373 2782,2390 2799,2341 1683,2318"/><Baseline points="1692,2349 1737,2349 1782,2349 1826,2352 1871,2349 1916,2352 1961,2352 2005,2352 2050,2355 2095,2355 2140,2355 2184,2352 2229,2358 2274,2355 2319,2358 2364,2361 2408,2361 2453,2358 2498,2361 2543,2361 2587,2364 2632,2364 2677,2364 2722,2367 2767,2364 2802,2364"/><TextEquiv><Unicode>son nez pincé, dans ses lèvres serrées à travers les¬</Unicode></TextEquiv></TextLine><TextLine id="r_2_tl_28" custom="readingOrder {index:27;}"><Coords points="1694,2425 2807,2435 2806,2401 2653,2377 1694,2367"/><Baseline points="1701,2405 1746,2402 1790,2405 1835,2402 1880,2405 1925,2408 1970,2408 2014,2408 2059,2408 2104,2411 2149,2411 2193,2411 2238,2411 2283,2414 2328,2414 2373,2414 2417,2417 2462,2414 2507,2417 2552,2417 2596,2417 2641,2420 2686,2420 2731,2423 2775,2420 2808,2417"/><TextEquiv><Unicode>quelles s'échappait parfois, mais rarement, un sou¬</Unicode></TextEquiv></TextLine><TextLine id="r_2_tl_29" custom="readingOrder {index:28;}"><Coords points="1690,2470 2804,2488 2803,2443 2663,2430 1690,2423"/><Baseline points="1698,2459 1743,2456 1787,2459 1832,2459 1877,2462 1922,2462 1967,2462 2011,2465 2056,2462 2101,2462 2146,2465 2190,2468 2235,2468 2280,2468 2325,2468 2370,2468 2414,2468 2459,2471 2504,2471 2549,2474 2593,2474 2638,2474 2683,2477 2728,2477 2772,2477 2808,2477"/><TextEquiv><Unicode>rire auquel l’extrême beauté de ses dents donnait une</Unicode></TextEquiv></TextLine><TextLine id="r_2_tl_30" custom="readingOrder {index:29;}"><Coords points="1695,2534 2796,2552 2794,2502 2709,2484 1694,2484"/><Baseline points="1701,2513 1746,2513 1790,2516 1835,2516 1880,2519 1925,2519 1970,2516 2014,2516 2059,2519 2104,2522 2149,2522 2193,2522 2238,2522 2283,2522 2328,2525 2373,2525 2417,2525 2462,2525 2507,2525 2552,2528 2596,2528 2641,2528 2686,2531 2731,2531 2775,2531 2799,2531"/><TextEquiv><Unicode>grâce infinie, il y avait quelque chose de mystérieux.</Unicode></TextEquiv></TextLine><TextLine id="r_2_tl_31" custom="readingOrder {index:30;}"><Coords points="1688,2586 2800,2603 2799,2554 2727,2541 1687,2535"/><Baseline points="1695,2561 1737,2567 1782,2570 1826,2570 1871,2573 1916,2573 1961,2573 2005,2573 2050,2575 2095,2575 2140,2578 2184,2575 2229,2578 2274,2578 2319,2578 2364,2578 2408,2578 2453,2581 2498,2578 2543,2581 2587,2581 2632,2584 2677,2584 2722,2584 2767,2584 2802,2584"/><TextEquiv><Unicode>Son regard profond avait une fixité magnétique, dont</Unicode></TextEquiv></TextLine><TextLine id="r_2_tl_32" custom="readingOrder {index:31;}"><Coords points="1679,2633 2792,2656 2764,2598 1679,2580"/><Baseline points="1686,2623 1731,2626 1776,2626 1820,2626 1865,2626 1910,2626 1955,2629 1999,2629 2044,2629 2089,2629 2134,2629 2178,2629 2223,2632 2268,2632 2313,2632 2358,2632 2402,2632 2447,2632 2492,2632 2537,2632 2581,2632 2626,2635 2671,2638 2716,2638 2761,2638 2793,2638"/><TextEquiv><Unicode>la puissance attraction ressemblait à celle de l’oiseau</Unicode></TextEquiv></TextLine><TextLine id="r_2_tl_33" custom="readingOrder {index:32;}"><Coords points="1683,2688 2794,2705 2745,2653 1681,2632"/><Baseline points="1689,2677 1734,2680 1779,2680 1823,2680 1868,2683 1913,2683 1958,2683 2002,2683 2047,2683 2092,2683 2137,2683 2181,2686 2226,2686 2271,2683 2316,2686 2361,2686 2405,2683 2450,2686 2495,2686 2540,2686 2584,2689 2629,2689 2674,2692 2719,2695 2764,2692 2796,2689"/><TextEquiv><Unicode>de proie. Attirée par toute étrangeté, Régine, invo¬</Unicode></TextEquiv></TextLine><TextLine id="r_2_tl_34" custom="readingOrder {index:33;}"><Coords points="1681,2748 2793,2765 2792,2703 1680,2691"/><Baseline points="1689,2734 1734,2734 1779,2734 1823,2734 1868,2734 1913,2737 1958,2737 2002,2737 2047,2737 2092,2737 2137,2740 2181,2737 2226,2740 2271,2737 2316,2740 2361,2740 2405,2740 2450,2740 2495,2740 2540,2743 2584,2743 2629,2743 2674,2746 2719,2749 2764,2749 2796,2752"/><TextEquiv><Unicode>lontairement, suivait ce jeune homme du regard. Il</Unicode></TextEquiv></TextLine><TextLine id="r_2_tl_35" custom="readingOrder {index:34;}"><Coords points="1680,2807 2778,2827 2785,2762 1679,2755"/><Baseline points="1686,2784 1731,2790 1776,2790 1820,2790 1865,2790 1910,2790 1955,2787 1999,2787 2044,2790 2089,2790 2134,2790 2178,2790 2223,2793 2268,2793 2313,2793 2358,2793 2402,2793 2447,2796 2492,2796 2537,2796 2581,2799 2626,2802 2671,2802 2716,2805 2761,2805 2790,2805"/><TextEquiv><Unicode>s’en aperçut, et comprenant l’effet qu’il produisait,</Unicode></TextEquiv></TextLine><TextLine id="r_2_tl_36" custom="readingOrder {index:35;}"><Coords points="1681,2857 2782,2888 2800,2827 1680,2810"/><Baseline points="1689,2841 1734,2838 1779,2841 1823,2844 1868,2844 1913,2841 1958,2841 2002,2844 2047,2844 2092,2847 2137,2844 2181,2844 2226,2844 2271,2847 2316,2847 2361,2850 2405,2850 2450,2847 2495,2853 2540,2853 2584,2856 2629,2856 2674,2856 2719,2859 2764,2859 2802,2859"/><TextEquiv><Unicode>il s’informa du nom de la jeune personne qui le</Unicode></TextEquiv></TextLine><TextLine id="r_2_tl_37" custom="readingOrder {index:36;}"><Coords points="1681,2912 2780,2932 2740,2869 1681,2856"/><Baseline points="1689,2895 1734,2892 1779,2898 1823,2898 1868,2898 1913,2898 1958,2898 2002,2898 2047,2901 2092,2898 2137,2898 2181,2898 2226,2901 2271,2904 2316,2904 2361,2904 2405,2904 2450,2907 2495,2907 2540,2910 2584,2910 2629,2913 2674,2913 2719,2913 2764,2913 2781,2910"/><TextEquiv><Unicode>regardait ainsi. En apprenant qu’elle était made¬</Unicode></TextEquiv></TextLine><TextLine id="r_2_tl_38" custom="readingOrder {index:37;}"><Coords points="1673,2975 2688,2986 2780,2946 1672,2919"/><Baseline points="1680,2952 1725,2952 1770,2952 1814,2952 1859,2952 1904,2952 1949,2952 1993,2952 2038,2952 2083,2955 2128,2958 2173,2958 2217,2958 2262,2958 2307,2958 2352,2961 2396,2961 2441,2961 2486,2961 2531,2964 2575,2964 2620,2967 2665,2967 2710,2967 2755,2964 2784,2964"/><TextEquiv><Unicode>moiselle de Beaufreny, il fit un mouvement de sur¬</Unicode></TextEquiv></TextLine><TextLine id="r_2_tl_39" custom="readingOrder {index:38;}"><Coords points="1681,3032 2783,3039 2782,2986 1680,2969"/><Baseline points="1689,3008 1734,3008 1779,3005 1823,3002 1868,3005 1913,3005 1958,3005 2002,3005 2047,3008 2092,3008 2137,3011 2181,3008 2226,3011 2271,3011 2316,3014 2361,3014 2405,3014 2450,3017 2495,3017 2540,3017 2584,3020 2629,3020 2674,3023 2719,3023 2764,3023 2787,3023"/><TextEquiv><Unicode>prise, et dès lors son regard, se fixant à son tour sur</Unicode></TextEquiv></TextLine><TextLine id="r_2_tl_40" custom="readingOrder {index:39;}"><Coords points="1676,3073 2796,3097 2794,3044 2745,3035 1863,3009 1676,3041"/><Baseline points="1683,3056 1728,3059 1773,3059 1817,3059 1862,3059 1907,3059 1952,3059 1996,3062 2041,3062 2086,3062 2131,3065 2176,3065 2220,3065 2265,3065 2310,3068 2355,3068 2399,3068 2444,3071 2489,3071 2534,3071 2578,3074 2623,3077 2668,3077 2713,3077 2758,3077 2796,3077"/><TextEquiv><Unicode>elle, ne la quitta plus. Sous ce regard persistant, les</Unicode></TextEquiv></TextLine><TextLine id="r_2_tl_41" custom="readingOrder {index:40;}"><Coords points="1673,3129 2793,3147 2792,3094 1672,3077"/><Baseline points="1680,3107 1725,3113 1770,3113 1814,3110 1859,3113 1904,3113 1949,3113 1993,3116 2038,3116 2083,3116 2128,3119 2173,3119 2217,3119 2262,3119 2307,3125 2352,3125 2396,3125 2441,3128 2486,3128 2531,3128 2575,3131 2620,3131 2665,3134 2710,3134 2755,3134 2793,3134"/><TextEquiv><Unicode>yeux de Régine s’étaient bientôt baissés, elle sentait</Unicode></TextEquiv></TextLine><TextLine id="r_2_tl_42" custom="readingOrder {index:41;}"><Coords points="1666,3175 2790,3209 2768,3146 1666,3126"/><Baseline points="1674,3167 1719,3167 1764,3167 1808,3167 1853,3167 1898,3167 1943,3169 1987,3169 2032,3172 2077,3172 2122,3169 2167,3175 2211,3175 2256,3175 2301,3178 2346,3178 2390,3181 2435,3184 2480,3184 2525,3184 2570,3184 2614,3187 2659,3187 2704,3187 2749,3187 2793,3187"/><TextEquiv><Unicode>instinctivement sur elle les rayons obliques de ses</Unicode></TextEquiv></TextLine><TextLine id="r_2_tl_43" custom="readingOrder {index:42;}"><Coords points="1677,3248 2787,3255 2755,3203 1676,3181"/><Baseline points="1683,3208 1728,3220 1773,3220 1817,3223 1862,3223 1907,3223 1952,3223 1996,3226 2041,3229 2086,3229 2131,3229 2176,3232 2220,3232 2265,3235 2310,3235 2355,3238 2399,3238 2444,3241 2489,3241 2534,3241 2578,3244 2623,3244 2668,3244 2713,3247 2758,3244 2790,3241"/><TextEquiv><Unicode>yeux étincelants. La réunion était nombreuse, quel¬</Unicode></TextEquiv></TextLine><TextLine id="r_2_tl_44" custom="readingOrder {index:43;}"><Coords points="1681,3298 2780,3314 2779,3258 1680,3249"/><Baseline points="1689,3271 1734,3274 1779,3274 1823,3274 1868,3277 1913,3280 1958,3283 2002,3283 2047,3283 2092,3283 2137,3286 2181,3286 2226,3289 2271,3292 2316,3292 2361,3295 2405,3295 2450,3295 2495,3295 2540,3298 2584,3298 2629,3301 2674,3301 2719,3301 2764,3301 2784,3295"/><TextEquiv><Unicode>qu’un proposa de danser. La main du jeune homme</Unicode></TextEquiv></TextLine><TextLine id="r_2_tl_45" custom="readingOrder {index:44;}"><Coords points="1681,3350 2782,3364 2747,3311 1680,3300"/><Baseline points="1689,3328 1734,3328 1779,3331 1823,3331 1868,3331 1913,3334 1958,3337 2002,3340 2047,3340 2092,3340 2137,3343 2181,3343 2226,3346 2271,3346 2316,3349 2361,3349 2405,3352 2450,3352 2495,3352 2540,3352 2584,3352 2629,3355 2674,3355 2719,3355 2764,3352 2784,3352"/><TextEquiv><Unicode>vint s’offrir à mademoiselle de Beaufreny sans qu’il</Unicode></TextEquiv></TextLine><TextLine id="r_2_tl_46" custom="readingOrder {index:45;}"><Coords points="1681,3410 2782,3423 2780,3364 1680,3350"/><Baseline points="1689,3381 1734,3387 1779,3387 1823,3390 1868,3390 1913,3393 1958,3393 2002,3393 2047,3393 2092,3396 2137,3399 2181,3402 2226,3399 2271,3402 2316,3402 2361,3402 2405,3402 2450,3405 2495,3405 2540,3408 2584,3408 2629,3408 2674,3411 2719,3408 2764,3408 2784,3405"/><TextEquiv><Unicode>prononçât une seule parole, comme si d’avance elle</Unicode></TextEquiv></TextLine><TextLine id="r_2_tl_47" custom="readingOrder {index:46;}"><Coords points="1673,3447 2783,3489 2782,3427 2695,3417 1673,3415"/><Baseline points="1680,3438 1725,3441 1770,3441 1814,3444 1859,3447 1904,3447 1949,3447 1993,3450 2038,3453 2083,3453 2128,3456 2173,3456 2217,3456 2262,3459 2307,3459 2352,3459 2396,3459 2441,3459 2486,3459 2531,3462 2575,3465 2620,3465 2665,3465 2710,3462 2755,3465 2787,3465"/><TextEquiv><Unicode>eût été engagée avec lui pour le premier quadrille; et,</Unicode></TextEquiv></TextLine><TextLine id="r_2_tl_48" custom="readingOrder {index:47;}"><Coords points="1666,3504 2783,3527 2759,3476 1666,3465"/><Baseline points="1674,3489 1719,3498 1764,3498 1808,3501 1853,3504 1898,3504 1943,3504 1987,3507 2032,3507 2077,3510 2122,3510 2167,3513 2211,3510 2256,3513 2301,3513 2346,3513 2390,3513 2435,3516 2480,3519 2525,3519 2570,3522 2614,3519 2659,3522 2704,3516 2749,3516 2787,3516"/><TextEquiv><Unicode>sans même se rendre compte de son action, Régine</Unicode></TextEquiv></TextLine><TextLine id="r_2_tl_49" custom="readingOrder {index:48;}"><Coords points="1669,3560 2782,3577 2745,3528 1669,3518"/><Baseline points="1677,3552 1722,3552 1767,3555 1811,3558 1856,3558 1901,3561 1946,3564 1990,3564 2035,3564 2080,3566 2125,3566 2170,3566 2214,3566 2259,3569 2304,3569 2349,3569 2393,3572 2438,3572 2483,3575 2528,3575 2573,3575 2617,3575 2662,3575 2707,3572 2752,3569 2784,3569"/><TextEquiv><Unicode>se leva et mit sa main dans celle qu’il lui tendait.</Unicode></TextEquiv></TextLine><TextLine id="r_2_tl_50" custom="readingOrder {index:49;}"><Coords points="1676,3616 2782,3640 2780,3578 1676,3562"/><Baseline points="1683,3602 1728,3605 1773,3608 1817,3611 1862,3614 1907,3617 1952,3617 1996,3617 2041,3620 2086,3620 2131,3620 2176,3623 2220,3623 2265,3623 2310,3623 2355,3626 2399,3626 2444,3629 2489,3629 2534,3629 2578,3629 2623,3629 2668,3626 2713,3623 2758,3623 2784,3623"/><TextEquiv><Unicode>Pendant la durée de la contredanse, la tenue du jeune</Unicode></TextEquiv></TextLine><TextLine id="r_2_tl_51" custom="readingOrder {index:50;}"><Coords points="1666,3668 2506,3706 2766,3696 2785,3647 1665,3611"/><Baseline points="1674,3659 1719,3662 1764,3665 1808,3665 1853,3668 1898,3671 1943,3671 1987,3674 2032,3674 2077,3677 2122,3677 2167,3677 2211,3680 2256,3680 2301,3680 2346,3680 2390,3680 2435,3683 2480,3683 2525,3686 2570,3683 2614,3680 2659,3677 2704,3680 2749,3677 2787,3677"/><TextEquiv><Unicode>homme fut parfaite. Il fut sobre de paroles, mais</Unicode></TextEquiv></TextLine><TextLine id="r_2_tl_52" custom="readingOrder {index:51;}"><Coords points="1666,3724 2779,3741 2755,3686 1666,3679"/><Baseline points="1674,3716 1719,3719 1764,3719 1808,3719 1853,3725 1898,3725 1943,3725 1987,3728 2032,3731 2077,3728 2122,3731 2167,3734 2211,3734 2256,3734 2301,3737 2346,3737 2390,3737 2435,3740 2480,3740 2525,3737 2570,3737 2614,3734 2659,3731 2704,3731 2749,3731 2781,3731"/><TextEquiv><Unicode>toutes celles qu'il prononça furent pleines de bon</Unicode></TextEquiv></TextLine><TextLine id="r_2_tl_53" custom="readingOrder {index:52;}"><Coords points="1666,3787 2778,3812 2778,3753 1665,3724"/><Baseline points="1674,3772 1719,3772 1764,3775 1808,3778 1853,3781 1898,3781 1943,3781 1987,3784 2032,3784 2077,3787 2122,3787 2167,3787 2211,3787 2256,3790 2301,3793 2346,3793 2390,3793 2435,3793 2480,3790 2525,3793 2570,3787 2614,3787 2659,3784 2704,3784 2749,3787 2781,3784"/><TextEquiv><Unicode>goût. C'était évideminent un homme d'esprit et de</Unicode></TextEquiv></TextLine><TextLine id="r_2_tl_54" custom="readingOrder {index:53;}"><Coords points="1666,3839 1980,3888 2078,3854 2783,3856 2782,3809 2723,3790 2471,3822 1666,3787"/><Baseline points="1674,3826 1719,3829 1764,3832 1808,3832 1853,3838 1898,3838 1943,3841 1987,3841 2032,3844 2077,3844 2122,3844 2167,3844 2211,3847 2256,3847 2301,3847 2346,3850 2390,3850 2435,3847 2480,3847 2525,3847 2570,3844 2614,3844 2659,3841 2704,3841 2749,3841 2787,3844"/><TextEquiv><Unicode>bonne compagnie. Rentrée chez elle, mademoiselle</Unicode></TextEquiv></TextLine><TextEquiv><Unicode></Unicode></TextEquiv></TextRegion></Page></PcGts>