2897 4318
1188 298 1293 407 347
135 399 1200 471 batiste double au milieu de chacun des écussons du
145 466 1194 536 bord. Une petite valencienne de deux centimètres
142 520 631 584 terminera ce mouchoir.
163 573 1194 633 2 à 6. Divers dessins, avec lesquels on peut com¬
135 634 1198 687 poser une très-élégante robe de baptême, que l'on
139 687 1192 741 broderait au plumetis et points sablés, sur mousseline
135 727 1191 785 ou nansouk; avec la première de ces étoffes, la robe
145 784 1191 846 pourrait être doublée en taffetas blanc, pour le jour
135 832 1191 887 de la cérémonie, et après en bleu ou en rose. Le
139 882 1186 943 numéro 2 est l’entre-deux qui, avec la garniture nu¬
129 940 1183 997 méro 5, servira pour le tablier; entre-deux et garni¬
139 988 1192 1053 ture que l’on posera, non en ligne droite, mais
135 1045 1195 1097 en chevron ou en forme de V, si tu aimes mieux.
139 1095 1194 1159 Le numéro 3, et la garniture numéra 4, formeront
135 1146 1182 1203 les deux revers devant border le plastron du nu¬
135 1195 1191 1265 méro 6; enfin, les petites manches courtes seront
135 1253 1191 1321 composées d'un bouillon terminé par l'entre-deux
142 1302 1188 1362 que bordera la plus petite des deux garnitures.
130 1347 1194 1423 Dans le cœur des liserons tu auras soin, si tes
133 1408 1186 1463 moyens te le permettent, de faire des jours variés.
130 1459 1190 1516 Le mois prochain tu recevras un petit bonnet qui
130 1511 1037 1566 complétera admirablement cette jolie tailette.
178 1562 1184 1619 7, 8 et 9, COURONNES pour mouchoirs ou autres ob¬
130 1614 1131 1684 jets de trousseau, se brodant au plumetis très-fin.
175 1670 1186 1745 10, Écusson pour mouchoirs simples; plumetis fa¬
126 1715 228 1777 cile.
166 1752 1192 1824 11, AUTRE ÉCUSSON pour mouchoir, formant un
127 1812 1182 1890 nœud dans les ganses duquel on place les chiffres;
135 1875 667 1950 plumetis simple ou feston.
171 1973 662 2037 Ici finit la petite édition.
174 2093 1187 2149 12, PALE, à broder au plumetis sur batiste; les lis
130 2138 1184 2195 et leur feuillage sont entremêlés de points d’échelle;
130 2184 1191 2247 la couronne de myosotis, qui entoure le chiffre de la
135 2233 1162 2300 Vierge, doit-être brodée avec du coton très-fin. —
133 2277 1188 2355 Cette même disposition ferait aussi un bien joli dessus
133 2336 328 2402 de pelote.
171 2391 716 2451 13, Julie, plumetis élégant.
175 2442 1190 2507 14, 15 et 16, COURONNES pour mouchoirs et objets
129 2491 679 2558 de trousseau; plumetis fin.
168 2556 1179 2611 17 et 18,MANCHETTE ET COL, à broder sur nansouk
129 2589 1184 2667 double; ce dessin se fait soit au plumetis, soit en
129 2647 1183 2712 broderie à la minute ou point de poste; au bord,
139 2712 1180 2776 est un point de piquûre : l'on pourrait terminer ce col
133 2752 1180 2817 par une toute petite dentelle légèrement froncée.
133 2808 1182 2859 L’emploi de ces dentelles, n’ayant qu’un centimètre
133 2855 1175 2927 à peu près de hauteur, est fort en usage pour garnir
129 2904 1183 2971 toutes les lingeries un peu épaisses; la valencienne
130 2958 769 3027 est toujours ce que l’on préfère.
170 3025 1179 3073 19, Écusson formé par des anneaux entrelacés; plu¬
131 3058 447 3126 metis ou feston.
168 3123 1176 3195 20, Écusson avec les lettres C. B., plumetis et
135 3159 399 3227 points sablés.
170 3217 1171 3294 21, 22 et 23, COL, GARNITURE ETENTRE-DEUX, à bro¬
129 3272 1178 3337 der au plumetis fin et au point de sable sur mousse¬
135 3310 1176 3389 line suisse; ce dessin riche et élégant, formera une
131 3370 1179 3452 bien jolie parure. Avec la garniture, tu pourrais faire
134 3415 1176 3495 de charmantes manches d'une forme toute nouvelle,
138 3473 1180 3548 et bien convenable pour la saison. Coupe d'abord
135 3528 1172 3598 un poignet en mousseline, de sept centimètres de
129 3574 1178 3662 hauteur et de vingt-six de largeur; sur ce poignet,
131 3630 1175 3704 pose deux petits bouillonnés de cinq centimètres de
130 3678 1174 3760 hauteur; puis, lorsque tu auras fait le bouillon de
131 3725 1167 3805 ta manche, bouillon que tu auras coupé dans les
131 3775 1163 3863 proportions que je t’ai tant de fois indiquées, tu l'a¬
1281 416 2325 512 dapteras à ton poignet, et, entre ce poignel et le bouil¬
1281 463 2337 561 lon, tu coudras la garniture brodée, de manière à ce
1284 527 2328 601 qu'elle remonte sur le bras, cela va sans dire. Cette
1284 585 2325 666 garniture doit avoir : sur le bras, dix centimètres de
1277 625 2333 707 hauteur; en dessus du bras, cinq centimètres et
1276 679 2329 767 soixante-cinq de longueur. Tu ne saurais t'imaginer
1279 739 2336 813 combien ces sortes de manches, bien simples pourtant,
1280 785 2334 862 sont gracieuses et distinguées. Les jeunes femmes
1276 837 2334 908 élégantes pourraient remplacer la mousseline par le
1277 889 2334 959 tulle uni ou à pois, et la garniture brodée par de la
1277 928 2334 1008 dentelle. Pour les personnes en deuil, ce modèle,
1280 992 2329 1050 exécuté en tulle noir, est fort convenable. Et l’entre¬
1277 1045 2334 1110 deux! qu'en ferons-nous? Rassure-toi, il trouvera son
1280 1094 2329 1168 emploi, car je ne saurais trop le répéter, j’ai décou¬
1284 1147 2336 1216 vert, pour nos lingeries, une vraie merveille; aussi,
1269 1190 2330 1276 les modèles les plus séduisants vont-ils t’apparaître
1272 1260 2322 1329 tour à tour, sans que pour cela la fécondité de ma¬
1280 1301 1804 1367 dame Gillard (1) s’épuise.
1317 1357 2190 1424 24, ÉCUSSON POUR MOUCHOIR SOMPLE; plumetis.
1320 1414 2095 1481 25, L., H, plumetis et œillets ou pois,
1310 1459 2334 1530 26, ÉCUSSON POUR MOUCHOIR DU MATIN. Les anneaux,
1273 1508 2261 1576 au feston feuille de rose, et le reste au plumetis.
1314 1565 2329 1642 27, A., V., H., enlacées; plumetis et points sablés.
1318 1607 1736 1680 28, T., B., plumetis,
1318 1668 2053 1729 29, Désiré, plumetis et points sablés.
1320 1717 2329 1794 30 et 31, COL ETMANCHETTE, plumetis. Ce genre de
1272 1776 2326 1838 col, dit parisien, doit se monter sur une brisure,
1273 1832 2333 1878 ayant un centimètre et demi par derrière, et un par
1267 1879 2332 1938 devant ; autour, une petite valencienne en dessous du
1277 1930 2330 1991 feston; de même à la manchette; cette dernière se
1273 1987 2320 2044 monte sur poignet. A propos, il faut que je te fasse
1268 2030 2322 2097 part d'une petiteinnovation : Il y a quelques mois,
1271 2086 2324 2156 nous montions nos manches de manière à ce que
1272 2135 2308 2206 l’ouverture se trouvât à l’intérieur du bras; mainte¬
1272 2192 2322 2247 nant, ce n’est plus cela, et, pour suivre les caprices de
1271 2240 2317 2304 la mode, voici comment tu dois monter tes manches :
1271 2298 2320 2355 préalablement, tu coupes un bouillon de moussseline,
1273 2349 2329 2402 dans les grandeurs que nous connaissons; puis tu
1267 2387 2328 2463 fronces la couture sur une petite ganse de vingt
1273 2444 2322 2515 centimètres; cette partie du bouillon se place le long
1277 2499 2317 2553 de la saignée; dans le haut est un large poignet pro¬
1277 2550 2320 2610 portionné à la grosseur du bras. Ceci terminé, tu
1273 2606 2317 2671 couds ton poignet, auquel tu as adopté la manchette,
1271 2655 2317 2716 en plaçant l'ouverture sur le dessus du bras, ouver¬
1269 2707 2318 2773 ture qui, ayant été gansée ou finement ourlée, sera
1264 2753 2314 2824 bordée par une petite dentelle d’un centimètre de
1268 2813 2322 2886 hauteur. Les manches en étoffe épaisse se mcontent de
1265 2857 1639 2924 la même manière.
1313 2907 1997 2980 32, A., C., enlacées, plumetis fin.
1309 2968 2076 3038 33, Clara, plumetis et æillets ou pois.
1305 3005 1703 3080 34, Olga, plumetis.
1309 3076 1779 3150 35, Césarine, plumetis.
1305 3126 1720 3194 36, J., F, plumetis.
1306 3176 1729 3241 37, E., D., plumetis.
1312 3223 1728 3296 38, A., D., plumetis.
1305 3278 1733 3343 39, G., G., plumetis.
1306 3333 1731 3391 40, A., C., plumetis.
1306 3361 1914 3439 41, M., C., enlacées, plumetis.
1300 3422 1973 3492 42, J., F., A., enlacées, plumetis.
1309 3481 2300 3541 43 à 46, DESSIN POUR UNE CAMISOLE; col, manchette,
1260 3526 2308 3584 devant et entre-deux, à broder au plumetis avec un
1261 3573 2305 3649 feston feuille de rose au bord ; le col et la manchette,
1259 3619 2301 3708 pris isolément, peuvent encore se broder sur mousse¬
1293 3784 1729 3859 (1) Rue de Provence, 5.
