2897 4318
1216 190 1340 292 377
864 479 1676 755 Correspondance
1121 923 1397 1034 BRODERIES.
160 999 2334 1153 PLANCHE XII — 1, Mouchoir — 2 et 3, Passe et rond d’un bonnet de baptème — 4, Entre-deux — 5 à 7, Couronnes—
238 1091 2350 1186 8, Bas de jupon — 9, Écusson avec les lettres E. P. — 10, Janc — 11, Mary — 12 et 13, Col et manchette — 14, Écus¬
219 1132 2347 1243 son — 15 et 16, Couronnes — 17, Anne — 18, Couronne — 19, Francs — 20, H. G. — 21 et 22, Couronnaes — 23 et
230 1199 2320 1297 24, Col et manchette — 25, Sophie — 26, 27 et 28, Chiffre, écusson et mouchoir — 29, Couronne — 30, A. L.
236 1251 2247 1365 31, Couronne — 32, Louise — 33 et 34, Couronnes — 35, Dessin allant avec celui du numéro 8— 36, Couronna.
1132 1351 1362 1476 PATRONS
260 1470 2337 1573 37, 38, 39, Manteau caban pour petit garçon de trois à cinq ans — 40, Croquis du caban — 41 à 43, Patron d’une
222 1535 2337 1633 manche de robes — 44, Croquis de cette manche — 45 à 47, Patron d’un bonnet de nuit — 48, Croqiuis de ce bonnet
276 1606 2339 1681 — 49, Patron d’une ceinture de jupon — 50, C. M.— 51, C, C’ C“ — 52, C' 0. — 53, E. O. — 54, Dessin de soutache
233 1654 2334 1738 pour bourrelets de fenêtres — 55, Vide-poches — 56, Ecran de lumières — 57, Croquis d’une manche de robes et
233 1706 1901 1795 d’une sous-manche blanche — 58, Croquis d’ une cravate — 59 à 65, Modèles de jours variés.
292 1749 1199 1844 La petite édition finit au numéro 9 inclusivement.
184 1968 1202 2058 Dernièrement, chère Florence, j’ai été vivement
138 2014 1197 2104 impressionnée par une cérémonie à laquelle j’ai as¬
149 2093 1197 2152 sisté : c’était une prise de voile de trois sœurs hos¬
146 2142 1186 2207 pitalières, dans la petite église de Saint-Julien-le¬
143 2196 1023 2263 Pauvre, qui sert de chapelle à l’Hôtel-Dieu.
179 2231 1199 2309 Lorsque j’ai vu le grand voile noir étendu sur la
141 2291 1197 2366 tête de ces trois jeunes femmes, les larmes ont jailli
141 2347 1189 2412 de mes yeux; et cependant, s’il était possible de se
135 2393 1191 2472 dépouiller de tout sentiment mondain, ce serait d’une
130 2437 1191 2526 ineffable douceur que, vis-à-vis d’un tel spectacle,
138 2499 1194 2564 l'âme se sentirait pénétrée! En effet, quoi de plus
138 2548 1186 2624 touchant que la vue de ces saintes créatures, embra¬
135 2610 1180 2680 sées à ce point de l’amour de Dieu et du prochain
135 2653 1186 2721 qu’elles se dévouent au service des misères les plus
125 2708 1180 2775 humbles et, parfois, les plus repoussantes? Il me
127 2748 1183 2832 semble qu'on ne les saurait trop exalter, et vraiment,
133 2805 1180 2873 quelles que soient les diatrices qu’on ait écrites contre
127 2856 1180 2924 l’humanité, il faut que cette pauvre humanité vaille
127 2913 1183 3000 encore mieux qu’on ne dit pour que les hôpitaux ne
130 2959 1056 3024 manquent jamais de ces sublimes desservantes.
168 3008 1180 3078 Il en est de même des mission sointaines. A quoi
125 3065 1170 3124 ne sont pas exposés les hommes généreux qui s’y
119 3111 1178 3184 sont dévoués? Cependant, chaque année voit de
127 3162 1175 3238 jeunes missionnaires s’élancer, avec enthousiasme,
122 3222 1175 3298 sur les traces de leurs devanciers, ces traces dussent¬
130 3263 1088 3328 elles les conduire aux persécutions et à la mort!
168 3319 1180 3382 Mais, grâce à Dieu, telle n'est pas toujours la fin de
122 3360 1175 3430 leurs peines; et, à ce propos, on raconte le trait suivant:
127 3417 1172 3490 Un missionnaire parcourait seul les espaces qui sépa¬
119 3460 1172 3533 rent les Etats-Unis de la Californie ; le silence était pro¬
122 3514 1167 3585 fond, les arbres de la forêt sombres autant que majes¬
125 3568 1167 3650 tueux, la solitude paraissait absolue. Sans y songer
122 3623 1170 3717 presque, les sentiments d'admiration et d'adoration dont
1278 1966 2326 2077 le voyageur était pénétré éclatent subitement en une
1275 2052 2318 2125 hymne d’une telle douceur, que les Indiens, qui écou¬
1278 2109 2323 2182 taient ses pas et le suivaient pour l’assaillir peut-être,
1275 2158 2320 2239 l’entourèrent bientôt, lui prenant les mains, poussant
1273 2209 2320 2277 de petits cris de satisfaction, gambadant autour de
1267 2258 2312 2334 lui, lui offrant le calumet de paix, et lui ouvrant la
1270 2307 2307 2377 hutte de l’hospitalité. La mort attendait, probable¬
1273 2374 2315 2431 ment, le saint missionnaire, à quelque détour de sen¬
1273 2421 2312 2480 tier; sa voix s’élève pour chanter Hosanna ! et de
1270 2475 2307 2532 nouveaux chrétiens sont gagnés à l’Èglise! Puisse
1270 2518 2309 2596 Dieu réserver le même bonheur à tous les apôtres de
1262 2569 1400 2648 la foi!
1310 2610 2309 2680 Un privilége de notre causerie, c’est de ne point
1264 2670 2304 2762 courir à la recherche de la transition, n’est-il pas
1270 2726 1692 2783 vrai, chère Florence?
1297 2762 2301 2835 Sans transition donc, je passe du touchant au drô¬
1256 2821 2299 2892 latique, à savoir, à la fondation d’un Club pour la
1270 2878 2296 2935 propagation de l'esprit français; Club où un très-bon
1259 2930 2293 2986 mot vous classera dans une certaine catégorie, où un
1251 2986 2296 3038 mot de médiore valeur vous rejettera un échelon
1256 3030 2296 3092 plus bas, et où, enfin, tant que vous n’aurez rien émis
1259 3081 2285 3160 de notable, vous resterez perdu dans la foule des as¬
1254 3124 1416 3198 pirants.
1297 3143 2296 3238 J’ai dit notable avec intention, attendu que, dans
1251 3227 2282 3287 les réunions de ce fameux Club, il y aura un poin¬
1251 3287 2291 3352 teur qui notera tout ce qui se dira de spirituel autour
1251 3328 1384 3398 de lui
1297 3365 2282 3449 Dans ces séances, un membre de la première cate¬
1254 3439 2280 3501 gorie pourra descendre à la seconde, comme un as¬
1256 3490 2293 3585 pirant monter à la première, selon, non leurs faits,
1251 3531 1587 3590 mais leurs dires.
1305 3566 2285 3658 Ce sera très-aisé d’avoir de l’esprit dans ces con¬
1248 3631 2296 3731 ditions-là! et ce sera là de l'esprit de bon aloi,
