2897 4318
1157 228 1383 331 339
509 421 2048 593 SOUVENIRS D'UNE INSTITUTRICE
960 627 1572 752 HISTOIRE D'UNE AME.
1048 771 1480 868 Troisième article (1).
717 991 1090 1065 Loches. Juillet 18...
212 1046 1216 1142 Trop tard! je suis venue trop tard ! elle ne m’a pas
157 1138 1213 1205 attendue pour mourir!... Mon cœur me devançait à
161 1190 1213 1266 cette maison où je pensais que ma mère allait revivre
159 1239 1213 1302 sous mes baisers; je voyais, en esprit, la chambre de
157 1295 1214 1354 malade, calme et voilée; je sentais une vague odeur
163 1344 1213 1404 d’éther, je voyais, au fond de l’alcôve blanche, ma
157 1396 1216 1455 mère, pâle, souffrante, mais renaissant à ma vue et
157 1444 1211 1519 me tendant les bras... Je devinais ses étreintes, les
161 1496 1207 1566 premières paroles de sa voix affaiblie, les premiers
159 1553 1213 1618 regards de ses yeux obscurcis... Je m’étais fait de
157 1589 1213 1673 tout cela un mirage, où je me voyais, luttant avec la
157 1650 1209 1708 mort et l’emportant sur elle... J'arrive... La maison
159 1693 1207 1775 était fermée, toutes les fenêtres closes, même celles
149 1738 1205 1832 de la chambre de ma mère... Je sonne d’une main
151 1790 1207 1865 hésitante... la vieille servante vient ouvrir; en me
157 1853 1211 1935 voyant, elle se trouble et elle porte à ses yeux rougis
149 1895 1213 1987 son tablier noir, signe de deuil, aussitôt inondé de
151 1956 1213 2023 ses larmes... C'était assez... j'avais compris. Je m'assis
157 2008 1199 2090 sur l’escalier, je n’osais ni monter ni avancer, et je
147 2066 1199 2125 restai là, abîmée dans une muette désulation, jus¬
153 2119 1199 2178 qu’à ce que Léonide vînt me chercher. J’appris peu
143 2169 1201 2245 à peu, goutte à goutle, ce qu’il me fallait savoir. Ma
153 2218 1199 2282 pauvre mère était morte le jour même où l’on m’avait
153 2268 1199 2352 écrit; une crise soudaine l’avait enlevée, mort subite,
151 2326 1213 2389 mais non pas imprévue, car toute sa vie, humble et
147 2368 1191 2459 sainte, avait eté réglée en vue de cette heure der¬
143 2433 1191 2507 nière. Elle avait souvent parlé de moi à ma sœur, et
149 2465 1193 2547 l'avait chargée de me donner sa bénédiction, et, jus¬
145 2523 1190 2618 qu’à l’instant où sa voix s’éteignit, cette tendre mère
142 2578 679 2647 avait prié pour ses enfants.
186 2607 1201 2704 Voilà ce que l’on m’a dit... Elle n’est plus! c’ est la
147 2670 1201 2758 seule pensée qui se dresse, claire et triste, au fond de
143 2725 1190 2817 mon esprit... Ma mère n’est plus! elles sont placées,
136 2769 1201 2867 ces mains qui serraient les miennes, ils sont éteints
136 2830 1184 2920 ces yeux qui lisaient dans mes yeux, et ce cœur,
136 2890 1190 2974 toujours si tendre, si ouvert, ce cœur maternel ne bat
151 2940 1190 3024 plus pour moi... O mon Dieu! que ferai-je désormais?
136 2993 1190 3070 comment vivrai-je sans elle? n’était-elle pas mon but,
142 3039 1191 3117 mon espérance? aurai-je le triste courage d’être là
136 3081 1191 3198 où elle n’est plus?... Pauvre mère, pourquoi ne m’a¬
142 3129 612 3232 vez-vous pas emmenée?
629 3230 1082 3339 Loches. Septembre 18...
178 3263 1186 3389 Le temps passe, pesant, monotone comme ces lour¬
140 3355 1188 3446 des pluies qui tombent en automne, et il semble pos¬
136 3402 1186 3498 séder l’affreux secret d’engourdir peu à peu la dou¬
136 3448 1191 3548 leur. Six semaines se sont écoulées depuis que ma
136 3508 1184 3615 mère a quitté, pour jamais, notre maison; six semai¬
176 3622 918 3743 (1) Voir les numéros d’Août et d‘Octobre.
1300 991 2362 1092 nes, un siècle, marqué d'abord par l'angoisse et les
1297 1054 2366 1144 larmes, puis par l'ennui sourd, le terne accablement
1300 1104 2364 1191 où l'on ne se sent même plus l'énergie nécessaire pour
1295 1153 2358 1239 souffrir. Maintenant, je sais que je ne mourrai pas de
1297 1216 2352 1300 ce premier malheur, ce serait trop beau, je dois vivre,
1295 1266 2358 1344 et vivre avec un découragement profond dans le
1289 1325 2350 1402 cœur. Hélas! à quoi bon? pourquoi retourner à Paris?
1297 1377 2362 1444 pourquoi travailler? pour qui, devrais-je dire! Tout
1293 1429 2345 1505 cela était doux, facile lorsqu’elle vivait, mais main¬
1289 1475 2354 1563 tenant! A la seule idée de me retrouver parmi ces
1297 1517 2362 1597 jeunes filles, si joyeuses et si confiantes, car elles
1289 1587 2356 1672 ont leur mère, elles, je tombe dans un chagrin qui
1293 1631 2278 1698 rend cet avenir impossible. Que faire cependant?
1790 1733 2234 1847 Loches. Septembre 18...
1327 1838 2350 1918 La nuit dernière, après avoir longtemps prié pour
1289 1893 2345 1979 ma bonne mère, au pied de ce crucifix où elle a tant
1293 1941 2345 2020 prié elle-même, je me suis couchée, mais je n’ai pu
1285 1995 2339 2071 dormir, et ma pensée agitée se traduisait, presque à
1289 2060 2343 2132 mon insu, en strophes cadencées. Une pièce de vers
1278 2096 2341 2180 s'est improvisée ainsi, sans que je le susse moi-même
1285 2148 2333 2238 et sans que je fusse fatiguée de ce travail involontaire.
1278 2207 2345 2285 Je pensais à ma mère, et, sans effort, sans contrainte,
1283 2262 2339 2333 je parlais à cette ombre chérie la langue mélodieuse
1283 2320 2341 2385 des vers. Alors, une idée a surgi dans mon esprit et
1274 2364 2335 2440 ne m’a plus laissé de repos; ce qui était autrefois une
1283 2408 2339 2486 perspective éloignée est devenu un avenir présent :
1291 2467 2339 2538 j'abandonnerai l’instruction, et je tenterai la fortune
1283 2519 2335 2584 des lettres : j'essaierai de gagner ma vie, et peut-être
1283 2570 2329 2643 de conquérir un nom, par mes écrits... je n’ai plus
1279 2622 2328 2700 rien qui m’attache à la vie, mais le travail, l’étude,
1274 2668 2328 2739 la gloire possible, pourront m’aider à la supporter.
1276 2718 2324 2788 Je mourrais d’ailleurs, je le sens, dans cette existence
1281 2779 2328 2852 que je n’avais acceptée que pour ma mère, et j'use,
1272 2823 2329 2896 en la quittant, de la liberté douloureuse que sa mort
1268 2867 2197 2951 m’a donnée. Oui, je suis décidée, je partirai...
1788 2976 2176 3089 Loches. Octobre 18...
1308 3068 2320 3136 J’ai revu et classé mes papiers, et vraiment je suis
1268 3133 2303 3188 étonnée de mes richesses. J'ai un volume entier d'é
1268 3179 2312 3246 légies, deux nouvelles, une empruntée au moyen âge,
1268 3226 2312 3295 Julienne Du Guesclin, et une autre, Aurélie, dont la
1262 3297 2318 3347 scène se passe de nos jours. J'ai commencé aussi une
1270 3337 2306 3400 œuvre plus considérable : Joséphine ou les deux édu¬
1264 3387 2314 3446 cations; si je réussis à Paris, c’est-à-dire si je trouve
1260 3442 2303 3508 un éditeur pour mon cher volume de poésie, j’achè¬
1270 3492 2308 3552 verai mon livre sur l’éducation, et peut-être parvien¬
1268 3538 2308 3609 drai-je à le vendre. J'ai écrit aujourd'hui à la direc¬
1268 3597 2312 3657 trice de la pension, pour lui annoncer que je ne
1268 3655 2316 3714 rentrerais plus chez elle et lui faire mes adieux; ce
1264 3691 1970 3785 soir, je dirai mes projets à Léonide.
