2822 3966
1562 68 1642 156 14
516 141 1550 247 toire. On devine qu’il s’agissait du déguisement du
516 211 903 284 comte de Chatillon.
566 251 1534 328 Tout au charme de son rôle de conteur, Landr
521 306 1552 395 n’avait pas remarqué un auditeur muet, tapi dans le
527 379 1537 434 coin le plus obscur de la taverne, et qui s’esquiva ina
527 424 1553 488 perçu à travers l’avalanche des rires et des quolibets
517 485 1552 565 dont le récit du peintre avait ouvert les larges
523 528 678 594 écluses.
565 556 1546 635 Par malheur cet auditeur invisible et si prestement
527 625 1544 690 disparu était un enragé bourguignon, qui courut de
524 671 1552 747 toute la vitesse de ses longues jambes raconter à un
517 721 1534 805 sergent de la prévôté, de ses amis, ce qu’il avait en¬
524 784 1544 842 tendu. Le sergent reporta le fait à son lieutenant, le
517 829 1532 890 lieutenant au grand prévôt lui-même, et celui-ci dé
521 882 1537 938 livra sur l’heure l‘ordre de se saisir de maître Lan¬
521 936 1542 993 dry, qui, pour l’exemple, devait être jugé la nuit
517 985 1505 1042 même, et pendu haut et court le lendemain matin.
553 1023 1534 1088 Le prévôt, dans sa sagesse, avait pensé que, vu l’af-
505 1084 1525 1142 fluence qu’amènerait le spectacle de la danse maca-
512 1133 1540 1216 bre, la haute moralité de la comédie aurait à gagner
515 1184 1462 1240 encore à la pendaison de l’enlumineur facétieux.
562 1217 1537 1292 « Trop parler nuit, » dit un proverbe plus vieux que
512 1286 1545 1345 notre histoire : le pauvre Landry était un nouveau et
512 1343 1540 1406 trop frappant exemple de la justesse de cette maxime.
512 1387 1534 1450 Tandis qu’il savourait complaisamment, avec une
512 1436 1538 1504 pintée nouvelle, les enivrantes satisfactions de son
505 1495 1538 1549 double rôle de héros et de narrateur d’un égayant
505 1548 1538 1605 récit, des archers de la prévôté se présentaient dans
505 1594 1540 1666 la taverne, lui entouraient les poignets d’un triple
500 1654 1534 1712 rang de lacets un peu plus solides que ceux qui se
508 1702 1537 1784 vendaient dans la boutique de sa fille, et l’emmenaient
503 1753 1285 1818 ainsi garrotté à l’hôtel du grand prévôt.
541 1789 1534 1873 Dès que Blanche fut avertie du triste événement, la
503 1851 1532 1918 digne enfant n’eut plus qu’une pensée, qu‘un vœu, se
493 1915 1534 1969 réunir à son père ; aussi avait-elle tout quitté pour
500 1969 1534 2025 courir à l’hôtel du grand prévôt où elle était arrivée
500 2016 1060 2080 en même temps que Landry.
541 2064 1541 2122 Le pauvre peintre avait une mine assez piteuse, les
500 2101 1534 2170 mains liées, et assis sur un escabeau entre deux ar¬
500 2160 1301 2223 chers dans la grande salle de la prévôté.
545 2196 1529 2285 Blanche, à son entrée, s’élança à son cou, décidée à
503 2247 1524 2332 partager son sort, et ni les exhortations, ni les me
500 2324 1534 2383 naces, ni la violence même ne purent parvenir à l’é¬
501 2374 1538 2448 loigner : et, quand on conduisit le père pardevant le
499 2423 1534 2520 grand prévôt, la fille était assise à ses côtés comme un
497 2467 976 2544 brave soldat à son poste.
546 2503 1537 2605 Ce fut le salut de Landry. Monseigneur le grand
505 2580 1540 2649 prevôt était fort dur par tempérament, de plus, — ce
499 2642 1537 2698 qui, grâce à Dieu, ne se voit plus chez les fonctionnaires
499 2676 1534 2765 de notre temps, — disposé à tout faire pour flatter le
501 2729 1537 2804 pouvoir nouveau; Landry en reçut donc un accueil
499 2802 1540 2874 qui sentait le chanvre d’une effrayante façon, selon
496 2834 1532 2931 l’heureuse et pittoresque expression d’un archer mau¬
501 2885 761 2956 vais plaisant.
540 2935 1537 3032 Cependant tout grand prévôt qu’il fût, il lui restait
505 3007 1533 3076 encore un peu, — mais pas beaucoup, du cœur qu’il
499 3044 1529 3134 avait eu autrefois avant d’exercer ses terribles fonc-
500 3089 1534 3156 tions: la douleur de Blanche, ses larmes, s es élo¬
499 3145 1534 3227 quentes supplications finirent par l’émouvoir. S’inspi-
499 3194 1541 3280 rant de son dévouement filial, elle avait eu l’adresse
501 3249 1529 3339 d’invoquer la vive tendresse que le magistrat ressen¬
499 3296 1532 3379 tait pour sa fille, depuis qu’elle n’avait plus de mère.
497 3342 1542 3451 il ne voulut pas repousser une prière qui lui était
499 3401 1540 3504 faite au nom de sa Bathilde, bien-aimée, et accorda à
500 3447 1028 3538 Blanche la vie de son père.
534 3499 1501 3625 Mais, cependant, comme un pareil méfait, surtout
1641 139 2671 249 cause du scandaleux éclat que lui avaient donné ses
1629 225 2663 282 imprudentes vanteries, ne pouvait rester impuni, Lan
1635 280 2670 349 dry fut condamné à une heure de pilori qu’il avait à
1635 343 2675 397 subir le lendemain au lieu ordinaire, au dernier coup
1641 386 2675 448 d’Angelus de midi, précisément à l’issue du spectacle
1629 435 2671 496 de la danse macabre, si mieux n’aimait se racheter de
1635 488 2663 540 cette peine en payant une amende de deux écus d’ar-
1635 542 2671 611 gent. Toutefois, et pour garantie, Landry devait rester
1629 589 2503 662 en prison jusqu’au payement des deux écus.
1671 617 2675 702 En soi la condamnation était plus dure qu’elle ne le
1629 687 2671 747 semblait tout d’abord, car il n’y avait pas au logis de
1629 740 2675 809 Landry le premier sou parisis pour commencer la
1631 804 2666 849 somme des deux écus qu’il fallait verser avant le len-
1631 840 2671 903 demain midi; mais, en pensant à la fatale issue qu’au¬
1629 890 2676 960 rait pu avoir cette terrible entrevue avec le grand
1631 946 2671 1011 prévôt, ils durent encore le remercier et bénir le ciel:
1629 996 2659 1057 ainsi donc, le père fut conduit à la prison du Châ
1630 1054 2671 1126 telet, tandis que Blanche allait de son côté aviser aux
1629 1106 2472 1178 moyens de trouver les deux écus sauveurs.
2121 1219 2180 1281 IV
1627 1318 2668 1390 LA JUSTICE DU PEUPLE ET CELLE DU GRAND PRÉVOT.
1664 1424 2664 1507 En quittant son père, Blanche courut tout d’une ha¬
1623 1492 2671 1556 leine chez le curé de l’église des Innocents, sa paroisse.
1627 1554 2667 1615 Le digne prêtre connaissait sa famille, c’était lui qui
1623 1601 2676 1670 avait baptisé Blanche; c’était lui encore qui avait aidé
1617 1650 2680 1723 sa pauvre mère à mourir en bonne chrétienne, et,
1618 1725 2674 1775 en maintes circonstances, il lui avait témoigné un
1623 1756 2680 1836 bienveillant intérêt. Elle lui raconta tout ce qui s’était
1623 1816 2671 1875 passé depuis la veille, l’asile donné au comte de
1623 1869 2656 1922 Châtillon, l’arrestation de son père et sa condamna
1623 1914 2656 1983 tion à la peine infamante du pilori, faute du verse¬
1617 1967 2663 2046 ment de deux écus, dont ils ne possédaient pas le pre¬
1619 2020 1871 2082 mier denier.
1664 2062 2675 2133 Le respectable curé écouta le récit de Blanche avec
1629 2131 2678 2191 une visible sollicitude; il eût bien voulu pouvoir lui
1629 2179 2671 2236 venir en aide dans cette circonstance. Mais, hélas! les
1626 2235 2668 2292 temps étaient calamiteux, son quartier était peuplé d’in-
1623 2285 2680 2357 digents ; on sortait d’une horrible famine qui l’avait
1619 2330 2679 2401 forcé, pour procurer du pain aux pauvres, de vendre
1623 2389 2651 2462 jusqu’aux ornements de son église, car depuis long
1623 2442 2680 2504 temps il ne lui restait plus rien à lui de ses hardes, ni
1622 2493 2663 2550 de son mobilier, et il avait lassé la charité de ses pa-
1617 2548 2680 2609 roissiens aisés, — y avait-il quelqu’un d’aisé à cette
1626 2588 2672 2651 époque, — en fouillant trop souvent à leur escarcelle.
1625 2651 2680 2727 Il ne put donc promettre à Blanche que l’aide de ses
1623 2707 2671 2771 prières, lui conseillant toujours d’espérer en Dieu qui
1623 2761 2667 2820 ne permettrait peut-être pas qu’une aussi triste ré-
1625 2813 2674 2878 compense lui échût, en retour de l’acte d’humanité et
1623 2863 2682 2948 de chrétienne compassion qu’elle avait accompli avec
1623 2907 1802 2973 son père.
1666 2932 2667 3024 Tandis que le bon curé cherchait à calmer la dou-
1623 2999 2680 3088 leur de Blanche, un grand coup frappé par le heurtoir
1623 3073 2687 3145 de la porte, sur la rue, vint interrompre leur entretien
1623 3117 2351 3195 en annonçant l’arrivée d’un visiteur.
1663 3170 2678 3244 C’était un nouvel affligé qui, à son tour, venait
1623 3217 2670 3306 confier au curé son cruel embarras et lui demander
1622 3285 2680 3357 aide et secours. Sa figure pâle, son air bouleversé, sa
1623 3339 2680 3395 brusque entrée, à une heure déjà avancée, dans la
1629 3391 2682 3460 pieuse retraite, disaient assez qu’un impérieux motif
1617 3434 2227 3499 l’avait forcé à cette démarche.
1664 3477 2678 3562 Ce visiteur, ancien marchand de draps retiré, avait
1617 3546 2666 3627 nom Gagin, et se trouvait être cette année-là l’orga¬
