2959 4075
1672 96 1786 188 230
602 159 1680 260 que grand nombre de nos lectrices nous sauront bon
602 214 1166 304 gré de leur faire connaître.
643 277 1684 349 Dans la fertile vallée de Bray, l'honneur de la
602 331 1676 409 basse Normandie, se trouvait une belle ferme exploi¬
606 375 1676 464 tée par la famille Raymond. Deux filles grandissaient
602 438 1673 507 là au milieu des travaux et des plaisirs champêtres.
599 482 1673 555 L’aînée, Susanne, docile, laborieuse, ne souhaitait
606 547 1676 603 pas d’autre vie que la vie de sa mère, pas d‘autre
602 602 1677 654 bonheur que l'union de la famille et l'aisance résul¬
602 654 1676 710 tant du travail. Sa sœur, Florence, jolie, délicate, un
606 705 1675 772 peu gâtée, se dégoûta, en grandissant, de ce qu'elle
610 758 1676 815 voyait autour d'elle. Le paisible bonheur de son en¬
595 819 1669 886 fance lui parut peu de chose; elle rêva un brillant
591 872 1669 938 mariage, et Dieu, qui voulait l’éclairer et l‘éprouver,
595 925 1675 995 permit que ses vœux fussent exaucés. Florence quitta
592 967 1673 1047 son village, la belle vallée, la ferme opulente, les
588 1012 1673 1100 bons parents qui l'avaient follement aimée; elle sui¬
600 1077 1672 1154 vit à Paris un mari qui lui promettait un avenir
585 1107 1672 1206 doré, et pendant plusieurs années, elle vécut dans
588 1187 1673 1260 un tourbillon d’affaires, de plaisirs, de fêtes, où ses
582 1240 1672 1311 meilleurs sentiments s'altérèrent et où elle connut ce
588 1276 1662 1368 tourment profond d'une âme qui court après le bon¬
589 1337 1668 1425 heur et qui n'étreint que le vide. Mais le moment du
588 1400 1668 1466 réveil sonna : Florence se trouva veuve et pauvre,
602 1451 1666 1528 seule et sans amis dans Paris, et n'osant retourner à
589 1493 1665 1569 la ferme, auprès de cette famille qu'elle avait négli¬
595 1561 1666 1628 gée au temps de l'opulence. Le malheur ne lui épar¬
592 1618 1665 1688 gna pas ses sévères leçons, et elle eut la sagesse d’en
599 1665 1665 1734 profiter : humble, résignée, elle revint vers la maison
593 1716 1669 1779 paternelle, et après de nouvelles épreuves, elle reprit
588 1775 1675 1849 sa place au foyer domestique; les fonctions qu'elle
585 1823 1662 1885 avait dédaignées autrefois devinrent sa joie, et, con¬
584 1871 1665 1938 sacrée à son père et à ses enfants, elle expia, par le
588 1918 1666 2003 travail, par sa fidélité à d’austères devoirs, les illumions
588 1980 1664 2055 et les fautes de sa jeunesse, l’ambition qui l‘avait dé¬
585 2021 1664 2114 classée, et l’ingratitude envers des parents bons et
588 2070 789 2144 généreux.
632 2135 1657 2209 Ce sujet est bien simple, mais mademoiselle Gou¬
584 2190 1664 2265 raud a su y répandre toutes les grâces d'un style élé¬
589 2242 1664 2324 gant et naturel; les situation sont bien amenées, et
582 2287 1662 2371 l’observation des moeurs et des caractères donne à ce
577 2334 1664 2416 livre un intérêt soutenu. Nous en extrairons quel¬
585 2399 1664 2485 ques passages, comme on choisit une fleur pour faire
576 2447 1113 2521 juger de toute la corbeille.
624 2514 1662 2581 « Certains détails de notre vie révèlent ce que
570 2551 1665 2640 nous sommes : la chambre d'une jeune fille, comme
571 2603 1659 2699 la maison d'une femme mariée, aideront beaucoup à
577 2675 1651 2741 pénétrer le caractère de l'une et de l’autre. Le plaisir
588 2721 1658 2796 qu'elles prennent à embellir leur intérieur, le soin
581 2776 1650 2863 qu'elles ont de certains objets à leur usage habituel,
565 2833 1654 2922 sont presque la garantie de l'ordre et de la suite de
570 2868 812 2955 leurs idées.
613 2945 1648 3030 » La jeune personne porte à sa chambre le même
560 2978 1389 3061 intérêt que la femme porte à sa maison.
609 3048 1654 3127 » Chez nos mères, chaque meuble a une place
554 3087 1647 3180 marquée; les choses étaient ainsi avant notre nais¬
554 3164 1643 3231 sance et doivent rester; jeunes filles, nous passons
552 3194 1646 3297 dans ces appartements plutôt que nous n’y vivons;
555 3256 1642 3331 tout l'intérêt et le goût se concentrent dans la cham¬
547 3316 1638 3389 bre ; c’est là qu’on éprouve un avant-goût de maî¬
555 3363 1642 3443 tresse de maison. L'autorité maternelle s'arrête avec
559 3425 1638 3517 complaisance devant cette porte; les parents et les
551 3477 1644 3573 amis se font un plaisir de contribuer à l'embellisse¬
558 3522 1640 3629 ment de ce petit réduit; les fleurs se renouvellent,
552 3565 1642 3684 des présents utiles rappellent, par l'usage qu'on en
540 3624 1644 3759 fait chaque jour, le souvenir de ceux qui ont pensé à
1767 176 2849 272 nous. C'est dans sa chambre que la jeune fille ré¬
1767 250 2856 317 pand, sans témoin, ses premières larmes : ne pouvant
1765 304 2852 371 plus contenir sa douleur, elle quitte le lit de son
1771 353 2848 435 père malade, entre dans sa chambre, en ferme la
1765 407 2844 485 porte, et répand son cœur désolé devant l'usage de
1758 453 2845 544 Celui qui a voulu être triste comme ses disciples de¬
1765 511 2844 592 vaient l’être pendant leur vie. C’est encore dans cette
1757 559 2841 639 chambre que matin et soir, lorsque tout est rentré
1756 607 2838 694 dans le repos, une surprise se prépare pour une amie.
1752 666 2840 753 Enfin, la jeune fille a une réserve de pensées pour sa
1761 718 2717 793 chambre, le secret lui en semble mieux gardé.
1800 772 2848 861 » La femme qui aime le recueillement et le travail
1760 826 2842 916 se plaît dans sa maison; elle s’y fait des habitudes,
1753 883 2833 962 maintient partout l’harmonie, véritable expression de
1758 938 2834 1014 ses pensées et de ses goûts; en entrant, vous distin¬
1758 988 2837 1067 guerez la place qu’elle occupe, sans qu‘il soit besoin
1760 1048 2835 1120 de l'indiquer; dans son absence, cette place est en¬
1752 1100 2838 1169 core animée, tout étranger discret la respecte. La
1753 1150 2840 1231 femme, au contraire, qui est entraînée au dehors
1757 1206 2845 1275 par la légèreté de son esprit, n'éprouve aucun besoin
1756 1264 2842 1331 de ces habitudes d'intérieur, elle n'y découvre point
1749 1315 2841 1396 de charmes, elle n’aime pas sa maison, et ne saurait
1746 1368 2640 1433 y vivre seule dans le silence et la réflexion.
1790 1425 2837 1493 » Femmes chrétiennes, c’est dans sa chambre que
1746 1470 2835 1541 l’ange gardien trouva Marie occupée à la prière, et
1746 1530 2835 1600 non pas dans le tumulte du monde. Quand on veut
1746 1589 2837 1664 apprendre les secrets du ciel, il faut s'éloigner des
1747 1628 1964 1694 hommes. »
1797 1683 2830 1761 Nous citerons encore ce portrait d’une vieille fille,
1758 1734 2834 1809 (nous avons un faible pour les vieilles filles, souvent
1747 1794 2830 1867 si utiles, si respectables et si méconnues). Mademoi¬
1749 1846 2579 1907 selle Françoise parle d’elle-même et dit :
1793 1897 2824 1974 « Il ne faut pas que mon isolement vous effraie,
1743 1958 2840 2018 ma chère Florence. N'ayant pas de famille, j'en ai
1747 2014 2820 2083 adopté une, et si vous saviez la joie qu’elle me donne,
1747 2066 2830 2127 vous en seriez jalouse. Cette nombreuse famille se
1743 2122 2823 2197 compose de petits enfants qui n’ont plus de mères,
1746 2166 2819 2232 de vieillards abandonnés, de femmes malades, aux¬
1749 2217 2818 2291 quels je porte quelques consolations.... Il n’y a
1741 2279 2824 2344 qu’une fille qui puisse disposer ainsi de son temps.
1742 2322 2827 2403 Lorsqu’il s’agit d’aumônes, je trouve très-commode
1741 2370 2822 2451 de n’avoir que mon cœur et ma bourse à consulter.
1742 2423 2823 2511 Maintenant, vous pouvez vous expliquer mon ab¬
1736 2488 2818 2557 sence de chaque jour; malgré cette grande liberté
1742 2540 2820 2617 d'agir, ma vie est réglée et exempte de tout ennui. Je
1743 2588 2811 2662 suis toujours pressée et en retard. On trouve très¬
1742 2646 2812 2716 bon, dans ma petite société, d’avoir une vieille fille,
1750 2695 2818 2767 (il faut bien dire le mot) qu’on peut déranger chaque
1735 2748 2816 2820 fois que sa présence est utile : c’est un enfant malade
1743 2800 2815 2889 qu’il faut veiller, des commissions pour des amis de
1746 2864 2818 2933 province, des démarches à faire; outre cela, on a
1742 2923 2819 2984 grand soin de mettre en réserve quelque ouvrage
1730 2965 2819 3035 difficile ou ennuyeux pour charmer mes soirées d'hi¬
1734 3029 2815 3096 ver; viennent ensuite les burses et les pantoufles
1732 3083 2812 3142 du jour de l'an, les bonnets de baptême, les layettes
1734 3128 2808 3199 commencées trop tard qu’il faut achever en toute
1728 3176 2808 3260 hâte... tout cela fait mon bonheur. Vous voyez, Flu¬
1735 3242 2807 3301 rence, qu’il n’y a pas une condition de vie qui ne
1725 3286 2805 3352 nous offre une tâche à remplir et des consolations.
1727 3341 2808 3403 Pour mon compte, je ne me crois pas inutile, je me
1730 3410 2801 3466 veux pas l’être. Au lieu d’ être dévouée à quelques-uns,
1730 3454 2800 3518 je le suis à tous, et je puis vous assurer que mes
1716 3518 2802 3580 amies n’ont pas songé à se plaindre du sort que la
1724 3562 2802 3653 Providence m'a fait. Qui sait? peut-être l'ont-elles en¬
1725 3609 2217 3691 vié plus d'une fois!.. »
1778 3635 2798 3756 Qui n’a connu une vieille fille digne de servir de
