2822 3966
1550 123 1641 210 24
1306 358 1894 484 LES TISONS
1016 570 1904 659 Puisque des vents du Nord la cohorte incivile,
1097 651 1686 698 Sortant de ses froides prisons,
1020 683 1895 751 Vient encore infester la campagne et la ville,
1008 741 1995 804 Cherchons en nos foyers, contre eux, un sûr asile,
1099 796 1599 879 Et revenons à nos tisons.
1016 899 1988 966 Chers tisons, on a tort de vous quitter sans peine,
1008 971 1805 1028 Aux premières lueurs de la belle saison :
1013 1005 1838 1068 Un rayon de soleil échappé dans la plaine
1017 1060 1833 1125 Fait à tous vos clients déserter la maison,
1017 1109 1981 1174 Chacun vous abandonne, on sort, on se promène,
1106 1172 1658 1232 On foule l’herbe et le gazon;
1013 1227 2061 1279 Ce n’est que le froid seul qui vers vous nous ramène,
1105 1268 1599 1340 Ce devrait être la raison.
1099 1369 1683 1447 Je reconnais que rien n’égale
1102 1450 1646 1496 Le vif éclat de ces couleurs
1102 1492 1771 1552 Que sur l’émail brillant des fleurs
1106 1548 1773 1601 Un printemps naissant nous étale.
1013 1589 1824 1645 L’âme s’épanouit au tendre et doux effort
1013 1639 2017 1711 Que, pour rendre aux forêts leur première verdure,
1102 1694 1744 1752 Fait à chaque instant la nature :
1012 1748 1993 1808 Tout germe par ses soins, tout repousse, tont sort.
1011 1793 1935 1857 Mais, il faut l’avouer, ce riche éclat m’alarme;
1020 1850 1812 1912 Il enivre nos sens, il flatte notre orgueil,
1097 1902 1779 1960 Et comme j’en connais le charme,
1099 1954 1723 2029 J’en connais aussi tout l’écueil.
1013 2064 1956 2129 Bientôt l’esprit s’éveille et l‘homme se dissipe...
1121 2121 1603 2184 Adieu, sages réflexions !
1058 2175 1733 2248 Le cœur s’échappe et s‘émancipe,
1127 2224 1646 2288 Entrainé par ses passions ;
1102 2276 1621 2341 Il suit, esclave volontaire,
1106 2336 1818 2383 Un penchant longtemps combattu...
1111 2387 1716 2442 Tisons, que vous aurez à faire,
1109 2435 1764 2520 Pour rendre l’homme à la vertu!
1111 2540 1776 2625 Travaillez-y, c’est votre ouvrage ;
1013 2618 1836 2674 Employez ces moyens insinuants et doux
1023 2670 1893 2741 Que, selon les sujets, les esprits et les goûts,
1025 2729 2078 2792 Quand et comme il vous plaît, vous mettez en usage.
1114 2773 1789 2834 Que j’entends bien votre langage !
1111 2832 1716 2897 Que j’y remarque de douceur !
1021 2886 1952 2940 Et que vous savez bien vous ouvrir un passage
1109 2932 1804 2995 Jusque dans le fond de mon cœur!
1023 2981 1934 3048 Par d’utiles leçons que j’écoute et que j'aime,
1114 3027 1740 3088 Vous me ramenez à moi-même.
1029 3078 1858 3159 On badine avec vous, et, tout en badinant,
1109 3130 1633 3200 La vérité se fait entendre ;
1024 3183 2019 3260 Vous blâmez ma conduite, et, loin de la défendre,
1102 3240 1668 3308 Je la condamne incontinent.
1021 3301 1993 3361 Que quelqu’autre censeur eût osé me reprendre,
1023 3349 1947 3403 Pour m’excuser, peut-être aurais-je fait effort ;
1020 3399 2084 3488 Mais sans peine, avec vous, je conviens que j’ai tort.
1675 3479 1904 3552 DUCERCEAU.
1698 3544 1923 3622 (xviiie siècle.)
