2897 4318
1206 234 1351 316 343
168 287 1206 379 vite, avec hispiration, en levant les yeux vers la croi¬
163 371 1211 434 sée où la jeune fille et son oiseau chantaient toujours.
159 426 1215 488 La nuit de novembre, qui vient vite, interrompit son
166 479 1218 575 travail, mais, jusqu'à une heure avancée de la soirée,
1303 314 2359 418 sa lampe veilla et me tint compagnie... Je me sentais
1293 372 1591 476 moins seule...
1662 423 2251 522 (La suite au prochain numéro).
1569 487 2291 594 MADulme BOURboN (MATHILDE FROMENT).
839 792 1669 938 POÉSIE.
731 931 1402 1031 La fleur que vous avez vu naître,
732 1001 1318 1077 Et qui va bientôt disparaître,
738 1055 1395 1128 C’est la beauté qu’on vante tant;
736 1103 1361 1185 L'une brille quelques journées.
735 1162 1331 1227 L'autre dure quelques années,
739 1214 1318 1306 Et diminue à chaque instant.
727 1301 1364 1379 L'esprit dure un peu davantage,
732 1365 1232 1439 Mais à la fin il s’affaiblit,
727 1418 1312 1487 Et s’il se forme d’âge en âge,
727 1466 1319 1560 Il brille moins, plus il veillit.
719 1546 1314 1646 La vertu, seul bien véritable,
727 1624 1304 1687 Nous suit au delà du trépas;
727 1671 1328 1738 Mais ce bien solide et durable,
721 1720 1312 1817 Hélas! on ne le cherche pas!
1215 1773 1550 1852 Mne de SCUDÉRI.
803 1966 1682 2146 LE PROGRÈS MUSIAL.
736 2163 1761 2272 EDUCATION MUSICALE.
172 2325 1161 2416 DE L’ÉTABLISSEMENT DE L‘OPÈRA ITALIEN A LONDRES.
538 2558 801 2631 HAENDEL.
193 2663 1199 2746 L’établissement de l’Opéra italien, à Londres, eut
145 2742 1190 2794 une influence très-favorable sur le goût musical de la
145 2793 1185 2847 nation anglaise. On présume que l’idée première de
141 2847 1186 2906 cet établissement fut conçue chez la duchesse de
142 2885 1193 2969 Mazarin, dont la maison était le rendez-vous général
142 2939 1194 3013 des fashionables du temps de Charles II. La musique
143 3010 1189 3065 constituait la partie principale des amusements de la
134 3048 1187 3111 jeunesse de cette époque. Plusieurs Italiens arrivèrent
142 3102 1190 3165 en Angleterre, sous le règne de Charles II et sous celui
153 3153 1186 3230 de Guillaume III; en 1692 on y vit pour la première
146 3195 1182 3284 fois une fameuse cantatrice italienne. Dix ans après,
150 3256 1190 3345 on engagea des chanteurs venus de Rome, et, en
147 3310 1173 3387 1703, on commença à représenter des divertisse-
151 3368 1187 3436 ments, appelés Intermezzi, qui consistaient en cbants
150 3414 1186 3489 et en danses. En 1707, trois acteurs Italiens, Urbini,
142 3468 1190 3541 sopiano, Margaretta et une autre cantatrice nommée
141 3504 1187 3586 la Baronnessa, vinrent à Londres et furent engagés
151 3568 1187 3639 pour chanter en italien, pendant que les autres ac¬
151 3620 1185 3694 teurs parlaient en anglais. Trois années plus tard, un
153 3668 1186 3770 opéra entier chanté par des artiste italiens, fut exé¬
1277 2296 2329 2354 cuté à Londres pour la premiere fois. Cet opéra, inti¬
1286 2343 2322 2410 tulé Almahide, fut représenté quatorze fois de suite;
1282 2405 2329 2459 puis on ne joua plus que deux fois par semaine, usage
1282 2452 2329 2505 qui a subsisté longtemps après; Aaron Hill était alors
1282 2497 2329 2556 le directeur de l'Opéra. Les représentations avaient
1281 2551 2322 2617 lieu sur le théâtre d'Hay-Market, à l'arrivée de Haen¬
1279 2609 2321 2669 del en Angleterre; il composa la musique de Rinaldo,
1278 2655 2320 2723 opéra tiré de la Jérusalem du Tasse. Cet ouvrage ob¬
1277 2706 2314 2765 un grand succès; il était chanté par Urbini, Nico¬
1276 2752 2317 2827 lini, Boschi et Cassini, et mesdames Isabella Girar¬
1270 2805 2033 2871 deau et Élizabetha Pilotti Schiavonetti.
1316 2861 2326 2927 L’arrivée de Haendel en Angleterre imprima à la
1277 2914 2316 2985 musique un mouvement de progrès dont cet art s’est
1270 2965 2322 3031 toujours ressenti depuis. Ce fut ce grand musicien qui
1270 3024 2310 3078 fit connaître aux Anglais la véritable musique drama¬
1270 3071 2310 3113 tique et qui leur en donna le goût. Les premiers opé¬
1274 3126 2320 3174 ras de sa composition qu'il fit entendre à Londres
1274 3172 2314 3232 depuis 1710 jusqu’en 1717, furent Rinaldo, qui est
1264 3211 2313 3276 considéré comme un de ses meilleurs ouvrages, Il
1274 3268 2320 3336 Pastor fido, Arminius, Thésée et Amadis. Quel qu'en
1265 3323 2309 3382 fût le mérite et quoique ils eussent été bien chantés,
1270 3373 2317 3439 ils ne produisirent pas d’abord tout l’effet qu’on devait
1274 3423 2320 3487 en attendre, parce que l'éducation musicale de la
1265 3485 2310 3529 haute société était nulle alors, et parce que le public
1270 3528 2321 3581 de Londres était inhabile à sentir les beautés de cette
1265 3585 2317 3644 musique. De là vient qu'à la clôture de la saison
1268 3623 2312 3681 de 1717, il fallut fermer le théâtre où l'entrepre¬
1265 3681 2317 3766 neur éprouvait des pertes considérables. Ce ne fut
