<?xml version="1.0" encoding="UTF-8" standalone="yes"?><PcGts xmlns="http://schema.primaresearch.org/PAGE/gts/pagecontent/2013-07-15"><Metadata><Creator>prov=READ-COOP:name=TrHtr:version=2.44.0:model_id=51170:date=15_06_2026_19:41</Creator><Created>2026-05-21T18:03:45.879032</Created><LastChange>2026-06-20T13:25:23.003+02:00</LastChange><TranskribusMetadata docId="14756063" pageId="115166863" pageNr="300" userId="187713" imgUrl="https://files.transkribus.eu/Get?fileType=view&amp;id=IKPWVWAEFBFFHQMJVWAXQQUG" imageId="97254376"/></Metadata><Page imageFilename="20144531_300.jpg" imageWidth="2946" imageHeight="4158"><TextRegion id="tr_1779379462" custom="readingOrder {index:0;} structure {type:page-number;score:0.99;}"><Coords points="1605,113 1738,113 1738,188 1605,188"/><TextLine id="tr_1779379462_tl_1" custom="readingOrder {index:0;}"><Coords points="1608,168 1617,168 1633,182 1660,193 1669,190 1680,201 1694,200 1712,185 1741,186 1743,143 1733,142 1705,121 1683,126 1675,122 1668,128 1637,119 1610,122"/><Baseline points="1617,167 1656,167 1701,167 1746,164"/><TextEquiv><Unicode>276</Unicode></TextEquiv></TextLine><TextEquiv><Unicode></Unicode></TextEquiv></TextRegion><TextRegion id="tr_1779379461" custom="readingOrder {index:1;} structure {type:paragraph;score:0.99;}"><Coords points="476,181 1645,206 1594,3778 458,3779"/><TextLine id="tr_1779379461_tl_1" custom="readingOrder {index:0;}"><Coords points="568,265 1619,271 1611,197 568,206"/><Baseline points="576,247 620,247 665,247 710,247 755,247 799,247 844,247 889,247 934,247 979,250 1023,250 1068,250 1113,250 1158,250 1202,253 1247,253 1292,253 1337,253 1382,253 1426,253 1471,253 1516,253 1561,250 1605,250 1623,250"/><TextEquiv><Unicode>CERTRUDE, bas. Non! Il nous servirait s’il y avait</Unicode></TextEquiv></TextLine><TextLine id="tr_1779379461_tl_2" custom="readingOrder {index:1;}"><Coords points="521,317 1623,318 1623,274 1544,267 521,254"/><Baseline points="528,301 573,301 617,304 662,304 707,301 752,301 796,301 841,301 886,301 931,295 976,301 1020,304 1065,307 1110,307 1155,307 1199,310 1244,310 1289,310 1334,310 1379,310 1423,310 1468,307 1513,307 1558,307 1602,307 1626,307"/><TextEquiv><Unicode>lieu, au contraire; je le lis dans son air un peu</Unicode></TextEquiv></TextLine><TextLine id="tr_1779379461_tl_3" custom="readingOrder {index:2;}"><Coords points="521,374 543,368 587,382 625,382 665,365 689,372 689,336 660,331 642,312 630,321 601,317 586,326 549,322 531,336 521,335"/><Baseline points="528,358 573,355 617,355 662,358 692,358"/><TextEquiv><Unicode>simple.</Unicode></TextEquiv></TextLine><TextLine id="tr_1779379461_tl_4" custom="readingOrder {index:3;}"><Coords points="565,417 1614,431 1614,381 1517,369 565,376"/><Baseline points="573,411 617,411 662,411 707,411 752,411 796,411 841,414 886,414 931,414 976,417 1020,417 1065,420 1110,420 1155,417 1199,417 1244,417 1289,417 1334,414 1379,414 1423,414 1468,411 1513,411 1558,408 1602,408 1617,411"/><TextEquiv><Unicode>LE GRAND-Duc, à lui-méme. Il me semble qu’il se joue,</Unicode></TextEquiv></TextLine><TextLine id="tr_1779379461_tl_5" custom="readingOrder {index:4;}"><Coords points="526,483 1619,485 1585,415 526,442"/><Baseline points="534,465 549,462 594,465 638,465 683,465 728,465 773,465 817,468 862,468 907,471 952,471 996,471 1041,471 1086,471 1131,471 1176,471 1220,471 1265,468 1310,468 1355,465 1399,462 1444,462 1489,459 1534,459 1579,456 1623,459"/><TextEquiv><Unicode>céans, une comédie dont je voudrais bien connaître le</Unicode></TextEquiv></TextLine><TextLine id="tr_1779379461_tl_6" custom="readingOrder {index:5;}"><Coords points="521,532 572,539 580,531 596,537 605,533 611,537 630,535 630,481 604,485 600,482 576,490 568,486 562,492 557,489 542,494 521,493"/><Baseline points="528,519 573,516 617,519 632,519"/><TextEquiv><Unicode>mot!</Unicode></TextEquiv></TextLine><TextLine id="tr_1779379461_tl_7" custom="readingOrder {index:6;}"><Coords points="568,590 1593,601 1614,532 569,546"/><Baseline points="576,570 588,573 632,576 677,576 722,576 767,579 811,582 856,582 901,582 946,582 990,579 1035,576 1080,576 1125,573 1170,573 1214,573 1259,567 1304,567 1349,567 1393,564 1438,564 1483,564 1528,567 1573,567 1617,567"/><TextEquiv><Unicode>CERTRUDE, bas, à Hermann. Allons donc, Hermann,</Unicode></TextEquiv></TextLine><TextLine id="tr_1779379461_tl_8" custom="readingOrder {index:7;}"><Coords points="529,651 632,639 714,658 751,646 769,660 792,644 822,660 933,649 933,594 882,611 868,597 803,611 717,590 687,605 643,590 611,604 529,597"/><Baseline points="537,629 582,626 626,629 671,629 716,632 761,635 805,635 850,635 895,635 937,632"/><TextEquiv><Unicode>que de cérémonies !</Unicode></TextEquiv></TextLine><TextLine id="tr_1779379461_tl_9" custom="readingOrder {index:8;}"><Coords points="569,699 671,714 994,689 1099,701 1100,658 1064,640 935,643 899,662 786,647 757,664 571,643"/><Baseline points="579,683 611,686 656,689 701,689 746,689 791,689 835,686 880,686 925,683 970,683 1014,680 1059,680 1104,677"/><TextEquiv><Unicode>HERMANN, de même. Mais!...</Unicode></TextEquiv></TextLine><TextLine id="tr_1779379461_tl_10" custom="readingOrder {index:9;}"><Coords points="571,754 1561,750 1611,737 1612,690 572,705"/><Baseline points="579,740 585,740 629,740 674,743 719,740 764,740 808,737 853,737 898,734 943,731 988,731 1032,731 1077,728 1122,725 1167,728 1211,728 1256,728 1301,725 1346,728 1390,728 1435,728 1480,728 1525,731 1570,731 1614,725"/><TextEquiv><Unicode>GERTRUDE, de même. Il n'y a point de mais qui tien¬</Unicode></TextEquiv></TextLine><TextLine id="tr_1779379461_tl_11" custom="readingOrder {index:10;}"><Coords points="521,800 1611,811 1583,746 521,758"/><Baseline points="528,793 540,793 585,793 629,793 674,793 719,791 764,788 808,788 853,785 898,785 943,782 988,782 1032,782 1077,782 1122,782 1167,782 1211,782 1256,782 1301,782 1346,782 1390,782 1435,782 1480,785 1525,785 1570,785 1614,782"/><TextEquiv><Unicode>nent; on dit que le plus grand bonheur des riches</Unicode></TextEquiv></TextLine><TextLine id="tr_1779379461_tl_12" custom="readingOrder {index:11;}"><Coords points="532,867 1537,862 1537,804 532,818"/><Baseline points="540,844 555,841 599,844 644,841 689,841 734,838 779,838 823,838 868,835 913,835 958,835 1002,835 1047,835 1092,835 1137,838 1182,838 1226,838 1271,835 1316,838 1361,838 1405,835 1450,838 1495,838 1540,841"/><TextEquiv><Unicode>est de faire du bien ; ne voulez-vous pas en juger?</Unicode></TextEquiv></TextLine><TextLine id="tr_1779379461_tl_13" custom="readingOrder {index:12;}"><Coords points="560,917 1190,907 1190,864 1092,850 560,875"/><Baseline points="567,895 611,895 656,895 701,892 746,889 791,889 835,889 880,889 925,889 970,889 1014,889 1059,892 1104,892 1149,895 1193,892"/><TextEquiv><Unicode>HERMANN, de même. C'est que...</Unicode></TextEquiv></TextLine><TextLine id="tr_1779379461_tl_14" custom="readingOrder {index:13;}"><Coords points="562,955 1611,979 1600,908 562,914"/><Baseline points="570,946 614,946 659,943 704,943 749,943 793,940 838,940 883,943 928,943 973,946 1017,946 1062,946 1107,946 1152,949 1196,949 1241,952 1286,949 1331,943 1376,949 1420,946 1465,949 1510,949 1555,949 1599,949 1614,949"/><TextEquiv><Unicode>CERTRUDE, de même. Encore une fois, je vous affirme</Unicode></TextEquiv></TextLine><TextLine id="tr_1779379461_tl_15" custom="readingOrder {index:14;}"><Coords points="518,1039 605,1010 1261,1012 1261,968 1148,957 518,968"/><Baseline points="525,1002 570,999 614,996 659,996 704,996 749,996 793,996 838,996 883,996 928,999 973,999 1017,999 1062,999 1107,1002 1152,1002 1196,1002 1241,1002 1265,1002"/><TextEquiv><Unicode>qu'il n'en résultera rien de fâcheux.</Unicode></TextEquiv></TextLine><TextLine id="tr_1779379461_tl_16" custom="readingOrder {index:15;}"><Coords points="557,1061 1601,1074 1601,1012 557,1018"/><Baseline points="564,1050 608,1050 653,1050 698,1050 743,1050 788,1050 832,1053 877,1053 922,1053 967,1053 1011,1053 1056,1053 1101,1056 1146,1056 1190,1056 1235,1056 1280,1056 1325,1056 1370,1053 1414,1053 1459,1053 1504,1053 1549,1056 1593,1056 1605,1053"/><TextEquiv><Unicode>HERMANN, de même. J'en voudrais être convaincu!</Unicode></TextEquiv></TextLine><TextLine id="tr_1779379461_tl_17" custom="readingOrder {index:16;}"><Coords points="521,1130 1325,1128 1325,1072 1296,1067 521,1067"/><Baseline points="528,1104 573,1104 617,1104 662,1104 707,1104 752,1104 796,1104 841,1107 886,1107 931,1110 976,1107 1020,1110 1065,1107 1110,1107 1155,1110 1199,1110 1244,1110 1289,1110 1328,1107"/><TextEquiv><Unicode>(Haut.) Que savez-vous faire, mon ami?</Unicode></TextEquiv></TextLine><TextLine id="tr_1779379461_tl_18" custom="readingOrder {index:17;}"><Coords points="550,1173 1598,1178 1536,1123 550,1129"/><Baseline points="558,1155 602,1158 647,1161 692,1161 737,1161 782,1161 826,1164 871,1164 916,1164 961,1164 1005,1164 1050,1164 1095,1164 1140,1164 1185,1164 1229,1164 1274,1164 1319,1164 1364,1164 1408,1164 1453,1161 1498,1161 1543,1164 1587,1164 1602,1164"/><TextEquiv><Unicode>LE GRAND-Duc, plus que modeste. Mais, Excellence...</Unicode></TextEquiv></TextLine><TextLine id="tr_1779379461_tl_19" custom="readingOrder {index:18;}"><Coords points="557,1228 1279,1232 1269,1173 557,1183"/><Baseline points="564,1208 608,1211 653,1214 698,1214 743,1211 788,1214 832,1214 877,1214 922,1214 967,1217 1011,1217 1056,1214 1101,1217 1146,1214 1190,1211 1235,1214 1280,1214 1283,1214"/><TextEquiv><Unicode>HERMANN. savez-vous lire et écrire?</Unicode></TextEquiv></TextLine><TextLine id="tr_1779379461_tl_20" custom="readingOrder {index:19;}"><Coords points="550,1285 1601,1275 1583,1214 549,1225"/><Baseline points="558,1265 602,1262 647,1268 692,1268 737,1268 782,1268 826,1268 871,1268 916,1271 961,1271 1005,1271 1050,1271 1095,1274 1140,1271 1185,1271 1229,1271 1274,1274 1319,1274 1364,1271 1408,1274 1453,1271 1498,1271 1543,1268 1587,1268 1605,1265"/><TextEquiv><Unicode>LE GRAND-Duc. Oui, Excellence; oh! pas parfai¬</Unicode></TextEquiv></TextLine><TextLine id="tr_1779379461_tl_21" custom="readingOrder {index:20;}"><Coords points="508,1333 1598,1339 1571,1280 508,1275"/><Baseline points="516,1319 561,1319 605,1319 650,1322 695,1319 740,1322 785,1322 829,1322 874,1325 919,1325 964,1322 1008,1325 1053,1322 1098,1325 1143,1325 1188,1325 1232,1328 1277,1328 1322,1328 1367,1328 1411,1328 1456,1328 1501,1328 1546,1328 1590,1328 1602,1325"/><TextEquiv><Unicode>tement, pas comme Votre Excellence, sans aucun</Unicode></TextEquiv></TextLine><TextLine id="tr_1779379461_tl_22" custom="readingOrder {index:21;}"><Coords points="508,1400 540,1400 554,1387 576,1398 589,1386 608,1385 618,1393 635,1387 635,1344 607,1342 593,1335 564,1346 556,1340 546,1342 533,1330 524,1340 508,1343"/><Baseline points="516,1373 561,1373 605,1373 638,1376"/><TextEquiv><Unicode>doute.</Unicode></TextEquiv></TextLine><TextLine id="tr_1779379461_tl_23" custom="readingOrder {index:22;}"><Coords points="550,1443 1601,1457 1601,1400 1543,1373 1369,1389 1317,1353 1179,1401 550,1389"/><Baseline points="558,1426 602,1429 647,1429 692,1432 737,1429 782,1429 826,1429 871,1432 916,1432 961,1432 1005,1432 1050,1435 1095,1435 1140,1435 1185,1435 1229,1435 1274,1435 1319,1435 1364,1435 1408,1435 1453,1435 1498,1435 1543,1435 1587,1432 1605,1432"/><TextEquiv><Unicode>HERMANN. Voyons! (Il le mène à une table; le Grand¬</Unicode></TextEquiv></TextLine><TextLine id="tr_1779379461_tl_24" custom="readingOrder {index:23;}"><Coords points="508,1493 1598,1507 1598,1455 1521,1447 508,1448"/><Baseline points="516,1480 561,1480 605,1480 650,1480 695,1483 740,1483 785,1486 829,1486 874,1486 919,1486 964,1486 1008,1486 1053,1486 1098,1486 1143,1486 1188,1486 1232,1489 1277,1489 1322,1489 1367,1489 1411,1486 1456,1489 1501,1489 1546,1489 1590,1489 1602,1492"/><TextEquiv><Unicode>Duc écrit quelques lignes et les présente.) C'est bien</Unicode></TextEquiv></TextLine><TextLine id="tr_1779379461_tl_25" custom="readingOrder {index:24;}"><Coords points="521,1557 1596,1553 1565,1505 1410,1494 521,1504"/><Baseline points="528,1531 573,1537 617,1534 662,1537 707,1537 752,1537 796,1537 841,1540 886,1537 931,1540 976,1540 1020,1543 1065,1540 1110,1540 1155,1540 1199,1540 1244,1543 1289,1540 1334,1540 1379,1537 1423,1540 1468,1540 1513,1540 1558,1540 1599,1537"/><TextEquiv><Unicode>pattes de mouche; vous ne sauriez espérer vous pla¬</Unicode></TextEquiv></TextLine><TextLine id="tr_1779379461_tl_26" custom="readingOrder {index:25;}"><Coords points="510,1603 1598,1611 1597,1554 508,1562"/><Baseline points="516,1587 561,1584 605,1584 650,1587 695,1587 740,1587 785,1587 829,1590 874,1590 919,1590 964,1593 1008,1590 1053,1593 1098,1593 1143,1593 1188,1593 1232,1593 1277,1596 1322,1596 1367,1593 1411,1590 1456,1596 1501,1593 1546,1593 1590,1593 1602,1596"/><TextEquiv><Unicode>cer dans aucun bureau; le dernier de mes gens écrit</Unicode></TextEquiv></TextLine><TextLine id="tr_1779379461_tl_27" custom="readingOrder {index:26;}"><Coords points="511,1661 646,1650 678,1669 701,1655 712,1664 775,1651 847,1673 846,1611 593,1614 571,1601 510,1615"/><Baseline points="519,1635 564,1638 608,1641 653,1641 698,1641 743,1641 788,1644 832,1644 850,1644"/><TextEquiv><Unicode>mieux que vous.</Unicode></TextEquiv></TextLine><TextLine id="tr_1779379461_tl_28" custom="readingOrder {index:27;}"><Coords points="546,1707 893,1743 1404,1728 1578,1710 1589,1653 544,1668"/><Baseline points="552,1692 596,1695 641,1695 686,1695 731,1692 776,1695 820,1698 865,1698 910,1698 955,1698 999,1698 1044,1698 1089,1701 1134,1701 1179,1701 1223,1701 1268,1701 1313,1701 1358,1704 1402,1701 1447,1701 1492,1704 1537,1704 1582,1698 1593,1698"/><TextEquiv><Unicode>LE GRAND-Duc, à part et riant. Bénéfices de l’inco¬</Unicode></TextEquiv></TextLine><TextLine id="tr_1779379461_tl_29" custom="readingOrder {index:28;}"><Coords points="508,1764 528,1769 540,1779 562,1762 582,1757 590,1765 600,1758 614,1765 630,1758 643,1760 644,1711 599,1716 571,1705 554,1718 526,1708 510,1712"/><Baseline points="516,1752 558,1746 602,1746 647,1749"/><TextEquiv><Unicode>gnito!</Unicode></TextEquiv></TextLine><TextLine id="tr_1779379461_tl_30" custom="readingOrder {index:29;}"><Coords points="553,1808 1593,1823 1553,1765 1417,1748 553,1765"/><Baseline points="561,1799 605,1799 650,1799 695,1802 740,1799 785,1802 829,1799 874,1799 919,1802 964,1805 1008,1802 1053,1805 1098,1805 1143,1808 1188,1808 1232,1805 1277,1808 1322,1808 1367,1808 1411,1811 1456,1808 1501,1811 1546,1808 1590,1808 1596,1811"/><TextEquiv><Unicode>CERTRUDE. Vous êtes sévère, cher comte, le pauvre</Unicode></TextEquiv></TextLine><TextLine id="tr_1779379461_tl_31" custom="readingOrder {index:30;}"><Coords points="508,1861 1597,1886 1597,1837 749,1811 685,1843 507,1798"/><Baseline points="516,1850 561,1850 605,1850 650,1850 695,1853 740,1853 785,1853 829,1853 874,1850 919,1853 964,1856 1008,1859 1053,1859 1098,1859 1143,1859 1188,1859 1232,1862 1277,1859 1322,1862 1367,1862 1411,1862 1456,1862 1501,1862 1546,1865 1590,1865 1599,1868"/><TextEquiv><Unicode>homme en est resté tout interdit! Remettez-vous,</Unicode></TextEquiv></TextLine><TextLine id="tr_1779379461_tl_32" custom="readingOrder {index:31;}"><Coords points="504,1912 1075,1912 1198,1960 1301,1921 1593,1936 1592,1885 503,1864"/><Baseline points="510,1901 555,1904 599,1907 644,1907 689,1907 734,1904 779,1907 823,1907 868,1907 913,1910 958,1910 1002,1910 1047,1913 1092,1910 1137,1913 1182,1913 1226,1916 1271,1916 1316,1916 1361,1916 1405,1916 1450,1916 1495,1919 1540,1919 1584,1922 1596,1922"/><TextEquiv><Unicode>mon ami, et dites-nous ce que vous savez encore;</Unicode></TextEquiv></TextLine><TextLine id="tr_1779379461_tl_33" custom="readingOrder {index:32;}"><Coords points="503,1972 1058,1982 1058,1921 544,1935 503,1911"/><Baseline points="510,1958 555,1958 599,1958 644,1958 689,1955 734,1958 779,1958 823,1961 868,1961 913,1958 958,1961 1002,1964 1047,1964 1062,1964"/><TextEquiv><Unicode>connaissez-vous le service?</Unicode></TextEquiv></TextLine><TextLine id="tr_1779379461_tl_34" custom="readingOrder {index:33;}"><Coords points="544,2029 711,2033 732,2018 751,2033 829,2023 926,2044 1001,2028 989,1973 937,1993 883,1969 819,2000 707,1979 544,1982"/><Baseline points="552,2002 594,2011 638,2014 683,2014 728,2014 773,2014 817,2014 862,2017 907,2017 952,2017 996,2017 1005,2017"/><TextEquiv><Unicode>LE GRAND-Duc. Lequel?</Unicode></TextEquiv></TextLine><TextLine id="tr_1779379461_tl_35" custom="readingOrder {index:34;}"><Coords points="544,2073 768,2075 849,2121 1586,2104 1585,2041 1551,2036 544,2029"/><Baseline points="552,2062 596,2065 641,2065 686,2068 731,2068 776,2068 820,2068 865,2071 910,2071 955,2071 999,2074 1044,2074 1089,2074 1134,2077 1179,2077 1223,2074 1268,2077 1313,2077 1358,2080 1402,2080 1447,2080 1492,2080 1537,2080 1582,2083 1587,2086"/><TextEquiv><Unicode>CERTRUDE. Comment, lequel? Il n'en y a pas deux,</Unicode></TextEquiv></TextLine><TextLine id="tr_1779379461_tl_36" custom="readingOrder {index:35;}"><Coords points="507,2146 578,2130 603,2144 694,2135 717,2147 733,2135 780,2148 779,2087 685,2080 657,2093 624,2076 567,2085 540,2069 504,2073"/><Baseline points="513,2122 558,2119 602,2119 647,2122 692,2122 737,2125 782,2125"/><TextEquiv><Unicode>que je sache.</Unicode></TextEquiv></TextLine><TextLine id="tr_1779379461_tl_37" custom="readingOrder {index:36;}"><Coords points="539,2186 1525,2207 1586,2194 1586,2143 537,2135"/><Baseline points="546,2170 591,2170 635,2176 680,2176 725,2176 770,2178 814,2176 859,2178 904,2178 949,2178 993,2181 1038,2181 1083,2181 1128,2181 1173,2181 1217,2181 1262,2184 1307,2184 1352,2184 1396,2184 1441,2184 1486,2187 1531,2187 1576,2187 1590,2184"/><TextEquiv><Unicode>LISBETH, à part. Elle n'a cessé d'ex lx1x1miner le Grand¬</Unicode></TextEquiv></TextLine><TextLine id="tr_1779379461_tl_38" custom="readingOrder {index:37;}"><Coords points="503,2232 1557,2264 1580,2198 501,2182"/><Baseline points="510,2220 555,2226 599,2223 644,2226 689,2226 734,2226 779,2229 823,2229 868,2229 913,2232 958,2229 1002,2232 1047,2232 1092,2232 1137,2235 1182,2235 1226,2238 1271,2238 1316,2238 1361,2241 1405,2238 1450,2241 1495,2241 1540,2241 1584,2235"/><TextEquiv><Unicode>Duc. Cet inconnu-là est autre chose que ce qu’il s’ef¬</Unicode></TextEquiv></TextLine><TextLine id="tr_1779379461_tl_39" custom="readingOrder {index:38;}"><Coords points="497,2284 1247,2336 1583,2309 1582,2259 1393,2243 496,2232"/><Baseline points="504,2274 549,2277 594,2274 638,2274 683,2277 728,2280 773,2280 817,2280 862,2277 907,2283 952,2286 996,2286 1041,2283 1086,2286 1131,2289 1176,2289 1220,2289 1265,2292 1310,2292 1355,2292 1399,2292 1444,2292 1489,2292 1534,2295 1579,2295 1587,2295"/><TextEquiv><Unicode>force de paraître; j’hésite entre le grand seigneur et</Unicode></TextEquiv></TextLine><TextLine id="tr_1779379461_tl_40" custom="readingOrder {index:39;}"><Coords points="496,2343 546,2343 564,2358 605,2341 630,2354 660,2341 717,2350 737,2344 736,2296 657,2304 628,2303 608,2290 593,2298 518,2287 494,2293"/><Baseline points="504,2328 549,2328 594,2328 638,2328 683,2331 728,2334 740,2331"/><TextEquiv><Unicode>le brigand!</Unicode></TextEquiv></TextLine><TextLine id="tr_1779379461_tl_41" custom="readingOrder {index:40;}"><Coords points="539,2390 1587,2440 1575,2330 539,2364"/><Baseline points="546,2381 591,2384 635,2387 680,2384 725,2384 770,2387 814,2387 859,2387 904,2390 949,2390 993,2390 1038,2393 1083,2393 1128,2393 1173,2396 1217,2396 1262,2396 1307,2396 1352,2399 1396,2399 1441,2399 1486,2399 1531,2399 1576,2402 1590,2399"/><TextEquiv><Unicode>CERTRUDE, au Grand-Duc. En un mot, pourriez-vous</Unicode></TextEquiv></TextLine><TextLine id="tr_1779379461_tl_42" custom="readingOrder {index:41;}"><Coords points="500,2447 976,2465 974,2398 943,2415 774,2416 722,2398 499,2400"/><Baseline points="507,2432 552,2429 596,2435 641,2438 686,2438 731,2438 776,2438 820,2441 865,2441 910,2444 955,2441 979,2441"/><TextEquiv><Unicode>être valet de chambre?</Unicode></TextEquiv></TextLine><TextLine id="tr_1779379461_tl_43" custom="readingOrder {index:42;}"><Coords points="532,2496 1492,2547 1511,2447 531,2466"/><Baseline points="540,2489 585,2489 629,2492 674,2492 719,2492 764,2492 808,2495 853,2495 898,2498 943,2498 988,2501 1032,2501 1077,2501 1122,2501 1167,2501 1211,2504 1256,2504 1301,2507 1346,2507 1390,2507 1435,2507 1480,2510 1516,2507"/><TextEquiv><Unicode>LE GRAND-Duc. Je n’oserais l’affirmer, Excellence.</Unicode></TextEquiv></TextLine><TextLine id="tr_1779379461_tl_44" custom="readingOrder {index:43;}"><Coords points="532,2569 629,2554 661,2575 685,2554 743,2551 954,2571 944,2508 907,2522 811,2505 736,2505 705,2523 589,2504 532,2516"/><Baseline points="540,2543 585,2543 629,2546 674,2546 719,2546 764,2546 808,2546 853,2549 898,2549 943,2552 958,2549"/><TextEquiv><Unicode>CERTRUDE. Cuisinier?</Unicode></TextEquiv></TextLine><TextLine id="tr_1779379461_tl_45" custom="readingOrder {index:44;}"><Coords points="532,2612 1223,2637 1287,2619 1286,2575 1178,2537 1039,2579 531,2569"/><Baseline points="540,2596 585,2599 629,2599 674,2602 719,2599 764,2602 808,2602 853,2605 898,2605 943,2608 988,2608 1032,2608 1077,2608 1122,2611 1167,2611 1211,2611 1256,2611 1289,2608"/><TextEquiv><Unicode>LE GRAND-Duc. Hélas! pas davantage !</Unicode></TextEquiv></TextLine><TextLine id="tr_1779379461_tl_46" custom="readingOrder {index:45;}"><Coords points="539,2658 886,2705 1064,2675 1201,2712 1283,2680 1573,2707 1572,2621 1415,2596 1144,2653 539,2608"/><Baseline points="546,2650 591,2650 635,2653 680,2653 725,2656 770,2656 814,2656 859,2659 904,2662 949,2659 993,2662 1038,2662 1083,2662 1128,2662 1173,2665 1217,2668 1262,2668 1307,2668 1352,2668 1396,2671 1441,2671 1486,2671 1531,2671 1576,2668"/><TextEquiv><Unicode>CERTRUDE. Cocher, piqueur, garde-chasse, jardi¬</Unicode></TextEquiv></TextLine><TextLine id="tr_1779379461_tl_47" custom="readingOrder {index:46;}"><Coords points="490,2728 500,2728 512,2718 535,2711 547,2722 574,2719 604,2730 604,2664 589,2664 578,2673 567,2673 556,2662 535,2662 524,2672 490,2673"/><Baseline points="498,2701 543,2698 588,2698 608,2704"/><TextEquiv><Unicode>nier?</Unicode></TextEquiv></TextLine><TextLine id="tr_1779379461_tl_48" custom="readingOrder {index:47;}"><Coords points="532,2762 1412,2814 1572,2797 1572,2746 531,2725"/><Baseline points="540,2755 585,2755 629,2758 674,2758 719,2761 764,2761 808,2764 853,2767 898,2767 943,2770 988,2770 1032,2770 1077,2770 1122,2772 1167,2775 1211,2775 1256,2775 1301,2775 1346,2775 1390,2775 1435,2775 1480,2778 1525,2778 1570,2775 1576,2775"/><TextEquiv><Unicode>LE GRAND-Duc. Tout ceci plus volontiers que cuisi¬</Unicode></TextEquiv></TextLine><TextLine id="tr_1779379461_tl_49" custom="readingOrder {index:48;}"><Coords points="490,2829 1296,2841 1251,2789 1168,2780 818,2797 719,2766 489,2766"/><Baseline points="498,2805 543,2805 588,2808 632,2805 677,2808 722,2811 767,2814 811,2817 856,2820 901,2820 946,2823 990,2820 1035,2823 1080,2823 1125,2826 1170,2829 1214,2829 1259,2829 1298,2829"/><TextEquiv><Unicode>nier ou valet de chambre; cependant...</Unicode></TextEquiv></TextLine><TextLine id="tr_1779379461_tl_50" custom="readingOrder {index:49;}"><Coords points="533,2875 750,2865 799,2890 1000,2886 1086,2921 1214,2890 1201,2840 839,2844 758,2819 733,2844 531,2818"/><Baseline points="540,2859 585,2862 629,2862 674,2862 719,2865 764,2865 808,2868 853,2868 898,2868 943,2874 988,2877 1032,2877 1077,2877 1122,2877 1167,2883 1211,2880 1217,2883"/><TextEquiv><Unicode>CERTRUDE. Vous n'y excellez pas?</Unicode></TextEquiv></TextLine><TextLine id="tr_1779379461_tl_51" custom="readingOrder {index:50;}"><Coords points="531,2926 744,2939 824,2923 886,2946 1036,2937 1035,2900 1001,2887 939,2902 865,2879 722,2900 642,2872 600,2891 529,2879"/><Baseline points="537,2913 582,2916 626,2916 671,2916 716,2916 761,2916 805,2919 850,2919 895,2919 940,2925 985,2928 1029,2931 1038,2931"/><TextEquiv><Unicode>LE GRAND-Duc. C’est vrai.</Unicode></TextEquiv></TextLine><TextLine id="tr_1779379461_tl_52" custom="readingOrder {index:51;}"><Coords points="535,2983 1511,3027 1580,3004 1579,2968 533,2927"/><Baseline points="543,2970 588,2970 632,2972 677,2972 722,2972 767,2970 811,2972 856,2972 901,2975 946,2978 990,2978 1035,2981 1080,2981 1125,2984 1170,2984 1214,2987 1259,2984 1304,2987 1349,2987 1393,2990 1438,2990 1483,2990 1528,2993 1573,2993 1584,2996"/><TextEquiv><Unicode>CERTRUDE. N'importe ! J'ai confiance dans les gens</Unicode></TextEquiv></TextLine><TextLine id="tr_1779379461_tl_53" custom="readingOrder {index:52;}"><Coords points="479,3037 964,3040 1312,3094 1558,3083 1572,3027 997,2982 478,3001"/><Baseline points="486,3020 531,3023 576,3023 620,3020 665,3020 710,3023 755,3026 799,3026 844,3029 889,3029 934,3029 979,3029 1023,3032 1068,3032 1113,3035 1158,3038 1202,3038 1247,3041 1292,3041 1337,3044 1382,3044 1426,3044 1471,3044 1516,3047 1561,3047 1576,3044"/><TextEquiv><Unicode>modestes; si le Comte est de mon avis, nous vous ca¬</Unicode></TextEquiv></TextLine><TextLine id="tr_1779379461_tl_54" custom="readingOrder {index:53;}"><Coords points="478,3083 964,3102 962,3043 928,3055 882,3036 789,3057 733,3039 672,3055 476,3037"/><Baseline points="486,3077 531,3074 576,3080 620,3080 665,3080 710,3080 755,3080 799,3083 844,3083 889,3083 934,3086 967,3083"/><TextEquiv><Unicode>serons dans les jardins.</Unicode></TextEquiv></TextLine><TextLine id="tr_1779379461_tl_55" custom="readingOrder {index:54;}"><Coords points="529,3144 1493,3194 1517,3093 1051,3062 924,3116 528,3101"/><Baseline points="537,3131 582,3134 626,3134 671,3134 716,3137 761,3137 805,3137 850,3137 895,3140 940,3137 985,3140 1029,3140 1074,3140 1119,3140 1164,3143 1208,3143 1253,3143 1298,3146 1343,3146 1387,3149 1432,3149 1477,3152 1522,3152"/><TextEquiv><Unicode>HERMANN. Du moins, faudrait-il le voir à l'œuvre.</Unicode></TextEquiv></TextLine><TextLine id="tr_1779379461_tl_56" custom="readingOrder {index:55;}"><Coords points="529,3201 604,3198 644,3216 714,3201 830,3214 843,3209 843,3158 761,3151 726,3168 703,3154 678,3165 614,3150 601,3164 528,3144"/><Baseline points="537,3187 582,3187 626,3187 671,3190 716,3190 761,3190 805,3193 847,3196"/><TextEquiv><Unicode>CERTRUDE. Soit!</Unicode></TextEquiv></TextLine><TextLine id="tr_1779379461_tl_57" custom="readingOrder {index:56;}"><Coords points="521,3262 1317,3282 1315,3173 901,3222 521,3194"/><Baseline points="528,3241 573,3244 617,3244 662,3244 707,3244 752,3247 796,3250 841,3250 886,3247 931,3250 976,3250 1020,3250 1065,3250 1110,3250 1155,3253 1199,3253 1244,3253 1289,3253 1319,3250"/><TextEquiv><Unicode>HERMANN. Comment vous appelle-t-on?</Unicode></TextEquiv></TextLine><TextLine id="tr_1779379461_tl_58" custom="readingOrder {index:57;}"><Coords points="525,3315 754,3312 810,3334 874,3315 908,3344 955,3316 1030,3316 1029,3284 901,3282 876,3264 822,3262 797,3286 775,3272 708,3283 661,3259 524,3275"/><Baseline points="531,3292 576,3298 620,3301 665,3298 710,3301 755,3304 799,3304 844,3304 889,3304 934,3307 979,3307 1023,3310 1032,3307"/><TextEquiv><Unicode>LE GRAND DUG. Hermann.</Unicode></TextEquiv></TextLine><TextLine id="tr_1779379461_tl_59" custom="readingOrder {index:58;}"><Coords points="525,3357 579,3361 621,3383 674,3383 719,3361 771,3383 853,3368 851,3315 810,3334 743,3315 717,3334 675,3316 639,3326 597,3311 524,3323"/><Baseline points="531,3349 576,3352 620,3355 665,3355 710,3358 755,3358 799,3358 844,3358 856,3358"/><TextEquiv><Unicode>HERMANN. Hein?</Unicode></TextEquiv></TextLine><TextLine id="tr_1779379461_tl_60" custom="readingOrder {index:59;}"><Coords points="515,3419 1014,3437 1012,3393 876,3391 826,3366 707,3393 682,3375 512,3368"/><Baseline points="522,3402 567,3405 611,3408 656,3411 701,3411 746,3414 791,3414 835,3417 880,3417 925,3420 970,3420 1014,3417 1017,3417"/><TextEquiv><Unicode>LE GRAND-Duc. Hermann.</Unicode></TextEquiv></TextLine><TextLine id="tr_1779379461_tl_61" custom="readingOrder {index:60;}"><Coords points="521,3457 594,3490 930,3480 1067,3530 1515,3519 1564,3451 519,3418"/><Baseline points="528,3453 573,3456 617,3459 662,3462 707,3465 752,3468 796,3471 841,3471 886,3474 931,3474 976,3474 1020,3477 1065,3477 1110,3477 1155,3480 1199,3477 1244,3480 1289,3480 1334,3477 1379,3477 1423,3480 1468,3480 1513,3480 1558,3477 1567,3474"/><TextEquiv><Unicode>LISBETH, à part. On dirait qu'il y a mis de la ma¬</Unicode></TextEquiv></TextLine><TextLine id="tr_1779379461_tl_62" custom="readingOrder {index:61;}"><Coords points="478,3512 496,3515 508,3522 511,3519 517,3525 532,3514 540,3519 550,3515 558,3519 575,3515 572,3486 562,3486 529,3457 521,3454 507,3461 500,3459 494,3465 489,3462 482,3470 475,3470"/><Baseline points="486,3501 531,3504 576,3507"/><TextEquiv><Unicode>lice.</Unicode></TextEquiv></TextLine><TextLine id="tr_1779379461_tl_63" custom="readingOrder {index:62;}"><Coords points="526,3570 1569,3602 1568,3552 1140,3573 961,3529 901,3562 824,3523 525,3527"/><Baseline points="534,3555 579,3558 623,3561 668,3566 713,3569 758,3572 802,3578 847,3581 892,3581 937,3581 982,3584 1026,3587 1071,3587 1116,3587 1161,3590 1205,3590 1250,3587 1295,3590 1340,3590 1385,3590 1429,3590 1474,3587 1519,3587 1564,3587 1573,3587"/><TextEquiv><Unicode>HERMANN. Eh bien, Hermann, suivez-moi au ver-</Unicode></TextEquiv></TextLine><TextLine id="tr_1779379461_tl_64" custom="readingOrder {index:63;}"><Coords points="483,3627 1576,3672 1573,3598 1225,3626 481,3575"/><Baseline points="489,3611 534,3608 579,3611 623,3614 668,3617 713,3620 758,3626 802,3629 847,3632 892,3635 937,3638 982,3638 1026,3641 1071,3641 1116,3644 1161,3644 1205,3647 1250,3647 1295,3647 1340,3650 1385,3650 1429,3647 1474,3650 1519,3650 1564,3650 1579,3647"/><TextEquiv><Unicode>ger; pendant que nous déjeunerons, car, madame la</Unicode></TextEquiv></TextLine><TextLine id="tr_1779379461_tl_65" custom="readingOrder {index:64;}"><Coords points="482,3673 1055,3740 1567,3743 1544,3657 950,3672 481,3627"/><Baseline points="489,3662 534,3665 579,3665 623,3665 668,3665 713,3665 758,3674 802,3680 847,3683 892,3686 937,3692 982,3695 1026,3695 1071,3695 1116,3698 1161,3698 1205,3701 1250,3704 1295,3704 1340,3704 1385,3704 1429,3707 1474,3704 1519,3704 1564,3704 1567,3704"/><TextEquiv><Unicode>baronne, je vous ferai observer que mon estomac crie</Unicode></TextEquiv></TextLine><TextLine id="tr_1779379461_tl_66" custom="readingOrder {index:65;}"><Coords points="472,3737 506,3741 518,3729 574,3744 629,3729 646,3741 694,3736 693,3708 671,3708 643,3683 614,3679 604,3690 580,3677 561,3683 528,3672 471,3686"/><Baseline points="480,3719 525,3722 570,3719 614,3722 659,3725 698,3725"/><TextEquiv><Unicode>famine!...</Unicode></TextEquiv></TextLine><TextEquiv><Unicode></Unicode></TextEquiv></TextRegion><TextRegion id="tr_1779379463" custom="readingOrder {index:2;} structure {type:paragraph;score:0.99;}"><Coords points="1711,189 2864,185 2850,3825 1634,3825"/><TextLine id="tr_1779379463_tl_1" custom="readingOrder {index:0;}"><Coords points="1762,267 2728,267 2728,199 1762,211"/><Baseline points="1770,247 1814,250 1859,250 1904,250 1949,247 1993,247 2038,244 2083,244 2128,244 2173,244 2217,244 2262,244 2307,244 2352,244 2396,244 2441,247 2486,247 2531,247 2575,250 2620,250 2665,253 2710,256 2731,256"/><TextEquiv><Unicode>CERTRUDE. Tout est prêt et nous attend en bas.</Unicode></TextEquiv></TextLine><TextLine id="tr_1779379463_tl_2" custom="readingOrder {index:1;}"><Coords points="1757,317 2811,342 2811,275 2748,267 1757,261"/><Baseline points="1764,301 1808,304 1853,304 1898,304 1943,304 1987,301 2032,301 2077,298 2122,295 2167,295 2211,298 2256,298 2301,298 2346,298 2390,298 2435,301 2480,301 2525,301 2570,304 2614,304 2659,307 2704,310 2749,313 2793,319 2814,322"/><TextEquiv><Unicode>HERMANN. Bon ! — Pendant que nous déjeunerons,</Unicode></TextEquiv></TextLine><TextLine id="tr_1779379463_tl_3" custom="readingOrder {index:2;}"><Coords points="1705,369 2816,382 2815,340 2679,317 1705,306"/><Baseline points="1713,355 1758,352 1802,358 1847,358 1892,358 1937,355 1981,358 2026,355 2071,352 2116,352 2161,355 2205,352 2250,352 2295,355 2340,355 2384,355 2429,352 2474,358 2519,358 2564,358 2608,358 2653,361 2698,364 2743,367 2787,370 2817,370"/><TextEquiv><Unicode>Hermann, vous palissaderez des poiriers; si je suis</Unicode></TextEquiv></TextLine><TextLine id="tr_1779379463_tl_4" custom="readingOrder {index:3;}"><Coords points="1703,432 2808,437 2808,382 1703,371"/><Baseline points="1710,402 1755,405 1799,405 1844,408 1889,405 1934,408 1979,405 2023,405 2068,405 2113,405 2158,402 2202,405 2247,405 2292,408 2337,405 2381,408 2426,408 2471,411 2516,411 2561,411 2605,411 2650,414 2695,417 2740,417 2784,423 2811,423"/><TextEquiv><Unicode>content, vous pourrez vous regarder comme engagé.</Unicode></TextEquiv></TextLine><TextLine id="tr_1779379463_tl_5" custom="readingOrder {index:4;}"><Coords points="1744,487 2541,492 2530,429 1744,437"/><Baseline points="1752,462 1796,465 1841,468 1886,468 1931,468 1976,468 2020,465 2065,468 2110,468 2155,468 2199,468 2244,468 2289,468 2334,471 2378,471 2423,471 2468,471 2513,471 2543,471"/><TextEquiv><Unicode>LE GRAND-Duc, s'inclinant. Excellence !</Unicode></TextEquiv></TextLine><TextLine id="tr_1779379463_tl_6" custom="readingOrder {index:5;}"><Coords points="1744,531 2808,560 2808,510 2729,494 1744,501"/><Baseline points="1752,522 1796,525 1841,528 1886,528 1931,528 1976,528 2020,528 2065,528 2110,528 2155,531 2199,531 2244,534 2289,534 2334,531 2378,534 2423,534 2468,534 2513,537 2558,537 2602,537 2647,540 2692,540 2737,543 2781,546 2811,549"/><TextEquiv><Unicode>LISBETH, à elle-même. Il faut que j'en aie le cœur</Unicode></TextEquiv></TextLine><TextLine id="tr_1779379463_tl_7" custom="readingOrder {index:6;}"><Coords points="1703,590 2808,611 2807,567 2634,546 1703,535"/><Baseline points="1710,576 1755,579 1799,582 1844,582 1889,582 1934,582 1979,585 2023,585 2068,585 2113,588 2158,588 2202,588 2247,588 2292,591 2337,591 2381,591 2426,591 2471,594 2516,591 2561,594 2605,594 2650,594 2695,594 2740,596 2784,599 2811,602"/><TextEquiv><Unicode>net! (Elle s’approche du Grand-Duc, de manière à</Unicode></TextEquiv></TextLine><TextLine id="tr_1779379463_tl_8" custom="readingOrder {index:7;}"><Coords points="1698,658 2811,668 2779,607 1697,611"/><Baseline points="1704,635 1749,638 1793,638 1838,638 1883,638 1928,638 1973,641 2017,641 2062,641 2107,644 2152,644 2196,647 2241,644 2286,647 2331,647 2376,647 2420,647 2465,650 2510,650 2555,650 2599,650 2644,647 2689,650 2734,650 2778,650 2814,650"/><TextEquiv><Unicode>n’être entendue que de lui.) Monseigneur! (Le Grand¬</Unicode></TextEquiv></TextLine><TextLine id="tr_1779379463_tl_9" custom="readingOrder {index:8;}"><Coords points="1700,705 2804,722 2804,671 2758,662 1700,655"/><Baseline points="1707,692 1752,695 1796,695 1841,695 1886,695 1931,698 1976,698 2020,698 2065,698 2110,701 2155,701 2199,701 2244,704 2289,704 2334,704 2378,704 2423,704 2468,707 2513,707 2558,704 2602,707 2647,704 2692,704 2737,704 2781,707 2808,707"/><TextEquiv><Unicode>Duc, qui l'a devinée et suivie des yeux, ne sourcille</Unicode></TextEquiv></TextLine><TextLine id="tr_1779379463_tl_10" custom="readingOrder {index:9;}"><Coords points="1707,776 2675,765 2798,797 2808,730 1705,715"/><Baseline points="1713,749 1758,749 1802,752 1847,749 1892,749 1937,749 1981,752 2026,755 2071,755 2116,755 2161,758 2205,758 2250,758 2295,758 2340,758 2384,758 2429,761 2474,761 2519,761 2564,761 2608,761 2653,755 2698,758 2704,758 2719,758 2764,761 2808,764 2811,764"/><TextEquiv><Unicode>point. — A elle-même.) Il n'a pas bronché! — Une</Unicode></TextEquiv></TextLine><TextLine id="tr_1779379463_tl_11" custom="readingOrder {index:10;}"><Coords points="1700,830 2554,826 2554,769 1700,778"/><Baseline points="1707,805 1752,802 1796,802 1841,802 1886,802 1931,805 1976,805 2020,808 2065,808 2110,811 2155,808 2199,808 2244,811 2289,811 2334,811 2378,811 2423,811 2468,811 2513,811 2558,811"/><TextEquiv><Unicode>autre épreuve! (Haut.) Quel est ce bruit?</Unicode></TextEquiv></TextLine><TextLine id="tr_1779379463_tl_12" custom="readingOrder {index:11;}"><Coords points="1741,876 1778,890 1969,876 1985,892 2014,879 2104,892 2115,890 2115,832 1846,840 1822,826 1740,829"/><Baseline points="1749,862 1793,865 1838,865 1883,865 1928,865 1973,865 2017,868 2062,868 2107,868 2119,868"/><TextEquiv><Unicode>CERTRUDE. Où ça?</Unicode></TextEquiv></TextLine><TextLine id="tr_1779379463_tl_13" custom="readingOrder {index:12;}"><Coords points="1739,946 2058,930 2351,953 2351,890 2314,879 1739,896"/><Baseline points="1746,919 1790,922 1835,919 1880,919 1925,922 1970,922 2014,925 2059,925 2104,925 2149,925 2193,925 2238,925 2283,925 2328,925 2355,925"/><TextEquiv><Unicode>LISBETH. Sur la grande route.</Unicode></TextEquiv></TextLine><TextLine id="tr_1779379463_tl_14" custom="readingOrder {index:13;}"><Coords points="1744,983 2103,1001 2219,983 2333,1003 2333,953 2266,940 1744,942"/><Baseline points="1752,973 1796,976 1841,976 1886,976 1931,976 1976,976 2020,979 2065,976 2110,976 2155,979 2199,979 2244,976 2289,979 2334,979 2337,979"/><TextEquiv><Unicode>CERTRUDE. Je n’entends rien.</Unicode></TextEquiv></TextLine><TextLine id="tr_1779379463_tl_15" custom="readingOrder {index:14;}"><Coords points="1739,1040 2189,1058 2304,1043 2304,1003 2244,990 2130,1011 1976,986 1926,1012 1833,990 1739,1008"/><Baseline points="1746,1026 1790,1026 1835,1029 1880,1029 1925,1029 1970,1029 2014,1029 2059,1029 2104,1032 2149,1029 2193,1032 2238,1032 2283,1032 2307,1032"/><TextEquiv><Unicode>HERMANN. Ni moi non plus.</Unicode></TextEquiv></TextLine><TextLine id="tr_1779379463_tl_16" custom="readingOrder {index:15;}"><Coords points="1743,1096 2458,1108 2479,1043 1741,1053"/><Baseline points="1749,1083 1793,1083 1838,1083 1883,1083 1928,1083 1973,1086 2017,1083 2062,1086 2107,1086 2152,1086 2196,1086 2241,1089 2286,1089 2331,1089 2376,1086 2420,1089 2465,1086 2483,1086"/><TextEquiv><Unicode>LISBETH. Les gendarmes, peut-être!</Unicode></TextEquiv></TextLine><TextLine id="tr_1779379463_tl_17" custom="readingOrder {index:16;}"><Coords points="1736,1146 2584,1164 2573,1099 1736,1105"/><Baseline points="1743,1134 1787,1134 1832,1137 1877,1137 1922,1137 1967,1137 2011,1137 2056,1140 2101,1140 2146,1140 2190,1143 2235,1143 2280,1143 2325,1143 2370,1143 2414,1146 2459,1146 2504,1143 2549,1143 2587,1140"/><TextEquiv><Unicode>LE GRAND-Duc. Comment, les gendarmes?</Unicode></TextEquiv></TextLine><TextLine id="tr_1779379463_tl_18" custom="readingOrder {index:17;}"><Coords points="1736,1198 2797,1222 2797,1180 1735,1157"/><Baseline points="1743,1188 1787,1188 1832,1190 1877,1193 1922,1193 1967,1193 2011,1193 2056,1193 2101,1193 2146,1196 2190,1196 2235,1196 2280,1196 2325,1199 2370,1199 2414,1196 2459,1199 2504,1199 2549,1199 2593,1199 2638,1199 2683,1202 2728,1202 2772,1202 2799,1205"/><TextEquiv><Unicode>LISBETH, à part. II pâlit! (Haut.) Oui; on dit qu'un</Unicode></TextEquiv></TextLine><TextLine id="tr_1779379463_tl_19" custom="readingOrder {index:18;}"><Coords points="1687,1264 2262,1260 2262,1212 2243,1208 2125,1221 1998,1201 1897,1221 1687,1192"/><Baseline points="1695,1250 1740,1244 1784,1247 1829,1244 1874,1247 1919,1247 1964,1247 2008,1247 2053,1247 2098,1244 2143,1247 2187,1250 2232,1250 2265,1253"/><TextEquiv><Unicode>grand criminel s'est évadé.</Unicode></TextEquiv></TextLine><TextLine id="tr_1779379463_tl_20" custom="readingOrder {index:19;}"><Coords points="1726,1319 2798,1335 2798,1278 2589,1267 1925,1258 1726,1292"/><Baseline points="1734,1307 1779,1307 1823,1310 1868,1310 1913,1310 1958,1310 2002,1310 2047,1310 2092,1313 2137,1313 2181,1313 2226,1316 2271,1316 2316,1316 2361,1316 2405,1316 2450,1313 2495,1319 2540,1319 2584,1319 2629,1319 2674,1316 2719,1319 2764,1319 2802,1322"/><TextEquiv><Unicode>LE GRAND-Duc, à part et riant. Il n’y en avait pas un</Unicode></TextEquiv></TextLine><TextLine id="tr_1779379463_tl_21" custom="readingOrder {index:20;}"><Coords points="1685,1379 2366,1394 2376,1325 1683,1326"/><Baseline points="1692,1361 1737,1358 1782,1361 1826,1361 1871,1364 1916,1364 1961,1364 2005,1364 2050,1367 2095,1367 2140,1370 2184,1370 2229,1370 2274,1370 2319,1370 2364,1370 2381,1367"/><TextEquiv><Unicode>seul dans mes prisons, ce matin!</Unicode></TextEquiv></TextLine><TextLine id="tr_1779379463_tl_22" custom="readingOrder {index:21;}"><Coords points="1729,1443 2797,1453 2797,1385 2711,1375 2462,1407 1729,1392"/><Baseline points="1737,1423 1782,1426 1826,1423 1871,1423 1916,1426 1961,1429 2005,1429 2050,1429 2095,1429 2140,1432 2184,1429 2229,1432 2274,1432 2319,1432 2364,1432 2408,1432 2453,1435 2498,1435 2543,1435 2587,1438 2632,1438 2677,1438 2722,1438 2767,1438 2799,1432"/><TextEquiv><Unicode>LISBETH, à elle-même. Il se consulte pour fuir; plus</Unicode></TextEquiv></TextLine><TextLine id="tr_1779379463_tl_23" custom="readingOrder {index:22;}"><Coords points="1687,1483 2789,1504 2787,1462 2589,1446 1687,1443"/><Baseline points="1695,1474 1740,1477 1784,1480 1829,1480 1874,1480 1919,1477 1964,1483 2008,1483 2053,1483 2098,1486 2143,1486 2187,1486 2232,1486 2277,1486 2322,1486 2367,1486 2411,1486 2456,1486 2501,1486 2546,1489 2590,1492 2635,1492 2680,1492 2725,1492 2770,1489 2790,1486"/><TextEquiv><Unicode>de doute! (Haut.) Monsieur Hermann! madame Ger¬</Unicode></TextEquiv></TextLine><TextLine id="tr_1779379463_tl_24" custom="readingOrder {index:23;}"><Coords points="1686,1553 1728,1547 1747,1554 1761,1540 1810,1544 1819,1540 1818,1496 1796,1489 1782,1496 1754,1489 1744,1498 1732,1494 1715,1500 1683,1492"/><Baseline points="1692,1528 1737,1528 1782,1531 1823,1531"/><TextEquiv><Unicode>trude!</Unicode></TextEquiv></TextLine><TextLine id="tr_1779379463_tl_25" custom="readingOrder {index:24;}"><Coords points="1729,1594 1901,1594 1929,1610 1950,1593 2011,1610 2107,1601 2107,1550 2093,1544 2047,1557 2015,1544 1879,1560 1768,1543 1729,1555"/><Baseline points="1737,1584 1782,1584 1826,1587 1871,1587 1916,1584 1961,1584 2005,1587 2050,1590 2095,1590 2110,1587"/><TextEquiv><Unicode>CERTRUDE. Pécore!</Unicode></TextEquiv></TextLine><TextLine id="tr_1779379463_tl_26" custom="readingOrder {index:25;}"><Coords points="1729,1650 2405,1690 2784,1662 2747,1605 1729,1607"/><Baseline points="1737,1638 1782,1638 1826,1638 1871,1641 1916,1641 1961,1641 2005,1641 2050,1644 2095,1644 2140,1647 2184,1647 2229,1647 2274,1647 2319,1647 2364,1647 2408,1647 2453,1647 2498,1650 2543,1650 2587,1650 2632,1650 2677,1653 2722,1653 2767,1653 2787,1653"/><TextEquiv><Unicode>LE GRAND-Duc, à part. Hermann! Gertrude! Ah !</Unicode></TextEquiv></TextLine><TextLine id="tr_1779379463_tl_27" custom="readingOrder {index:26;}"><Coords points="1685,1700 1701,1705 1707,1700 1729,1711 1740,1704 1787,1700 1787,1648 1776,1648 1766,1657 1748,1650 1736,1651 1723,1664 1703,1650 1696,1655 1685,1653"/><Baseline points="1692,1692 1701,1689 1746,1689 1790,1689"/><TextEquiv><Unicode>bah!</Unicode></TextEquiv></TextLine><TextLine id="tr_1779379463_tl_28" custom="readingOrder {index:27;}"><Coords points="1723,1755 2793,1776 2771,1716 2497,1728 2408,1690 2301,1723 1722,1710"/><Baseline points="1731,1746 1776,1743 1820,1746 1865,1749 1910,1749 1955,1746 1999,1743 2044,1749 2089,1749 2134,1749 2178,1749 2223,1752 2268,1752 2313,1752 2358,1755 2402,1755 2447,1758 2492,1758 2537,1758 2581,1758 2626,1758 2671,1761 2716,1761 2761,1764 2796,1764"/><TextEquiv><Unicode>LISBETH. Arrêtez cet homme ! c'est un assassin ou,</Unicode></TextEquiv></TextLine><TextLine id="tr_1779379463_tl_29" custom="readingOrder {index:28;}"><Coords points="1690,1823 1787,1808 2223,1825 2223,1772 2193,1762 2001,1779 1690,1762"/><Baseline points="1698,1799 1743,1796 1787,1799 1832,1799 1877,1799 1922,1802 1967,1799 2011,1799 2056,1799 2101,1799 2146,1802 2190,1802 2226,1802"/><TextEquiv><Unicode>pour le moins, un voleur!</Unicode></TextEquiv></TextLine><TextLine id="tr_1779379463_tl_30" custom="readingOrder {index:29;}"><Coords points="1726,1861 2008,1883 2272,1866 2323,1896 2454,1872 2454,1810 2269,1835 1726,1818"/><Baseline points="1734,1847 1779,1853 1823,1856 1868,1853 1913,1856 1958,1856 2002,1859 2047,1859 2092,1859 2137,1859 2181,1859 2226,1859 2271,1862 2316,1859 2361,1859 2405,1862 2450,1862 2456,1859"/><TextEquiv><Unicode>HERMANN et GERTRUDE. Que dit-elle?</Unicode></TextEquiv></TextLine><TextLine id="tr_1779379463_tl_31" custom="readingOrder {index:30;}"><Coords points="1729,1930 2793,1937 2791,1880 2529,1855 2380,1904 1729,1878"/><Baseline points="1737,1913 1782,1916 1826,1913 1871,1916 1916,1916 1961,1916 2005,1919 2050,1916 2095,1919 2140,1919 2184,1919 2229,1922 2274,1922 2319,1922 2364,1922 2408,1925 2453,1925 2498,1928 2543,1928 2587,1928 2632,1925 2677,1931 2722,1931 2767,1931 2796,1928"/><TextEquiv><Unicode>LISBETH. Depuis une heure je l’observe; ce que</Unicode></TextEquiv></TextLine><TextLine id="tr_1779379463_tl_32" custom="readingOrder {index:31;}"><Coords points="1687,1986 2787,1990 2787,1957 2664,1936 1687,1932"/><Baseline points="1695,1970 1740,1970 1784,1970 1829,1970 1874,1967 1919,1973 1964,1973 2008,1973 2053,1973 2098,1976 2143,1976 2187,1976 2232,1976 2277,1979 2322,1979 2367,1979 2411,1981 2456,1979 2501,1981 2546,1981 2590,1981 2635,1981 2680,1981 2725,1984 2770,1984 2790,1981"/><TextEquiv><Unicode>j’avance, je l’affirmerais sur ma vie; arrêtez-le; en¬</Unicode></TextEquiv></TextLine><TextLine id="tr_1779379463_tl_33" custom="readingOrder {index:32;}"><Coords points="1683,2036 2769,2065 2779,2007 1682,1990"/><Baseline points="1689,2020 1734,2023 1779,2023 1823,2023 1868,2023 1913,2026 1958,2026 2002,2023 2047,2023 2092,2026 2137,2029 2181,2029 2226,2032 2271,2029 2316,2029 2361,2032 2405,2035 2450,2032 2495,2032 2540,2035 2584,2035 2629,2038 2674,2038 2719,2038 2764,2038 2784,2038"/><TextEquiv><Unicode>fermez-le; à son retour, monseigneur pourra décider</Unicode></TextEquiv></TextLine><TextLine id="tr_1779379463_tl_34" custom="readingOrder {index:33;}"><Coords points="1680,2110 1722,2118 1779,2091 1796,2104 1854,2087 1875,2097 1912,2091 1928,2086 1928,2061 1898,2041 1887,2051 1853,2043 1818,2055 1787,2044 1771,2053 1751,2039 1723,2046 1712,2036 1679,2048"/><Baseline points="1686,2074 1731,2074 1776,2074 1820,2077 1865,2077 1910,2077 1931,2077"/><TextEquiv><Unicode>de son sort.</Unicode></TextEquiv></TextLine><TextLine id="tr_1779379463_tl_35" custom="readingOrder {index:34;}"><Coords points="1721,2143 2794,2171 2783,2078 2644,2111 2484,2078 2244,2119 2064,2079 1721,2112"/><Baseline points="1728,2131 1773,2131 1817,2131 1862,2134 1907,2134 1952,2137 1996,2137 2041,2137 2086,2137 2131,2137 2176,2140 2220,2140 2265,2140 2310,2143 2355,2140 2399,2143 2444,2143 2489,2143 2534,2143 2578,2146 2623,2146 2668,2146 2713,2146 2758,2149 2796,2146"/><TextEquiv><Unicode>LE GRAND-Duc, à Hermann. Ah ça, ce n'est donc pas</Unicode></TextEquiv></TextLine><TextLine id="tr_1779379463_tl_36" custom="readingOrder {index:35;}"><Coords points="1679,2196 2255,2208 2254,2151 1679,2151"/><Baseline points="1686,2181 1731,2181 1776,2184 1820,2184 1865,2187 1910,2187 1955,2187 1999,2190 2044,2190 2089,2190 2134,2190 2178,2193 2223,2190 2256,2190"/><TextEquiv><Unicode>vous qui êtes monseigneur?</Unicode></TextEquiv></TextLine><TextLine id="tr_1779379463_tl_37" custom="readingOrder {index:36;}"><Coords points="1721,2257 2778,2280 2776,2237 2586,2193 2207,2230 1721,2204"/><Baseline points="1728,2241 1773,2247 1817,2247 1862,2247 1907,2250 1952,2250 1996,2250 2041,2253 2086,2253 2131,2253 2176,2253 2220,2256 2265,2256 2310,2256 2355,2256 2399,2256 2444,2256 2489,2256 2534,2259 2578,2259 2623,2259 2668,2259 2713,2262 2758,2262 2781,2259"/><TextEquiv><Unicode>HERMANN. Que vous importe? Songez plutôt à répon¬</Unicode></TextEquiv></TextLine><TextLine id="tr_1779379463_tl_38" custom="readingOrder {index:37;}"><Coords points="1676,2309 2511,2328 2514,2268 1675,2268"/><Baseline points="1683,2298 1728,2295 1773,2301 1817,2301 1862,2304 1907,2304 1952,2304 1996,2304 2041,2307 2086,2307 2131,2307 2176,2307 2220,2307 2265,2310 2310,2310 2355,2307 2399,2310 2444,2310 2489,2310 2519,2310"/><TextEquiv><Unicode>dre à l'accusation formulée contre vous</Unicode></TextEquiv></TextLine><TextLine id="tr_1779379463_tl_39" custom="readingOrder {index:38;}"><Coords points="1719,2372 2248,2364 2476,2409 2628,2368 2778,2403 2776,2309 2714,2353 2600,2314 1718,2321"/><Baseline points="1725,2352 1770,2352 1814,2355 1859,2355 1904,2355 1949,2355 1993,2358 2038,2358 2083,2361 2128,2361 2173,2361 2217,2361 2262,2361 2307,2364 2352,2364 2396,2364 2441,2361 2486,2364 2531,2364 2575,2364 2620,2367 2665,2367 2710,2370 2755,2367 2781,2364"/><TextEquiv><Unicode>LE GRAND-Duc. Comment, vous la prendriez au sé¬</Unicode></TextEquiv></TextLine><TextLine id="tr_1779379463_tl_40" custom="readingOrder {index:39;}"><Coords points="1669,2416 1679,2414 1712,2434 1783,2425 1797,2415 1816,2422 1816,2366 1796,2365 1772,2376 1757,2366 1747,2375 1735,2375 1711,2361 1669,2361"/><Baseline points="1677,2405 1686,2405 1731,2402 1776,2405 1820,2402"/><TextEquiv><Unicode>rieux?</Unicode></TextEquiv></TextLine><TextLine id="tr_1779379463_tl_41" custom="readingOrder {index:40;}"><Coords points="1721,2475 2675,2503 2778,2486 2778,2440 1719,2434"/><Baseline points="1728,2459 1773,2459 1817,2462 1862,2462 1907,2462 1952,2465 1996,2468 2041,2468 2086,2468 2131,2468 2176,2471 2220,2471 2265,2471 2310,2468 2355,2471 2399,2471 2444,2474 2489,2474 2534,2474 2578,2474 2623,2477 2668,2477 2713,2477 2758,2477 2781,2471"/><TextEquiv><Unicode>LISBETH, désignant le Grand-Duc qui se retourne pour</Unicode></TextEquiv></TextLine><TextLine id="tr_1779379463_tl_42" custom="readingOrder {index:41;}"><Coords points="1673,2529 2783,2546 2782,2486 1672,2484"/><Baseline points="1680,2510 1725,2513 1770,2513 1814,2516 1859,2516 1904,2516 1949,2519 1993,2519 2038,2522 2083,2522 2128,2522 2173,2522 2217,2522 2262,2525 2307,2525 2352,2525 2396,2525 2441,2525 2486,2525 2531,2528 2575,2531 2620,2531 2665,2531 2710,2528 2755,2531 2787,2531"/><TextEquiv><Unicode>dissimuler une immense envie de rire. Voyez, il ne peut</Unicode></TextEquiv></TextLine><TextLine id="tr_1779379463_tl_43" custom="readingOrder {index:42;}"><Coords points="1672,2575 1701,2589 2123,2591 2122,2539 2094,2534 2044,2550 1985,2530 1790,2543 1672,2529"/><Baseline points="1680,2564 1725,2567 1770,2567 1814,2570 1859,2567 1904,2567 1949,2570 1993,2570 2038,2575 2083,2575 2125,2573"/><TextEquiv><Unicode>soutenir vos regards!</Unicode></TextEquiv></TextLine><TextLine id="tr_1779379463_tl_44" custom="readingOrder {index:43;}"><Coords points="1714,2625 2587,2657 2586,2590 1712,2603"/><Baseline points="1722,2620 1767,2623 1811,2626 1856,2626 1901,2626 1946,2626 1990,2629 2035,2629 2080,2632 2125,2629 2170,2632 2214,2629 2259,2629 2304,2632 2349,2629 2393,2632 2438,2632 2483,2632 2528,2629 2573,2629 2590,2632"/><TextEquiv><Unicode>CERTRUDE. Et moi qui lui voulais du bien!</Unicode></TextEquiv></TextLine><TextLine id="tr_1779379463_tl_45" custom="readingOrder {index:44;}"><Coords points="1714,2690 2769,2700 2768,2655 1712,2646"/><Baseline points="1722,2674 1767,2677 1811,2680 1856,2680 1901,2680 1946,2680 1990,2680 2035,2683 2080,2683 2125,2686 2170,2686 2214,2686 2259,2683 2304,2686 2349,2683 2393,2686 2438,2686 2483,2686 2528,2686 2573,2686 2617,2686 2662,2686 2707,2689 2752,2692 2772,2692"/><TextEquiv><Unicode>HERMANN. Moi, du premier coup d’œil, il m’a déplu.</Unicode></TextEquiv></TextLine><TextLine id="tr_1779379463_tl_46" custom="readingOrder {index:45;}"><Coords points="1666,2741 2390,2758 2389,2709 1665,2700"/><Baseline points="1674,2731 1719,2728 1764,2731 1808,2731 1853,2731 1898,2734 1943,2734 1987,2734 2032,2734 2077,2737 2122,2737 2167,2737 2211,2737 2256,2734 2301,2737 2346,2737 2390,2740 2393,2740"/><TextEquiv><Unicode>Je vais l’enfermer dans la glacière.</Unicode></TextEquiv></TextLine><TextLine id="tr_1779379463_tl_47" custom="readingOrder {index:46;}"><Coords points="1714,2801 1790,2809 1823,2796 1918,2815 1968,2798 1985,2811 2133,2815 2133,2753 1807,2750 1778,2762 1714,2750"/><Baseline points="1722,2778 1767,2784 1811,2784 1856,2784 1901,2784 1946,2784 1990,2787 2035,2787 2080,2787 2125,2787 2137,2787"/><TextEquiv><Unicode>LE GRAND-Duc. Hein?</Unicode></TextEquiv></TextLine><TextLine id="tr_1779379463_tl_48" custom="readingOrder {index:47;}"><Coords points="1714,2843 2022,2877 2769,2862 2768,2827 2651,2790 2609,2825 1714,2809"/><Baseline points="1722,2826 1764,2835 1808,2835 1853,2838 1898,2838 1943,2838 1987,2838 2032,2838 2077,2841 2122,2841 2167,2841 2211,2841 2256,2841 2301,2844 2346,2844 2390,2844 2435,2847 2480,2844 2525,2844 2570,2847 2614,2850 2659,2850 2704,2850 2749,2850 2770,2850"/><TextEquiv><Unicode>CERTRUDE. C'est encore trop bon pour vous, cheva¬</Unicode></TextEquiv></TextLine><TextLine id="tr_1779379463_tl_49" custom="readingOrder {index:48;}"><Coords points="1666,2904 1743,2907 1762,2894 1832,2918 1926,2902 1996,2911 1994,2850 1962,2847 1929,2864 1896,2848 1748,2861 1693,2837 1665,2850"/><Baseline points="1674,2886 1719,2883 1764,2886 1808,2889 1853,2889 1898,2892 1943,2892 1987,2892 1999,2889"/><TextEquiv><Unicode>lier d'industrie!</Unicode></TextEquiv></TextLine><TextLine id="tr_1779379463_tl_50" custom="readingOrder {index:49;}"><Coords points="1708,2968 1861,2971 1914,2950 2293,2973 2291,2912 2071,2909 2047,2927 1968,2904 1911,2922 1708,2909"/><Baseline points="1716,2940 1761,2943 1805,2943 1850,2946 1895,2949 1940,2949 1984,2949 2029,2949 2074,2949 2119,2949 2164,2952 2208,2949 2253,2949 2295,2949"/><TextEquiv><Unicode>HERMANN. Gibier de potence!</Unicode></TextEquiv></TextLine><TextLine id="tr_1779379463_tl_51" custom="readingOrder {index:50;}"><Coords points="1719,3015 2775,3043 2750,2975 1718,2969"/><Baseline points="1725,2999 1770,2996 1814,2999 1859,2999 1904,3002 1949,2999 1993,3002 2038,3002 2083,3002 2128,3002 2173,3002 2217,3002 2262,3005 2307,3002 2352,3005 2396,3005 2441,3005 2486,3008 2531,3005 2575,3008 2620,3011 2665,3011 2710,3011 2755,3014 2778,3011"/><TextEquiv><Unicode>GERTRUDE. Qui osez prendre les honnêtes maisons</Unicode></TextEquiv></TextLine><TextLine id="tr_1779379463_tl_52" custom="readingOrder {index:51;}"><Coords points="1669,3079 1682,3082 1708,3061 1755,3076 1808,3062 1857,3062 1882,3077 1916,3058 1933,3066 1933,3019 1897,3030 1836,3014 1807,3030 1730,3012 1669,3025"/><Baseline points="1677,3056 1722,3050 1767,3050 1811,3053 1856,3053 1901,3053 1937,3056"/><TextEquiv><Unicode>pour refuse !</Unicode></TextEquiv></TextLine><TextLine id="tr_1779379463_tl_53" custom="readingOrder {index:52;}"><Coords points="1710,3127 2558,3150 2568,3086 1708,3071"/><Baseline points="1716,3101 1761,3104 1805,3107 1850,3107 1895,3107 1940,3110 1984,3107 2029,3107 2074,3110 2119,3110 2164,3113 2208,3113 2253,3113 2298,3113 2343,3116 2387,3116 2432,3116 2477,3119 2522,3119 2567,3122 2573,3119"/><TextEquiv><Unicode>HERMANN. Et Dieu sait en quelle intention!</Unicode></TextEquiv></TextLine><TextLine id="tr_1779379463_tl_54" custom="readingOrder {index:53;}"><Coords points="1708,3172 2764,3198 2762,3139 1707,3127"/><Baseline points="1716,3155 1761,3158 1805,3158 1850,3161 1895,3161 1940,3161 1984,3161 2029,3161 2074,3164 2119,3164 2164,3164 2208,3167 2253,3169 2298,3169 2343,3169 2387,3169 2432,3172 2477,3175 2522,3175 2567,3175 2611,3178 2656,3178 2701,3178 2746,3178 2764,3178"/><TextEquiv><Unicode>LISBETH. Peut-être que sa bande est dans la forêt,</Unicode></TextEquiv></TextLine><TextLine id="tr_1779379463_tl_55" custom="readingOrder {index:54;}"><Coords points="1661,3233 2769,3251 2750,3193 1661,3187"/><Baseline points="1668,3208 1713,3211 1758,3211 1802,3211 1847,3214 1892,3214 1937,3217 1981,3217 2026,3217 2071,3217 2116,3220 2161,3223 2205,3223 2250,3223 2295,3223 2340,3226 2384,3226 2429,3226 2474,3229 2519,3229 2564,3232 2608,3232 2653,3232 2698,3232 2743,3232 2772,3229"/><TextEquiv><Unicode>et que, cette nuit, le château eût été mis à feu et à</Unicode></TextEquiv></TextLine><TextLine id="tr_1779379463_tl_56" custom="readingOrder {index:55;}"><Coords points="1664,3280 1683,3276 1707,3291 1719,3284 1733,3284 1750,3294 1765,3284 1780,3287 1780,3232 1736,3239 1729,3233 1715,3239 1704,3232 1694,3240 1664,3236"/><Baseline points="1671,3265 1716,3265 1761,3265 1784,3265"/><TextEquiv><Unicode>sang!</Unicode></TextEquiv></TextLine><TextLine id="tr_1779379463_tl_57" custom="readingOrder {index:56;}"><Coords points="1698,3336 2568,3382 2726,3368 2764,3315 1697,3290"/><Baseline points="1704,3319 1749,3322 1793,3322 1838,3325 1883,3325 1928,3325 1973,3328 2017,3328 2062,3331 2107,3331 2152,3331 2196,3334 2241,3334 2286,3337 2331,3337 2376,3340 2420,3340 2465,3337 2510,3340 2555,3340 2599,3343 2644,3340 2689,3340 2734,3340 2767,3334"/><TextEquiv><Unicode>LE GRAND-Duc. Mademoiselle ne manque pas d’ima¬</Unicode></TextEquiv></TextLine><TextLine id="tr_1779379463_tl_58" custom="readingOrder {index:57;}"><Coords points="1668,3416 1697,3404 1714,3408 1722,3397 1782,3404 1790,3397 1807,3405 1835,3405 1840,3398 1857,3405 1855,3347 1797,3350 1775,3337 1740,3351 1714,3333 1705,3339 1682,3323 1665,3327"/><Baseline points="1674,3378 1719,3375 1764,3378 1808,3378 1853,3381 1859,3381"/><TextEquiv><Unicode>gination.</Unicode></TextEquiv></TextLine><TextLine id="tr_1779379463_tl_59" custom="readingOrder {index:58;}"><Coords points="1703,3444 2522,3475 2519,3373 2421,3420 2376,3395 2323,3419 1703,3407"/><Baseline points="1710,3423 1752,3432 1796,3435 1841,3435 1886,3438 1931,3438 1976,3438 2020,3441 2065,3441 2110,3441 2155,3444 2199,3444 2244,3447 2289,3447 2334,3447 2378,3447 2423,3447 2468,3450 2513,3450 2525,3450"/><TextEquiv><Unicode>HERMANN. Il raille encore, le misérable !</Unicode></TextEquiv></TextLine><TextLine id="tr_1779379463_tl_60" custom="readingOrder {index:59;}"><Coords points="1703,3500 2158,3522 2211,3511 2210,3458 1878,3469 1750,3445 1701,3461"/><Baseline points="1710,3483 1755,3489 1799,3489 1844,3489 1889,3492 1934,3495 1979,3495 2023,3495 2068,3495 2113,3495 2158,3498 2202,3501 2214,3501"/><TextEquiv><Unicode>CERTRUDE. C'en est trop !</Unicode></TextEquiv></TextLine><TextLine id="tr_1779379463_tl_61" custom="readingOrder {index:60;}"><Coords points="1703,3559 1790,3554 1912,3579 1975,3559 2096,3568 2104,3516 1966,3522 1919,3501 1903,3516 1862,3505 1839,3519 1811,3505 1754,3519 1701,3505"/><Baseline points="1710,3540 1755,3543 1799,3546 1844,3546 1889,3546 1934,3549 1979,3552 2023,3552 2068,3552 2107,3549"/><TextEquiv><Unicode>HERMANN. En route!</Unicode></TextEquiv></TextLine><TextLine id="tr_1779379463_tl_62" custom="readingOrder {index:61;}"><Coords points="1701,3620 2185,3655 2758,3618 2757,3570 2414,3586 2333,3534 2132,3580 1700,3572"/><Baseline points="1707,3596 1752,3596 1796,3599 1841,3602 1886,3605 1931,3605 1976,3605 2020,3605 2065,3608 2110,3608 2155,3611 2199,3611 2244,3611 2289,3611 2334,3611 2378,3614 2423,3614 2468,3614 2513,3611 2558,3608 2602,3605 2647,3608 2692,3605 2737,3602 2761,3599"/><TextEquiv><Unicode>LE GRAND-Duc. Pour la glacière? Bien obligé, je crains</Unicode></TextEquiv></TextLine><TextLine id="tr_1779379463_tl_63" custom="readingOrder {index:62;}"><Coords points="1661,3666 1739,3661 1868,3683 1904,3673 1901,3625 1804,3629 1741,3609 1726,3625 1707,3612 1658,3608"/><Baseline points="1668,3647 1713,3647 1758,3650 1802,3653 1847,3653 1892,3659 1904,3656"/><TextEquiv><Unicode>les rhumes.</Unicode></TextEquiv></TextLine><TextLine id="tr_1779379463_tl_64" custom="readingOrder {index:63;}"><Coords points="1705,3734 2759,3747 2743,3662 2366,3698 1705,3666"/><Baseline points="1713,3704 1758,3707 1802,3710 1847,3713 1892,3710 1937,3713 1981,3716 2026,3716 2071,3719 2116,3719 2161,3722 2205,3722 2250,3722 2295,3722 2340,3722 2384,3722 2429,3725 2474,3722 2519,3722 2564,3719 2608,3716 2653,3716 2698,3713 2743,3713 2761,3710"/><TextEquiv><Unicode>HERMANN. Si vous ne me suivez de bonne grâce, je</Unicode></TextEquiv></TextLine><TextLine id="tr_1779379463_tl_65" custom="readingOrder {index:64;}"><Coords points="1655,3783 1787,3815 2336,3812 2333,3741 1653,3730"/><Baseline points="1662,3758 1707,3761 1752,3763 1796,3763 1841,3766 1886,3769 1931,3769 1976,3772 2020,3772 2065,3775 2110,3778 2155,3775 2199,3778 2244,3778 2289,3778 2334,3781 2337,3781"/><TextEquiv><Unicode>saurai bien vous y contraindre!</Unicode></TextEquiv></TextLine><TextEquiv><Unicode></Unicode></TextEquiv></TextRegion></Page></PcGts>