2897 4318
1253 273 1355 354 303
202 366 1248 432 moi ici, mesdames, cette réflexion qui ne s’adresse à
205 427 1257 483 aucune d’entre vous, mais dont je ne suis pas fâché
213 471 1261 538 de décharger mon cœur. Je ne puis m'habituer à cette
213 526 1245 594 gaieté à éclats, à ces fous rires non motivés, à ce ba¬
207 582 1253 653 vardage de mauvais ton dont les jeunes filles de ce
211 634 1018 693 temps-ci ont pris l'habitude entre elles.
242 697 1253 753 » La blinde Eveline demeura interdite et immobile
202 745 1253 807 en nous voyant; un embarras charmant se trahit sur
207 802 1251 855 son visage. Ses rieuses compagnes devinèrent un pré¬
207 848 1251 907 tendu, et s’effacèrent, en se dispensant, sur le second
202 904 1245 956 et le troisième plans, en groupes moqueurs et curieux.
201 952 1241 1011 Quelques-unes, naïves d’effronterie, osèrent nous toi¬
203 1011 1257 1067 ser, Frédérick et moi, d'un regard hardi, en nous
205 1061 1251 1115 comparant et en cherchant, à l’aide de leur expérience
207 1113 1243 1174 précoce, quel pouvait être, de nous deux, le futur d’E¬
207 1161 1251 1221 veline. Quant à Eveline elle-même, sur un signe de sa
199 1216 1249 1275 mère, elle s’était rapprochée; et Frédérick, non moins
201 1259 1251 1329 troublé qu'elle, se mit à lui balbutier deux ou trois
207 1317 1248 1390 phrases froides et compassées, mais qui, au moins,
195 1374 1251 1426 avaient le mérite de ne ressembler en rien à toutes
194 1411 1248 1495 les fadeurs habituelles qui sont en circulation dans
194 1465 1077 1530 les salons, entre jeunes filles et jeunes gens.
237 1523 1253 1601 » Je ne manquai pas cette occasion qui s’offrait
195 1565 1247 1668 d’étudier, séance tenante, la physionomie d’Eveline
189 1636 1047 1711 sous son jour le plus favorable assurément.
229 1688 1248 1778 » Je ne perdrai pas mon temps à vous dessiner les
198 1751 1251 1826 traits et les contours de la prétendue de Frédérick.
194 1802 1253 1885 Toutes les jeunes filles de Paris, à peu d’exception
194 1862 1251 1934 près, sont jolies, chacune à sa façon. Il y a dans leurs
199 1915 1252 1990 manières tant de mignardise et d’ampleur à la fois;
195 1951 1253 2040 dans leur tournure tant de coquetterie modeste; et,
199 2008 1252 2086 tant de trait, comme dirait un artiste, dans les li¬
199 2068 1252 2140 gnes de leur visage; tant de finesse d’esprit, et de
199 2121 1248 2177 qualités si différentes offrent en elles tant d’har¬
195 2168 1252 2230 monie dans l’ensemble, qu’elles pourraient lutter, et
194 2222 1253 2305 non pas sans avantage, avec des beautés véritables.
207 2272 1251 2351 Vous savez qu'Eveline était blonde, deux seules bou¬
198 2306 1257 2403 cles, qu'elle portait très-longues, encadraient son
205 2367 1248 2441 front lisse et ses joues finement colorées. Un regard
202 2429 1248 2497 vif et brillant, mais sans profondeur, et où rien ne
201 2472 1252 2557 trahissait la présence d'une âme dans ce corps si gra¬
198 2537 1255 2617 cieux, annonçait en Eveline un amour ardent du plai¬
190 2591 1240 2666 sir, et une légèreté sans frein, à laquelle aucun sen¬
194 2624 1252 2699 timent sérieux, aucunes solides et saintes pensées ne
189 2678 1259 2759 faisaient contre-polds. Des lèvres moqueuses, plutôt
194 2733 1259 2813 que fines, relevées légèrement au coin par un trait
201 2795 1252 2858 dédaigneux, étaient des indicates certains (et je l'ai bien
189 2844 1240 2918 reconnu depuis) d'un esprit peu porté à l'indulgence
190 2901 1247 2971 mais caustique, moins par humeur que par affectation,
191 2947 1251 3012 esprit que le sentiment chrétien n'avait pas touché
199 3004 1251 3070 encore. J'aurais juré sur ma vie qu'Eveline n'avait
203 3044 1248 3126 point un mauvais fond. Mais je m’aperçus bien vite
203 3103 1251 3181 qu'une éducation faussée et le contact du monde
201 3158 1247 3223 avaient déjà consumé les parfums printaniers de
194 3207 1236 3301 cette fleur, et que le vér rongeur des vanités en su¬
201 3241 679 3322 çait chaque jour la sève.
238 3322 1244 3407 » Je ne puis vous dire rien de plus d’Eveline, et
198 3361 1240 3453 c’est tout ce que mon souvenir gardera d’elle, certai¬
194 3411 1251 3500 nement, car elle est de ces êtres où tout rappelle la vie
201 3477 1240 3551 présente et les choses qui passent, et où rien ne fait
199 3516 983 3605 songer à l'avenir et aux choses infinies.
238 3584 1243 3674 » Eveline dansa beaucoup, et je n'ai pas besoin
194 3627 1240 3724 d'ajouter que Frédérick fut souvent son cavalier.
206 3675 1243 3769 Quant à moi, je ne dansai que tout juste assez pour
201 3732 1249 3823 payer l'écot de ma bienvenue, et le plus tôt qu'il me
1333 350 2403 464 fut possible de le faire avec bienséance, je repris mon
1335 421 1724 491 rôle d'observateur.
1376 490 2398 572 » Une chose surtout qui échappa à tout le monde, et
1343 546 2390 613 que je ne manquai pas de remarquer, fut l’espèce de
1338 580 2386 659 contrainte qu’Eveline me sembla imposer à l’empor¬
1335 633 2393 714 tement de sa gaieté et à la légèreté de son caractère.
1335 689 2391 770 Elle paraissait gênée, d’abord par les regards fré¬
1344 737 2395 817 quents de sa mère, et ensuite par la
1338 794 2401 864 dérick, qui l’entourait d’empressements respectueux et
1336 853 2398 922 jaloux. Je crus comprendre, en un moment, que la
1329 907 2395 959 fiancée de mon ami n'était pas à la hauteur du senti¬
1329 956 2402 1025 ment qu'elle lui inspirait, et qu'il n'y avait pas dans
1332 1004 2390 1078 son âme de quoi répondre aux exigences délicates de
1335 1057 2397 1125 l’affection sévère, noble et digne, qu’il ressentait pour
1328 1102 1432 1177 elle.
1371 1172 2398 1240 » — Hé bien! comment la trouves-tu? me demanda
1328 1212 2395 1280 froidement Frédérick, tandis que je levais les glaces
1335 1264 2198 1328 de la voiture qui nous ramenait chez nous.
1380 1328 2383 1380 » — Fort bien; elle est un peu jeune pour un ca¬
1328 1376 2377 1442 ractère rassis comme le tien. Mais c’est un bon dé¬
1331 1419 2394 1499 faut. Il y a toujours un moment où l’on en revient.
1328 1473 1859 1538 D’ailleurs, tu la formeras.
1378 1535 2390 1598 » Frédérick n’ajouta pas une parole à ce dialecte,
1328 1568 2401 1656 et en montant l’escalier de notre hôtel, l‘entretien
1339 1622 1745 1697 changea de matière.
1376 1684 2399 1744 » Les choses allèrent ainsi pendant ces cinq derniers
1328 1739 2402 1795 mois, et rien n’interrompit le cours de nos relations
1329 1790 2395 1856 avec madame R. et sa famille. J’y accompagnai quel¬
1339 1838 2395 1907 quefois Frédérick. Les réceptions d'hiver finirent,
1336 1897 2395 1958 et, suivant sa coutume, la mère d’Eveline partit pour
1340 1934 2403 2010 la campagne vers les premiers jours de mai. Elle
1339 1996 2403 2057 avait à Rueil une charmante habitation qui était la
1329 2046 2402 2107 seule de ses propriétés de campagne qu’elle habitât
1340 2096 2397 2161 jamais. On y restait jusqu’à la fin de juillet, époque
1336 2156 2397 2214 à laquelle on quittait la vie des champs pour la viel
1342 2204 2401 2260 des eaux, ou pour quelque voyage pittoresque dont le
1329 2248 2397 2321 but n’était jamais en France, bien entendu. Visiter
1329 2307 1676 2367 son propre pays!
1379 2369 2395 2433 » S’il est entre toutes les chases de la vie sociale
1329 2409 2389 2473 une respective plus favorable qu’aucune autre pour
1339 2461 2387 2524 étudier et approfondir un caractère qu’on tient à con¬
1329 2513 2375 2573 naître, c’est assurément la vie de campagne. On re¬
1329 2560 2391 2623 devient soi; on ne rougit plus de se montrer ce que
1339 2619 2390 2690 l’on est. J’y ai surpris des abandons et des naïvetés
1339 2672 2390 2735 dont je n’aurais jamais cru capables telles ou telles
1344 2722 2391 2787 personnes sous le masque dont elles se couvrent
1338 2779 2386 2845 durant tout le reste de l’année. Eveline fut de ce
1332 2822 2387 2890 nombre. Dans nos visites d’intimité à la campagne,
1332 2880 2385 2940 je découvris en elle des défauts qu’elle avait réussi à
1332 2933 2387 2987 cacher, et quelques qualités qu’elle dissimulait parce
1332 2985 2382 3044 qu'elle les prenait pour des défauts. Je vis aussi plus à
1336 3040 2382 3100 découvert l’arrangement de son existence, ce dont il
1324 3087 2382 3143 est impossible de rien savoir dans la vie que mène,
1327 3136 2375 3198 l’hiver, une jeune fille à Paris, vie si oiseuse et si oc¬
1324 3201 2375 3251 cupée; vie si pleine et si vide. Oh! quels remords,
1324 3243 2383 3304 mesdames, quels remords à la fin de votre existence
1324 3296 2381 3360 d'avoir si légèrement gaspillé le plus riche des trésors
1332 3338 2382 3407 que Dieu sème sur nous, la jeunesse! Quels regrets
1324 3392 2382 3456 d'avoir effeuillé cette rose dans sa fraîcheur, d'en
1324 3457 2383 3508 avoir jeté au vent les parfums ! Mais aussi, comme
1327 3512 2379 3566 Dieu se venge quand il vous envoie la première
1323 3558 1438 3623 ride!
1372 3590 2385 3667 » Ce que je surpris de la vie d'Eveline me confirma
1324 3658 2382 3720 dans la première impression que j’avais emportée
1332 3710 2375 3768 d'elle. Gracieuse plutôt que jolie, séduisante plus
1336 3761 2382 3841 que distinguée, elle était aussi plus spirituelle que
