2840 4318
1247 165 1352 249 47.
228 248 1243 351 Et qu’est-ce que tu appelles coiffer sainte Ca¬
137 318 317 392 therine?
230 380 1244 437 Maman, c’est de ne se point marier. Sainte Ca¬
130 437 1255 497 therine porte un chaperon qui s’attache avec trois
138 492 1254 566 épingles. A vingt-cinq ans, une fille met la première
130 554 1241 620 épingle, à trente, la deuxième, à trente-cinq........
135 603 1235 682 maman, je ne sais pas si c’est à trente-cinq ans juste,
134 662 1244 733 mais il est sûr qu’une fille de quarante ans a complè¬
132 709 775 776 tement coiffé sainte Catherine.
242 776 1251 827 Ah!.... Eh bien! sois tranquille; ta sœur ne
130 824 940 896 mettra point d’épingle au chaperon. »
178 876 1244 942 Les cinq mois d’été se passèrent gaîment au château,
135 926 1248 996 les visiteurs affluèrent, et parmi eux passèrent trois
135 990 1244 1057 ou quatre jeunes gens, que bien des mères eussent dé¬
141 1045 910 1107 siré donner pour maris à leurs filles.
176 1109 1241 1157 Isaure les regardait tous avec une profonde indif¬
134 1145 1059 1219 férence. Cependant quelques-uns l’aimaient.
178 1207 1251 1283 Hector du Rouvre vint faire quelques visites; mais
135 1276 1241 1327 elle l’accueillit avec une politesse froide et une par¬
151 1319 1244 1383 faite aisance, comme un simple voisin de campagne.
144 1378 1251 1434 Le pauvre garçon arrivait inquiet et s’en retournait
151 1428 1241 1492 triste. Il comprenait son malheur et ne pouvait s’y
142 1482 337 1551 résigner.
194 1537 1241 1607 Un jour, il osa dire à Isaure, en présence de sa
137 1589 286 1661 mère:
186 1650 1238 1721 « Mademoiselle, les cœurs sincères sont rares : il
137 1714 1244 1781 ne faut pas rejeter avec tant de mépris celui qui se
137 1760 1243 1841 donne tout entier..... et qui attend de vous tout son
144 1814 376 1886 bonheur. »
182 1868 1009 1943 En disant ces paroles, Hector tremblait.
189 1926 1241 2012 « Monsieur, répondit Isaac, je ne crois pas qu’une
144 1999 1245 2065 femme méprise jamais l’honnête homme qui lui fait
142 2053 1238 2131 l’honneur de la choisir; soyez sûr, au contraire, que
144 2105 1250 2165 la plus profonde estime accompagne souvent celui
141 2155 1248 2229 qu’on ne retient pas... Pour mon compte, je sais un
147 2210 1241 2312 jeune homme que je souhaiterais pour époux à ma
144 2261 576 2341 meilleure amie.... »
192 2300 1235 2432 Hector ne put retenir une larme. Mais il vit qu’il
139 2367 721 2446 fallait comprendre et partit.
182 2412 1237 2512 Madame de Valeroy donna des fètes. Ce fut pour
131 2491 1237 2578 Isaure l’occasion de revoir presque toutes ses amies
144 2541 1233 2615 du couvent. Déjà plusieurs étaient mariées, quelques
135 2601 1227 2695 autres fiancées. Mais Isaure de Valeroy brillait tou¬
148 2647 528 2722 jours entre toutes.
180 2689 1230 2777 L’hiver suivant elle eut à Paris encore plus de succès
134 2764 1237 2848 que les années précédentes. On lui avait fait une répu¬
137 2815 1235 2920 tation dans tous les salons aristocratiques, pour sa
134 2857 790 2934 beauté, son esprit et ses talents.
176 2901 1235 3002 Les prétendants, jeunes, beaux, riches et titrés ne
135 2984 1230 3077 manquèrent point. Cependant Isaure ne se prononça
138 3027 225 3109 pas.
183 3061 1227 3175 «Ma fille, lui disait madame de Valeroy, tu as une
139 3120 1219 3246 cour comme peu de jeunes filles en ont vues autour
142 3191 831 3273 d’elles; quand te marieras-tu?
247 3254 1116 3349 Oh! chère maman, je ne suis pas pressée.
235 3319 1221 3402 Je comprends que tu retardes à te dépouiller
134 3358 1231 3457 d’un si brillant cortége. Une fois ton choix fait, les
137 3413 1224 3505 malheureux se retireront, et alors tu seras moins en¬
132 3464 1221 3559 tourée; mais, ma chère enfant, ne crains-tu pas d’é¬
139 3530 1226 3606 veiller la médisance, toujours prête à tomber sur les
134 3581 1220 3675 femmes belles et triomphantes. On dira que tu es co¬
134 3632 1228 3718 quette, que tu t’amuses des inquiétudes d’autrui, on
128 3691 1216 3787 critiquera ton ambition, enfin on cherchera à te nuire.
235 3749 1219 3829 Chère maman, je n’aime aucun de mes préten¬
121 3782 1216 3894 dants; d’ailleurs.... je ne veux pas faire un sot ma¬
1333 239 2462 334 riage comme j’en ai vu faire à tant d’autres.... Quand
1333 327 2185 393 on est mariée, c’est pour la vie.... et..
1405 361 2337 441 — Mais enfin, que dis-tu de Raoul de Tarcy?
1430 431 2454 535 Il a trente-cinq ans qu’il cache à grand’peine
1326 497 2126 564 sous les cosmétiques et les pommades.
1437 552 2102 630 Et de Charles Renaud d’Epône?
1428 604 2444 682 Ah, grand Dieu! mais ma chère maman, il n’est
1328 680 2437 737 pas noble ! Voulez-vous que j’épouse le fils d’un
1324 728 2433 800 marchand de bœufs parce qu’il a deux millions de
1323 786 2430 875 fortune, et qu’il ajoute à son nom celui de son village,
1334 828 2137 902 pour se faire annoncer dans un salon ?
1430 879 2436 962 Isaure, M. Charles Renaud a reçu une excellente
1327 926 2034 1010 éducation, et dans notre siècle.....
1430 990 2432 1119 Chère maman, je vous en conjure, ne m’en
1335 1042 1569 1113 parlez plus.
1369 1085 2424 1212 — Eh bien, épouse le prince Christophore Stépha¬
1324 1154 1486 1227 nopoli.
1369 1217 2420 1299 — Un prince grec ! Mais tous les Grecs sont princes
1321 1275 2434 1350 ou corsaires, et je soupçonne le prince Christophore
1321 1337 2427 1412 d’être au moins autant l’un que l‘autre. D’ailleurs, je
1326 1389 2427 1461 ne me sens aucun goût pour aller porter les modes
1323 1434 1958 1493 nouvelles à la cour d’Athènes.
1430 1482 2437 1564 Mais alors reste en France, à Paris, c’est notre
1326 1544 2439 1619 désir le plus cher. Tu sais combien ton père souhaitait
1321 1598 2439 1683 te marier près de nous, combien il a protégé prèes de
1321 1651 2439 1724 toi ce pauvre Hector du Rouvre..... Accepte le vicomte
1321 1710 2436 1776 de Maucroix. Ah! tu n’as rien à dire contre celui-là.
1324 1762 2095 1831 Il est noble, beau, jeune et riche....
1430 1817 2420 1900 Sa sœur est bossue et sa mère l’était aussi; j’au¬
1317 1885 2432 1957 rais trop peur d’avoir des enfants mal faits. Et puis,
1316 1922 1844 1995 n’être que vicomtesse......
1428 1982 2013 2076 Le marquis d’Armantières ?
1428 2029 1643 2106 II est sot!
1434 2055 2420 2167 Comme tu voudras, Isaure; nous ne te contrain¬
1324 2126 2417 2240 drons jamais; mais songe à ce que je t’ai dit, mon
1324 2191 1516 2269 enfant. »
1365 2230 1854 2327 Deux ans s’écoulèrent.
1366 2300 2430 2391 Isaure était toujours aussi belle et toujour aussí
1314 2374 2420 2433 admirée; seulement le nombre des prétendants était
1320 2413 1886 2482 considérablement diminué.
1365 2471 2372 2555 Toutes ses amies du Sacré-Cœur étaient mariées.
1365 2522 2416 2602 Emilie d’Assonne avait épousé Hector du Rouvre,
1320 2588 2419 2675 Les autres prenaient l’un après l‘autre les prétendants
1326 2636 1812 2715 qu’elle avait dédaignés.
1361 2692 2412 2761 Elle retrouva des compagnes d’enfance dans mes¬
1317 2729 1875 2818 dames Renaud et de Tarcy
1365 2802 2413 2874 On s’accoutumait à l’appeler mademoiselle, et, ce¬
1330 2871 2413 2933 pendant, elle avait pris un rang dans le monde; ses
1312 2918 2409 2975 succès et ses talents lui avaient donné une sorte d’as-
1310 2972 2412 3046 surance qui n’appartient d’ordinaire qu’aux femmes
1319 3012 2406 3096 de trente ans ; on la regardait enfin comme une excep-
1317 3074 2409 3165 tion à la règle commune, ce qui est bien le plus grand
1310 3120 1991 3188 malheur pour une fille à marier.
1354 3178 2399 3243 Peu à peu, ses refus avaient en quelque sorte tracé
1309 3240 2393 3295 son programme, et personne n’osait plus se présenter.
1306 3289 2389 3363 Les jeunes gens de son âge, de son rang et de sa for¬
1305 3343 2396 3420 tune Padmiraient sans la demander pour femme;
1306 3391 2389 3463 ceux que leur fortune ou leur naissance plaçait au-
1309 3449 2393 3523 dessous d’elle l’aimaient souvent, mais sans rien dire,
1306 3499 1838 3563 trop sûrs d’être repoussés.
1347 3522 2402 3623 Et puis, ses allures de reine effrayaient; certes, on
1299 3598 2399 3695 ne pouvait pas dire positivement qu’elle fût lionne ou
1300 3674 2396 3749 excentrique, mais elle se permettait mille choses, en
1305 3730 2393 3816 apparence indifférentes, qui, cependant, inquiètent un
1309 3766 1552 3835 prétendant.
1352 3818 2396 3909 « Quelle personne remarquable que mademoiselle
