2897 4318
1264 228 1364 330 207
202 309 1272 397 grandeur ne l’a pas gâté. Quoiqu’il ait un beau châ¬
195 380 1279 442 teau comme il n'en existe pas de plus beaux dans
195 439 1279 506 toute la Normandie, il ne dédaigne pas la chaumière
189 490 458 563 et le paysan.
297 552 1233 612 Oui, oui, fronda André, il veut être populaire.
312 612 1274 662 Père André, je vous passerai tout, mais respect
182 650 441 726 à mon fieu.
302 711 1268 772 Je le respecte ; mais ça ne m'empêche pas de
198 764 1275 827 penser que le jeune seigneur est très-évavoré, et que
191 822 1271 890 les choses n'iraient pas très-bien chez lui si, pour son
193 872 1257 929 salut, il n’avait à la tête du château madame la vi¬
193 922 1265 985 comtesse Diane de Montclair, veuve à vingt-deux
190 976 1263 1046 ans du premier sénéchal de la province ; une femme
191 1040 1268 1089 qui a de la raison, de la sagesse, de l'ordre pour son
187 1082 1265 1143 cousin. Orphelin comme il s’est trouvé si jeune, ç'a
193 1141 1263 1198 été pour lui une fière chance d’être gardé à vue par
183 1192 806 1249 une personne aussi vertueuse.
245 1238 1268 1301 — Très-bien! dit Jacques. Je vous prends, mon
190 1294 1255 1351 voisin, à penser du bien de quelqu’un. Pourquo
190 1349 1111 1409 n'êtes-vous pas aussi favorable à mon Henri?
270 1394 1263 1462 — Pourquoi?... pourquoi ?... répéta en grognant
183 1458 1267 1512 le collecteur de taites. D'abord, un jour, dans une
183 1510 1263 1581 grande chasse, il a traversé mon champ à cheval avec
193 1561 1147 1621 tous ses amis, et ils m’ont dévasté ma récolte...
297 1613 922 1672 Qu’on vous a payée au double.
266 1663 1264 1739 Ca ne fait rien, ce qui est perdu est per du; puis,
189 1722 1267 1779 je n’aime pas les gentilshommes qui passent leur vic
180 1779 1198 1842 à ne rien faire et à bâiller dans leurs châteaux. »
225 1820 1250 1892 Cette discussion se fût prolongée sans doute, si ce¬
176 1877 1265 1942 lui-là même qui en était l’objet ne fût apparu au seuil
187 1930 1259 2006 de la porte. Chacun se leva à son aspect. Mais lui,
178 1994 1263 2055 sans prendre garde à cette marque d’hommage, il
180 2045 1260 2110 alla tout droit à mère Jacques, qu’il embrassa sur
176 2091 1257 2159 les deux joues, tandis que la bonne femme essuyait
186 2147 1260 2212 une larme d’émotion, et il appliqua sur l’ épaule de
187 2198 890 2261 Tiennette une petite tape d'amitié.
225 2253 1260 2319 C’était un beau jeune homme de vingt et un ans, à
178 2297 1249 2379 la taille noble et bien prise, au visage régulier, un peu
183 2361 1249 2425 pâle, mais plein d’une dignité que n’excluait pas un
171 2418 1245 2474 sourire familier. Il était vêtu d’une petite houppe¬
178 2460 1257 2533 lande polonaise bordée de fourrure, portait des bottes
175 2512 1250 2586 longues et tenait une cravache. Son tricorne n’avait
170 2576 708 2638 aucun galon ni ornement.
218 2616 1253 2689 « Ah ça, mes enfants, dit-il, j’espère que vous
168 2687 1253 2749 avez fait vos préparatifs pour courir les champs ? Je
170 2740 1248 2798 veux vous donner l’exemple en me mettant à votre
175 2780 1241 2847 tête, et nous verrons qui de nous aura meilleur pied.
174 2832 915 2906 Je nomme Pastal mon side de camp.
277 2889 1236 2957 Merci, monseigneur!... dit Pascal; je ne bou¬
170 2938 598 3007 derai pas à la course
273 2992 1238 3057 Oh! tu es un vrai lièvre, toi. Quant à Jean¬
170 3030 1240 3152 Pierre, je le dispense de courir, car il faut qu’il
179 3096 627 3160 achève de se remettre.
271 3146 1221 3239 Soyez tranquille, monseigneur, dit Jean-Pierre
170 3179 1222 3288 et je suis bien content que vous soyez avec nous
186 3248 1233 3330 parce que si nous venions à rencontrer quelque Ta¬
174 3302 792 3372 ranne ou quelque Piterne (1)...
277 3354 1227 3456 Je lui casserais la tête de la balle d'un de mes
176 3397 1233 3494 pistolets, tu peux y compter, dit M. de Verville en
170 3469 1077 3537 riant. Allons, vous autres, êtes-vous prêts ? »
218 3507 1223 3606 Un vivat général fut la réponse. Chacun des assis¬
167 3567 1222 3662 tants avait en main son brandon de paille, qu’on al¬
194 3765 628 3856 (1) Animaux fabuleux.
1351 315 2441 434 luma dehors, de crainte d'incendie. Puis on se mit en
1352 400 2439 496 marche, parcourant surtout les champs plantés en
1373 452 2424 529 pommiers et en poiriers, et brûlant avec les bran¬
1362 515 2426 587 dons la mousse de ces arbres. La nuit, froide, solen¬
1362 557 2428 648 nelle et illuminée par un clair de lune magnifique,
1354 606 2433 698 n'était troublée que par les rires de la troupe folâtre
1359 665 2437 739 et les aboiements des chiens de garde, qui répondaient
1362 720 2329 791 en hurlant à ce chœur que dirigeait Tiennette :
1423 822 2161 887 « Taupes et mulots, sortez de mon clos,
1458 865 2152 936 Ou je vous brûlerai la barbe et les os.
1617 921 1944 987 Bonjour, les Rois,
1592 963 1954 1032 Jusqu’à douze mois,
1598 1010 1952 1080 Douze mois passés,
1618 1061 1889 1118 Rois, revenez.
1618 1101 1934 1169 charge pommier,
1613 1149 1908 1208 charge poirier,
1491 1200 1999 1263 A chaque petite branchette
1495 1249 2091 1321 Tout plein ma grande pouchette.
1458 1310 2112 1390 Taupes, mulots, sortez de mon clos,
1448 1364 2189 1438 Ou je vous brûlerai la barbe et les os. »
1396 1474 2441 1553 « Eh bien, Jean-Pierre, dit le comte lorsqu'on fut
1349 1514 2432 1596 de retour près du chaume de Jacques, tu dois être
1348 1583 2426 1646 satisfait : nous n’avons rencontré ni Piterne ni Ta¬
1347 1621 1484 1680 ranne.
1398 1682 2439 1752 — Nenni, monseigneur ; mais peut-être bien que
1347 1716 2433 1807 ces bêtes n’ont point osé bouger parce que vous étiez
1341 1783 1626 1849 là avec nous.
1427 1835 2426 1911 - En tous cas, nous avons fini la cérémonie, et
1340 1884 2056 1953 j'espère que la récolte sera bonne.
1427 1953 2411 2019 - Oh! oui, s'écria Pascal, elle sera bonne; sur-
1340 1999 2414 2072 tout si nous avons soin de conserver jusqu’à l’année
1341 2060 2424 2136 suivante les glanes de la moisson et un morceau du
1347 2098 1679 2174 gâteau des Rois.
1436 2163 2417 2243 - Tiens, tu me fais penser au gâteau des Rois;
1343 2207 1973 2276 vous allez le tirer vous autres?
1428 2250 2418 2341 Sans doute, monseigneur; il faudrait n’avoir
1347 2316 2421 2432 pas de beurre ni de farine pour manquer à cette
1340 2365 1934 2443 vieille coutume de nos pères.
1389 2422 2414 2527 — En ce cas, je rentre avec vous chez Jacqueline.
1442 2478 2227 2544 Eh quoi, monseigneur, vous daignez...
1383 2531 2410 2639 — Je daignerai manger, parbleu ! et à belles dents
1328 2576 1824 2657 encore. Tu en jugeras. »
1377 2635 2409 2714 Pendant l’absence, l‘intérieur rustique s’était
1328 2699 2406 2779 éclairé de deux chandelles de plus; une grande table
1332 2740 2407 2848 avait été tirée dans le milieu de la chambre, et sur
1328 2805 2407 2879 cette table était posée, dans un vaste plat de faïence,
1328 2848 2409 2957 une immense galette, près de laquelle brillaient de
1324 2900 1831 2973 nombreux pot de cidre.
1370 2936 2396 3049 Ce spectacle fut magique. On battit des mains :
1328 3018 2396 3091 comte, armé d’un couteau, fit les parts, qu’il distri¬
1322 3065 2394 3149 bua; mais Jacques avait réservé celle du pauvre
1326 3132 2386 3178 ou du voyageur, et Pascal celle de la récolte. L'en¬
1326 3164 2387 3235 thousiasme s’était accru de l’arrivée de Simon Denis
1333 3228 2384 3288 le ménétrier, dont les accords fèlés mirent en branle
1324 3273 2384 3345 toute la jeunesse, au nez et à la barbe du compère
1317 3332 2387 3403 André, à qui, du reste, la présence du comte inspirait
1321 3384 2007 3438 une certaine réserve respectueuse.
1359 3410 2379 3510 Comme on était au plus fort de la danse et du ré¬
1321 3483 2383 3566 gal, et que déjà plus d'un piché avait été absorbé, il se
1314 3533 2387 3613 tit un certain mouvement vers la porte d'entrée. Un
1311 3598 2384 3674 homme parut, enveloppé d'un grand manteau de
1313 3633 2386 3738 drap bleu et coiffé d'un chapeau brun rabattu sur
1310 3697 2376 3787 les yeux. On n'eut pas plus tôt aperçu ce voyageur,
1310 3757 2380 3853 que, sans lui laisser le temps de se reconnaître, on
1309 3792 1887 3886 s'écria d'une voix unanime:
