2897 4318
1113 336 1299 424 189
100 428 1200 491 timètres de largeur, 50 de longueur au-dessus du
103 487 1193 548 bras, et 25 à la saignée ; le poignet a 4 centimètres
100 551 1193 595 de hauteur, il est couvert par un petit bouillon de 6
100 598 1190 654 centimètres, y compris la tête de 1 centimètre de
100 649 1182 712 hauteur sur 1 ? centimètres de longueur; les bouil¬
100 708 1182 771 lonnés, posés dans la longueur, mcontent depuis le
100 760 1185 821 poignet jusqu’à la moitié de la manche ; ils sont cou¬
106 808 1185 872 pés sur 6 centimètres de haut, toujours en comprenant
93 864 1189 921 la tête, et sur 50 centimètres de long; un ruban avec
100 909 1189 983 nœud se trouve seulement dans le bouillonné du
106 965 267 1034 poignet.
136 1026 1185 1086 Je vais maintenant t’expliquer quelques jours, et
100 1075 1182 1133 avec cette explication, il te sera facile, du moins je
93 1135 820 1186 l’espère, d’arriver à un plein succès.
141 1185 1189 1248 Commençons par les plus simples ou, pour mieux
100 1237 1172 1299 dire, par les premières nations de ce charmant tra¬
100 1294 1182 1362 vail, auquel tu trouveras un grand attrait, quand tu
100 1352 1178 1401 auras vu combien il permet vite de transfigurer un
103 1396 1178 1460 dessin de broderie très-simple. Écoute donc : 1° On
100 1444 1182 1506 nomme moulinet, en terme de jours, ce délicat réseau
96 1504 1178 1571 qui se trouve dans le rond n° 62; c'est le point de den¬
93 1554 1172 1629 telle simple et la base de tous les points d’Alençon;
93 1610 1172 1680 quelques brodeuses le font comme un point de feston;
93 1662 1182 1732 cela va plus vite, mais c'est moins joli, parce que les
86 1714 1177 1774 brides sont moins tordues et forment mal le réseau.
88 1772 1183 1837 Le vrai point de dentelle se fait comme un point de
92 1828 1178 1891 boutonnière lâche. On se sert de fil à dentelle plus ou
89 1880 1185 1942 moins fin, selon la délicatesse et la Komplication du
93 1935 1175 1999 jour. Pour un moulinet, la dimension du réseau se
96 1981 1167 2047 proportionne à celle du rond, et plus le réseau est pe¬
88 2036 1183 2093 tit, plus le fil doit être fin. Supposons le fil arrêté en
88 2086 1164 2143 un point du rond. On piquera l’aiguille dans le cor¬
88 2143 1177 2199 donnet, en dessous, pour le faire sortir en dussus, en
100 2197 1178 2258 procédant de gauche à droite, à une petite distance du
93 2250 1175 2308 point de départ. On laissera une petite boucle de fil
88 2305 1170 2367 et l’on passera l‘aiguille dans cette boucle. Voilà un
88 2356 1172 2411 réseau fait. On continuera à en faire de semblables
88 2401 1178 2472 tout autour du rond. Le tour fini, on reprendra les
91 2461 1172 2524 réseaux un à un en y passant l’aiguille une fois. C’est
88 2519 1171 2603 ce qu'on appelle surfiler. Cette petite opération com¬
100 2555 411 2629 plète le réseau.
134 2616 1167 2679 64, Pour faire ce jour, on prend ses mesures afin de
88 2682 1167 2732 n’avoir dans le rond que six réseaux égaux. Ces ré¬
88 2733 1164 2784 seaux se font absolument comme ceux du moulinet.
95 2781 1092 2843 Quand ils sont surfilés, on a ce que représente
89 2830 1166 2903 n° 63. Les petits ronds pleins, que les brodeuses ap¬
89 2880 1159 2944 pellent des perles, s’obtiennent en passant le fil al¬
88 2937 1167 3000 ternativement sur et sous les brides qui partent de
86 2981 1170 3065 chaque pointe des petits triangles, et en contrariant,
91 3035 1167 3096 c’est-à-dire en passant sur la bridge si l’on a passé des¬
91 3105 1167 3157 sous au tour précédent. On serre un peu les premiers
86 3148 1164 3225 points. (Examine attentivement la perle commencée,
86 3202 1170 3273 au n° 63.) En passant d’une perle à l’autre, il faut
89 3253 1160 3318 avoir soin de s’y prendre de telle sorte qu’on ne dé¬
89 3307 1167 3375 range pas les fils et que la perle reste bien ronde et
95 3344 1167 3425 bien nette. Quand on a fini toutes les perles, on prend
92 3391 1168 3498 les mêmes précautions en remontant sur le cordonnet
100 3446 365 3516 pour arrêter.
134 3506 1164 3580 65, Les petits réseaux terminés, on en fera un second
86 3567 1163 3646 rang de plus larges, en passant l’aiguille dans les pre¬
95 3621 1170 3687 miers, mais de deux en deux réseaux seulement. Il
99 3661 1157 3745 faut que dans ce second rang il y ait autant de ré¬
93 3727 1159 3792 seaux d'un côté que de l'autre et qu'ils se correspon¬
101 3764 1171 3855 dent parfaitement, ce qu'on obtiendra facilement en
103 3809 1166 3909 laissant un réseau de plus entre les brides là où ce
101 3864 1152 3964 sera nécessaire. Quand le jour sera fait, cette irrégu¬
1278 431 2359 518 larité ne se verra pas. Il ne faudra pas surfiler, et le
1283 492 2356 565 tour fini, on fera des points d'esprit, en prenant al¬
1277 542 2235 616 ternativement la bride du haut et celle du bas.
1323 603 2353 675 Le point d’esprit est facile à faire, mais moins fa¬
1279 649 2359 719 cile à expliquer. On le fait sur un réseau ou entre
1277 714 2356 767 deux réseaux, qu’il rattache, comme dans notre des¬
1270 761 2356 827 sin, et dont on prend les brides tour à tour, toujours
1277 817 2353 871 du même sens, c’est-à-dire toujours la pointe de l’ai¬
1274 872 2359 945 guille tournée vers le bas. Mais la bridge d’en haut se
1285 927 2359 983 prend en dedans du fil, la bride du bas en dehors, ce
1282 980 2356 1042 qui produit un entre-croisement d'un joli effet. Le
1266 1037 2353 1101 n° 61 doit faire comprendre la disposition des fils.
1273 1083 2349 1159 Nous avons supposé qu’on allait de gauche à droite,
1273 1133 2349 1215 on peut tout aussi bien aller de droite à gauche; cela
1273 1189 2346 1256 dépend du point où le fil est attaché. Le point d'esprit
1267 1246 2346 1301 doit être tres plein, très-serré. On le fait ordinaire¬
1270 1301 2357 1360 ment un peu plus haut que large. Il entre dans la
1264 1359 2354 1417 composition d'une infinité de jours; on se sert du
1267 1406 2083 1458 même point croisé pour faire les étoiles.
1310 1452 2353 1521 66, Quand le compartiment à remplir de jours est
1268 1510 2349 1574 d’une certaine étendue, comme les numéros 65 et
1274 1563 2349 1629 66, par exemple, il ne faut pas démonter la broderie,
1274 1622 2353 1685 parce qu’on ne pourrait, sans beaucoup de peine,
1264 1685 2353 1744 conserver la forme du dessin. Donc, pour le jour n° 66,
1264 1725 2353 1788 qu'on ne fait d'ordinaire que dans les compartiments
1267 1772 2353 1848 longs et étroits, on enlèvera l’étoffe à l‘intérieur du
1270 1832 2345 1899 cordonnet, laissant la broderie bien tendue sur la per¬
1267 1887 2346 1946 caline et l’on fera tout autour un rang de très-petits
1257 1943 2337 2006 réseaux. Ensuite, on formera le zig-zag en conduisant
1259 1990 2343 2049 le fil d’un côté à l’autre. On repassera une ou deux
1259 2038 2338 2116 fois sur ce fil, afin qu’il soit double au moins, et l'on
1257 2102 1976 2176 festonnera les brides très-finement.
1584 2202 2021 2269 TRICOT CÉLESTINE.
1299 2306 2343 2385 Mets un nombre de mailles divisible par 54, plus
1308 2357 1643 2424 pour les lisières.
1311 2415 2346 2482 1er Tour à l’endroit. — 3 unies X, 1 jetée, 1 rétré¬
1262 2472 2337 2524 cie surjetée, 6 unies, 1 rétrécie, 1 jetée, 3 unies , 1 je¬
1260 2519 2341 2582 tée, 1 rétrécie surjetée, 2 unies (1 jetée, l rétréeie,
1252 2579 2341 2641 1 unie, 1 rétrécie surjetée, 1 jetée,1 unte 2 fois),
1256 2623 2338 2688 1 jetée, 1 rétrécie, 1 unie, l rétrécée surjetée, 4 jetée.
1252 2678 2341 2741 2 unies, 1 rétrécie, 1 jetée, 3 unies. 1 jetée, 1 rétrécie
1252 2733 2341 2818 surjetée, 6 unies, 1 rétrécie, 1 jetée, 3 unies x,
1252 2781 1430 2849 3 unies.
1308 2836 2342 2904 2e Tour à l’envers. — 20 unies X (1 jetée, i rétrécie,
1262 2897 2335 2950 1 unie, 1 rétrécie,1 jetée, 1 unie 2 fois), 1 jetée. 1 ré¬
1251 2940 2337 3017 trécie, 1 unie,1 rétrécle, 1 jetée, 37 unies X, 20
1257 2999 1389 3061 unies.
1296 3052 2326 3103 3e TOUR à l’endroit. — 1 unie, 1 rétrécie x, 1 je¬
1251 3103 2338 3158 tée, 10 unies, 1 jetée, 3 ensemble, 1 jetée, 4 unies
1252 3150 2327 3216 (1 jetée, 1 rétrécie, 1 unie, 2 rétrée surjetée, 4 jetée
1256 3213 2332 3266 1 unie 2 fois), 1 jetée, 1 rétrécie, 1 unie, l rétréeie
1246 3253 2330 3321 surjetée, 1 jetée, 4 unies, 1 jetée, 3 ensemble, 1 je¬
1252 3317 2322 3384 tée, 10 unies, 1 jetée, 3 ensemble X, 1 rétrécie, 1
1245 3376 1370 3436 unie.
1293 3423 2320 3479 4e TOUR à l’envers. — 21 unies X (1 jetée, 3 en¬
1252 3469 2328 3531 semble, 1 jetée, 3 unies 2 fois), 1 jeté, 3 ensemble,
1256 3520 1857 3598 1 jetée, 39 unies X, 21 unies.
1303 3567 2338 3641 5e Tour à l’endroit. — 22 unies X (1 jetée, 1 rétrécie
1248 3632 2326 3698 surjetée, 4 unies 2 fois), 1 jetée, 1 rétrécie surjetée
1249 3675 1691 3746 40 unies X, 21 unies.
1294 3737 2326 3801 6edesOUR à l’envers. — 20 unies X, 1 rétrécie, 1 je¬
1252 3787 2332 3855 tée, 1 unie (1 jetée,1 rétrécie, 1 Unie,1 rétrécie
1246 3841 2331 3901 1 jetée, 1 unie 2 fois), 1 jetée,, 1 rétrécie, 37 unies X,
1246 3890 1449 3966 20 unies.
