2871 4211
1180 593 1588 741 TABLE
730 873 2034 970 DU VINGT-CINQUIÈME VOLUME
652 1410 954 1510 INSTRUCTION.
278 1526 1292 1601 Le Forgeron d’Anvers, par A. des Essarts, pages 1.
239 1586 1342 1646 Histoire et chronique de la poésie française, 33, 65, 129,
254 1643 1337 1696 225, 257, 321. — Marino Faliero, 97. — Zizim, 161. —
240 1684 1339 1740 L'Hôtel de Cluny, par Claude Vignon, 193. — Une Expia¬
239 1740 1310 1794 tion, récit du quatrième siècle, par A. des Essarts, 289.
240 1784 726 1841 Théodore de Neuhof, 293.
618 1892 978 1976 BIBLIOGRAPHIE.
278 1978 1336 2059 Christophe Colomb, par madame Roselly de Lorgues, pa
257 2056 1344 2117 ges 8, 72 et 133.—Veillées Bretonnes, par M. H. Violeau, 10.
247 2111 1339 2156 — L’Éducation du cœur, par madame Hermine Thierry, 39
283 2152 1349 2208 — Le Calice, traduit de l’allemand par madame E. Voiart, 75.
254 2197 1349 2254 — Vie de la sœur Rosalie, par M. le vicomte de Me-
247 2249 1346 2303 lun, 100. — Méthode pour l’enseignement du français aux
247 2298 1350 2356 Sourds-Muets, par M. Valade Gobel, 105. — Scènes de la vie
250 2346 1342 2395 chrétienne, par M. E. de Margerie, 163.—Naples, la Sicile.
250 2395 1349 2450 l’Art d’être malheureux, 197. — Le Conteur de l’Enfance,
254 2438 1350 2509 Violettes, 198.— Florence Raymond, par mademoiselle Julie
247 2486 1339 2540 Gouraud, 229. — Lettres sur l’éducation des filles, par ma¬
247 2540 1336 2597 dame de Maintenon, 260. — De la Vocation, par monsei
250 2587 1346 2637 gneur Luguet, 262. — Le Marchand d’antiquités, traduit de
254 2628 1349 2686 Dickens par M. A. des Essarts, 262. — De l’Éducation, par
249 2680 1342 2738 monseigneur Dupanloup, 294. — Paris nouveau, par ma-
247 2732 1336 2784 dame Adam Boisgontier, 297. — La Vierurale, par M. Au-
257 2777 1344 2831 tran, 325.—Poésies et Nouvelles, par madame d’Arbouville,
252 2829 341 2897 354.
504 2884 1089 2987 LITTÉRATURE ÉTRANGÈRE.
292 3000 1347 3060 Pensamiento, de don Georges Manrique, pages 75.— The
254 3062 1342 3117 Suspicious man, de Blair, 165. — E'Asino in maschera, de
257 3104 1289 3178 Aurelio de Giorgi, 298. — The Sleepers, de Brown, 326.
665 3203 933 3291 ÉDUCATION.
294 3297 1342 3367 La Rue des Deux-Écus, par M. V. Herbin, pages 11.—Qui
257 3365 1349 3416 donne aux Pauvres prête à Dieu, par madame de Gaulle, 17.
262 3411 1350 3476 Or et Alliage, par madame Adam Boisgontier, h1.— Le Héron,
257 3461 1339 3520 par Claude Vignon, hh. — Chacun sent son mal, proverbe
262 3510 1342 3572 par madame Adam Boisgontier, 76.— Eulalie, par madame
258 3557 1339 3608 Bourdon, 106.—Le Chevalier de Favray, par A. des Essarts.
258 3606 1346 3656 111. — Les Amos prisonnières, par A. Mangin, 116. — Le
254 3651 1300 3728 Sommeil de frère Daniel, par madame de Stoltz, 135.
1440 1404 2535 1485 L'Épreuve, par H. Perret, 138. — Souvenirs, par M. Em¬
1433 1472 2537 1537 D., 144.—Parmentier, par madame Adam Boisgontier, 166.
1454 1526 2545 1601 —Émilienne, par M. H. Violeau, 176.— Rachel, par madame
1430 1570 2533 1632 de la Rochère, 199. — Dianc de Montclair, par A. des Es-
1440 1630 2528 1677 sarts, 205.—Souvenirs d’une Institutrice, par madame Bour-
1433 1670 2533 1729 don, 231, 298 et 339.—Épisode de la prise du Mans en 1791,
1440 1716 2540 1784 par madame de la Rochère, 235. — Laurence, par M. H.
1445 1774 2543 1826 Violeau, 263. — Quand les chats n’y sont pas, par madame
1430 1810 2543 1883 Adam Boisgontier, 272. — De la Droiture dans les petites
1433 1866 2532 1932 choses, par M. Amory de L., 301. — La Rose de Saint-Sa-
1430 1911 2533 1970 turnin, par A. Jadin, 306.— Régine de Beaufrény, par ma¬
1433 1968 2530 2026 demoiselle Adèle Cleret, 327. — La Belle Sahara, par ma-
1433 2013 2528 2069 dame de La Rochère, 334 et 367. — Pardonnez-nous, par
1440 2062 2537 2130 madame Adam Boisgontier, 356. — Les Bâtons flottants,
1436 2112 2174 2187 par madame Emmeline Raymond, 359.
1815 2215 2163 2308 MISCELLANEES.
1472 2314 2545 2410 Visite au Sultan de Bacalam, par mademoiselle Blanche
1440 2394 2537 2454 de Maubeuge, pages 50. — Lettres à une jeune fille, 56, 85,
1440 2439 2543 2507 148, 214, 279 et 372.—PROMENADES DANS PARIS : le Palais
1430 2499 2535 2553 des Thermes, par Claude Vignon, 81.— Salon de 1857, par
1433 2537 2537 2605 Claude Vignon, 243.—Académie Française, séance solennelle
1430 2592 1762 2670 du 20 août, 277.
1890 2680 2067 2762 POÉSIE
1472 2798 2532 2850 Les Tisons, par Ducerceau, pages 24. — Dieu! par J.
1436 2844 2494 2901 Boulmier, 54. — Le Pont de Moissé, par J. Canonge, 147.
1438 2889 2537 2946 La Fleur de l'Amitié, par E. des Essarts, 182. Chant des
1440 2941 2537 2998 Moissonneurs, par Martin, 213. — Images du Passé, par L.
1433 2992 2493 3037 Goujon, 248.— Gesta Dei per Francos, par C. de N., 312.
1440 3040 2527 3091 La Beauté, l’Esprit et la Vertu, par mademoiselle de Scu-
1436 3083 2491 3144 déri, 343.— Vous en souvenez-vous, par A. Claudel, 371.
1729 3204 2241 3287 ÉNIGMES HISTORIQUES.
1472 3291 2257 3377 Enigmes, pages 23, 83, 146, 214, 282, 338,
1472 3370 2343 3445 Explications, pages 54, 97, 161, 227, 293, 353.
1722 3473 2225 3547 LE PROGRÈS MUSICAL.
1479 3575 2533 3661 Pages 25, 58, 87, 122, 151, 183, 216, 249, 281, 311, 343,
1430 3650 1514 3728 374.
