2897 4318
1246 263 1353 348 233
786 337 1149 418 Jour de Noël, 18...
232 384 1260 511 Ce matin, à l’église, je me suis sérieusement exami¬
185 486 1264 562 née devant le bon Dieu, que je venais de recevoir, et
200 529 1248 616 je me suis trouvé bien des torts... Je voulais l'affec¬
194 585 1258 664 tion de ces enfants, j’exigeais d’elles une docilité
193 651 1262 718 confiante que le dévouement seul peut obtenir, et moi,
193 701 1260 778 qu'avais-je donc fait pour elles ? Les ai-je aimées ?
183 742 1260 813 les supporté-je avec patience? avais-je pour elles les
183 811 1262 866 regards caressants, la douce indulgence, les soins
183 856 1257 927 attentifs qui pouvaient leur faire oublier que, bien
192 900 1252 971 jeunes, elles étaient déjà sevrées de la maison ma¬
183 968 1257 1033 ternelle? Embrassé-je, enfin, mon devoir envers elles
178 1010 1252 1094 avec une âme généreuse et une véritable abnégation?
186 1060 1252 1129 Non... non sans doute. Je me suis pliée à cette posi¬
182 1109 1257 1203 tion parce qu’il le fallait; j’ai subi ce travail, mais
189 1168 1249 1253 je ne l'ai ni accepté, ni aimé; sans cesse je murmu¬
183 1231 1250 1300 rais sous le fardeau, je jetais des regards d’envie sur
177 1273 1248 1354 des positions meilleures; je n’avais pour les enfants
183 1319 1253 1411 qui me sont confiées ni sympathie, ni bien veillance,
177 1392 1246 1469 et ma sombre humeur devait souvent, je l’avoue,
181 1427 1241 1520 leur rendre bien maussades et mes leçons et ma pré¬
177 1496 1250 1573 sence... Pardon, mon Dieu ! en marmurant contre
170 1543 1249 1627 mon sort, c’étaient les décrets de votre providence
174 1589 1249 1674 que j’accusais, et en refusant le joug, je refusais
174 1651 1240 1717 aussi la couronne! Fortifiez mon âme, afin que je
171 1703 1238 1771 sois bonne et dévouée, car je le sens, il faut de l’é¬
178 1761 1245 1834 nergie pour être toujours bon et indulgent à autrui;
179 1799 1242 1876 donnez-moi pour vous un cœur d’enfant, un cæur de
177 1861 1248 1934 mère pour ces jeunes filles; que je puisse leur faire
181 1911 1248 1987 un peu de bien, non pour en tirer de la gloire ou
170 1954 1248 2053 des avantages, mais à cause de vous, Seigneur, qui
177 2007 1244 2104 chérissez d’un grand amour ces petites âmes, à cause
170 2076 1238 2153 des Saints anges qui les gardent, et qui voient sans
170 2112 1051 2223 cesse la face du Père qui est dans les cieux !
798 2262 1099 2375 Décembre, 18...
208 2360 1229 2436 Quoique l'approche de la nouvelle année mette un
170 2409 1227 2486 peu de désordre parmi les élèves, ma classe mar¬
165 2467 1233 2534 che mieux... Je tâche de donner quelque intérêt à
166 2513 1230 2595 mes leçons, et de m’intéresser moi-même à ce que
177 2560 1218 2635 j'explique; je relève avec moins d'aigreur les étour¬
174 2617 1235 2680 deries, les petites fautes de ces pauvres enfants; j’é¬
163 2681 1230 2746 coute leurs demandes avec moins de hauteur et plus
163 2726 1226 2800 d’indulgence, et il me semble que cette méthode me
159 2784 1233 2855 réussit mieux... N'est-ce pas madame de Chantal qui
162 2815 1215 2916 disait : J'ai essayé de tous les genre de gouverne¬
152 2880 1223 2956 ment, et je n’ai réussi que par la douceur et la pa¬
156 2942 1222 3019 tience? Pendant mes heures de liberté, j’étudie un
162 2985 1222 3064 peu; je lis l'Histoire ancienne de Rollin, j'en fais un
163 3041 1218 3117 extrait que j’accompagne de notes géographiques, et
155 3089 1219 3172 je goûte dans ce paisible travail, dansce coup d’œil
162 3140 1196 3228 jeté sur la vaste antiquité, un plaisir que je ne con
162 3195 1213 3284 naissais pas, alors que je piochais pour remporter
158 3248 936 3340 des prix ou pour obtenir mon diplôme.
832 3391 1086 3464 Janvier, 18...
196 3443 1207 3543 J'ai reçu une bien bonne lettre de ma mère. Comme
146 3518 1206 3596 elle me remercie de ce peu d’argent que je suis si
146 3559 1207 3643 heureuse de lui offrir! Le travail est doux lorsqu'il a
146 3613 1198 3696 un pareil but... Mais quand la reverrai-je? Léonide
146 3670 1200 3754 est contente de la petite layette que j’ai eu le plaisir
150 3717 1198 3817 de faire pour elle... la vie est bonne lorsqu'elle peut
150 3760 606 3859 être utile aux autres...
2031 376 2293 452 Février, 18
1388 407 2413 548 La pauvre Blanche est bien souffrante : il lui est
1354 513 2412 593 venu un mal douloureux, qu’on appelle, je crois, un
1341 569 2413 660 anthrax, et qui exige un pansement difficile et pénible.
1341 614 2402 700 Je suis allée la voir plusieurs fois à l’infirmerie; d’a¬
1346 665 2409 749 bord, elle a répondu à mes témoignages d'intérêt
1343 708 2412 813 d’une manière sèche, et avec des paroles raides et
1346 757 2410 852 brèves; mais hier, je me trouvais présente au mo¬
1334 815 2414 904 ment où on la pensait; l’infirmière n’eut pas la main
1337 889 2413 958 assez adroite, et Blanche laissa échapper un cri...
1343 921 2413 999 j'essayai de la soulager un peu, et j’eus le bonheur
1341 983 2416 1059 d’y réussir. Elle parut satisfaite : ses yeux ternes et
1341 1030 2402 1106 froid s’animèrent, et, par un de ces caprices fami¬
1334 1075 2406 1163 liers aux malades, elle dit à l’infirmière d’un ton
1334 1141 2398 1222 impérieux : « Mademoiselle Sophie, je n’ai plus be¬
1329 1191 2403 1287 soin de vos soins, mademoiselle m’arrange beaucoup
1329 1257 2405 1339 mieux que vous, elle me pansera à l’avenir... n’est-
1330 1322 2401 1395 ce pas, vous le voulez bien? ajouta-t-elle en se tour¬
1331 1358 2364 1420 nant de mon côté et prenant le ton de la prière.
1329 1391 2406 1488 De tout mon cœur, lui dis-je; mais, mon enfant,
1322 1466 2402 1532 mademoiselle Sophie a droit cependant à vos bons
1329 1511 2399 1593 sentiments, car elle vous a bien soignée et bien veil¬
1331 1555 2398 1645 lée... — Papa reconnaîtra ses fatigues, répondit l'or¬
1331 1627 2406 1702 gueilleuse enfant d’un ton bref. — Et vous, vous la
1327 1666 2339 1734 remercierez gentiment, lui dis-je en insistant. »
1365 1722 2406 1805 Elle comprit, et m’obéit, car aussitôt elle tendit la
1322 1778 2403 1850 main à mademoiselle Sophie et lui dit d’un air assez
1330 1834 2408 1915 gracieux : « Je vous suis bien reconnaissante de vos
1322 1877 1592 1940 attentions! »
1364 1931 2397 2016 Depuis ce moment, j’ai continué à soigner Blanche
1331 1987 2386 2061 pendant les longues périodes de sa maladie, et j’ac¬
1323 2050 2385 2111 quiers de plus en plus sa confiance et son amitié. Ex¬
1322 2107 2390 2170 clusive comme le sont souvent les personnes souflran¬
1329 2145 2397 2217 tes, elle ne veut que moi, ne se trouve bien soignée que
1333 2205 2393 2277 par mes mains, n’accepte de tisane que celle que je
1316 2256 2389 2332 lui offre, et m’obéit mille fois mieux qu’au médecin
1318 2314 2397 2376 ou à madame Delacroix. Je tâche de profiter de cet
1320 2362 2382 2424 empire que j’ai sur son esprit pour la porter à la pa¬
1318 2406 2383 2487 tience, à la douceur, et pour incliner vers la simpli¬
1320 2471 2382 2526 cité et la modestie son petit cœur gonflé d'amour¬
1315 2518 2385 2595 propre... elle m'écoute... quelquefois. La somence
1315 2576 2387 2649 est jetée en terre, Dieu permettra-t-il qu'elle porte
1315 2611 1534 2704 des fruits?
1995 2782 2217 2857 Mars, 18...
1347 2840 2374 2927 Aujourd’hui, une parente de Blanche est venue la
1308 2903 2374 2978 voir, et selon l’usage des bonnes tantes, des bonne
1299 2969 2367 3044 marraines, elle lui avait glissé un sac de bonbons,
1306 3012 2362 3074 des bonbons aux liqueurs et à la vanille que les or¬
1303 3063 2356 3133 donnances du docteur proscrivaient sans pitié. Blan¬
1293 3118 2359 3187 che fit preuve de soumission et de confiance, et me
1300 3175 2347 3237 remit le sac en disant : « Gardez-le jusqu’à ma gué¬
1300 3234 2358 3288 rison; » et se reprenant tout à coup, « ou bien, si
1296 3277 2354 3348 vous voulez, mademoiselle, donnez-le à Sophie, de
1283 3335 1508 3402 ma part. »
1330 3377 2356 3460 J’approuvai cette disposition, et Blanche encouragée
1291 3437 2350 3499 me dit : « Ma tante ne m'a pas donné seulement ces
1296 3495 2350 3547 bonbons, elle m'a remis un livre de la part de son
1283 3536 2344 3603 fils, mon cousin Edmond, qui fait sa philosophie. Te¬
1284 3584 2030 3652 nez, mademoiselle, voici ce livre... »
1331 3656 2350 3724 J'embrassai Blanche de bon cœur, et je vantai sa
1283 3704 2344 3768 decilité au règlement, qui ne permet pas qu'une élève
1283 3745 2336 3817 lise un ouvrage dont les maîtresses n'aient pas eu con¬
1283 3808 2340 3892 naissance; et le soir, à la récréation, je parcourus ce
