2822 3966
1548 75 1716 184 110
518 171 1560 246 sous une contrainte continuelle, et qui avait déjà ap-
521 239 1575 301 pris à trembler sous le regard dur et sévère de son
521 292 1572 339 oncle et de sa tante. Il n’avait qu’une seule distraction :
521 323 1563 406 la vue et les chants d’un bouvreuil que Félicité éle-
515 383 1572 448 vait avec de tendres soins, unique fantaisie qu’elle se
521 447 1559 508 permit et qu’elle excusait à ses propres yeux en pen-
515 483 1566 553 sant que l’oiseau s’était laissé prendre par hasard et
518 531 1570 609 que son chènevis ne coûtait guère. Un jour, Eulalie
506 593 1574 654 s’était éloignée un instant, et avait laissé Olivier seul
511 656 1567 709 dans la salle à manger que l’oiseau égayait de ses
515 699 1564 763 chants, mais en redescendant l’escalier, elle n’entendit
521 755 1558 827 plus le vif et doux gazouillement du petit captif : la
511 806 1566 869 voix de tante Félicité, montée au plus haut diapason
511 865 1562 913 de la colère, remplissait la maison, et à ces accounts
515 911 1556 971 pressés et furieux, se mêlaient les cris plaintifs d’Oli¬
507 966 1555 1032 vier. Eulalie s’élança dans la chambre, et d’un coup
499 1013 1555 1075 d’œil elle vit ce qui se passait. La cage était ouverte;
494 1065 1564 1118 le bouvreuil, effaré, voletait contre la fenêtre, et la
499 1120 1564 1178 Babeau, montée sur une chaise, essayait en vain de le
499 1166 1558 1225 rattraper; Félicité avait le bras levé sur Olivier, le
503 1227 1560 1286 pauvre petit auteur du délit, et l’enfant se défendait
499 1279 1555 1336 par des larmes contre les coups et les injures de sa
496 1332 1560 1384 tante. Eulalie se précipita vers son fils, l’enleva dans
506 1388 1547 1436 ses bras, et dit d’une voix ferme : « Ne frappez pas mon
499 1435 1354 1504 enfant, je puis tout souffrir, hormis cela !»
541 1482 1552 1552 Félicité voulut répondre et engager une dispute,
494 1536 1559 1603 mais Eulalie l’interrompit en emportant Olivier dans
496 1595 1552 1646 sa chambre. L’enfant semblait sous le coup d’une
503 1641 1558 1704 violente frayeur; il tremblait; chaque bruit de pas, le
488 1695 1547 1755 son d’une voix qui s’élevait d‘en bas, le faisaient fris-
491 1754 1548 1804 sonner, son pouls était tendu, sa tête brûlante, et ses
496 1796 1555 1853 paroles incohérentes effrayaient sa pauvre mère. Elle
494 1852 1544 1923 le veilla toute la nuit, et le lendemain, le voyant plongé
491 1898 1548 1969 dans un état de stupeur, plus redoutable peut-être
496 1957 1545 2019 que l’agitation de la veille, elle humilia sa fierté et
494 2012 1545 2066 supplia son oncle Théodore de lui envoyer un mé¬
496 2051 629 2118 decin.
542 2112 1548 2172 Olivier avait une fièvre cérébrale du plus mauvais
495 2168 1552 2237 caractère, et pendant quatre semaines, sa mère le dis¬
496 2217 1539 2273 puta à la mort avec la vigilance infatigable, la pru¬
490 2273 1548 2331 dence lumineuse dont les mères ont le secret. Elle le
480 2327 1552 2386 sauva, et, résignée dans sa douleur, modérée dand sa
495 2373 1552 2444 joie, elle n’eut pas un mot de reproche pour la tante
482 2418 660 2494 Félicité,
529 2477 1547 2546 Elle veillait encore auprès du lit d’Olivier, qui,
494 2534 1545 2604 reposé, calme, presque gai, jouait avec quelques ima-
495 2574 1545 2639 ges, prises aux livres d’heures de sa mère, quand elle
488 2643 1552 2698 s’entendit appeler par une voix connue, et au même
487 2683 1544 2764 instant, Léopold entra dans la chambre. Elle courut
498 2738 1547 2815 vers lui, Olivier lui tendit ses petits bras. « Je viens
492 2781 1551 2876 vous chercher tous deux, leur dit-il; nous retournons
488 2838 679 2898 à Paris. »
526 2888 1543 2963 Eulalie éleva vers le ciel son âme allégée d’un
484 2954 1525 3015 grand poids ; elle songea avec joie qu’elle allait échap
484 2999 1545 3071 per à la tyrannie qui l’avait tant fait souffrir, mais
479 3064 1533 3123 cette joie fut sans mélange de fiel, car même en re-
476 3112 1541 3173 gardant son fils, pâle encore, à peine échappé à la
484 3165 1539 3220 mort, elle ne pensait à Félicité que pour lui pardon¬
482 3211 1540 3278 ner. Celle-ci, au moment du départ de son neveu et
480 3256 1539 3338 de sa nièce, parut émue ; elle prit Eulalie à part et lui
483 3307 1535 3395 dit : « Votre mari vous ramène à Paris; il veut risquer
469 3353 1532 3435 à la Bourse le peu qui vous reste ; je le connais, il
473 3411 1528 3508 vous ruinera : prenez ceci, et... pardonnez-moi .. »
477 3459 1445 3548 Et elle lui glissa dans la main une petite bourse.
2151 176 2243 261 III
1878 278 2487 362 ÉPREUVES ET RÉCOMPENSE.
1696 395 2689 477 Six mois s’étaient écoulés. Dans un petit apparte¬
1653 457 2697 529 ment voisin du Jardin des Plantes, Eulalie donnait
1653 507 2698 589 une leçon de lecture à son fils, et, contre l’ordinaire,
1645 529 2698 627 l’élève était plus attentif que l’institutrice, qui sem¬
1645 601 2699 677 blait absorbée dans les plus tristes pensées. L’enfant
1641 670 2707 738 s’en aperçut, et laissant son petit doigt sur le mot qu’il
1648 710 2703 787 épelait, il dit à sa mère d’une voix caressante :
1645 780 2707 837 «Maman, tu as de la peine! et papa, où est-il? — Il
1641 822 2705 885 est sorti pour ses affaires, mon ange.—Il est toujours
1642 866 2702 935 sorti! c’est dommage, j’aime bien à le voir, et nous
1641 935 2710 993 ne le voyons presque jamais... Maman, comme tout
1638 985 2698 1046 est changé autour de nous ! Avant d’aller à Angers,
1640 1017 2707 1095 nous demeurions dans une si belle maison, j’avais de
1641 1076 2707 1143 beaux habits, des blouses de velours, nous allions en
1642 1132 2693 1205 voiture avec de si jolis chevaux, te rappelles-tu? —
1641 1182 2697 1258 Oui, mon cher enfant, nous étions riches alors et
1637 1224 1977 1290 maintenant!...»
1676 1287 2697 1357 Elle n’acheva point, mais le douloureux sentiment
1634 1329 2693 1404 de sa position vint oppresser son cœur. Depuis son
1631 1396 2694 1457 retour à Paris, elle avait vécu de la somme que Féli¬
1633 1436 2705 1514 cité lui avait glissée dans la main; longtemps elle
1634 1502 2697 1562 espéra que Léopold chercherait dans le travail un
1629 1553 2693 1615 moyen d’existence, mais cet espoir avait été cruelle-
1629 1597 2702 1662 ment déçu. Sombre, découragé, sans énergie, après
1638 1661 2691 1716 quelques échecs de bourse où il avait risqué et perdu
1627 1712 2698 1766 une partie de la petite fortune qui lui restait, il était
1633 1747 2698 1831 tombé dans une tristesse indolente dont rien, pas
1629 1813 2697 1878 même la prochaine détresse de sa femme et de son
1631 1867 2689 1935 enfant, ne parvenait à le faire sortir. Il fuyait ses an¬
1638 1921 2687 1985 ciens amis, devant lesquels il rougissait de sa ruine ;
1627 1965 2693 2040 il évitait sa femme, dont les inquiétudes maternelles
1633 2012 2693 2079 lui semblaient un reproche, il errait seul, et ne rap-
1638 2078 2693 2135 portait au logis que son humeur mécontente et fa¬
1631 2130 2694 2186 rouche. Eulalie ne lui opposait qu’une douceur pa¬
1634 2174 2702 2242 tiente ; elle s’abstenait également des conseils et des
1627 2229 2707 2295 reproches, mais elle sentait cruellement que, sans
1631 2285 2699 2346 protection, sans appui, elle n’avait rien à attendre
1631 2332 2182 2404 que du ciel et d'elle-même.
1672 2387 2702 2445 Les naïfs regrets de son fils avaient renouvelé
1631 2444 2702 2502 ses peines, et elle se faisait avec angoisse ces pénibles
1631 2496 2690 2556 questions toujours sans réponse : « Comment vivre ?
1629 2542 2697 2603 à quel travail avoir recours?» En ce moment, ses
1629 2590 2687 2659 yeux tombèrent sur une fenêtre voisine de la sienne,
1622 2652 2694 2707 à laquelle elle voyait souvent apparaître une jeune
1621 2702 2693 2768 fille, qui s’occupait à colorier des gravures de modes.
1621 2741 2693 2812 Ses godets, ses couleurs, scs pinceaux étaient posés
1622 2811 2693 2872 sur une petite table auprès de la croisée. Une idée
1631 2859 2693 2929 soudaine illumina l’esprit d’Eulalie, et sans perdre de
1622 2911 2690 2975 temps elle se leva, prit Olivier par la main et se
1621 2960 2693 3032 rendit chez la jeune coloriste. Celle-ci la reçut avec
1621 3006 2683 3091 beaucoup de politesse, et madame Guilbert, encoura-
1621 3077 2681 3138 gée, le malheur rend si timide, lui dit: « Mademoi¬
1619 3131 2681 3192 selle, en vous voyant travailler avec tant d’ardeur,
1617 3174 2687 3232 j’ai pensé que je pourrais travailler comme vous, et
1609 3225 2685 3294 j’en ai grand besoin, car des malheurs imprévus
1609 3291 2691 3352 m’ont laissée sans ressources. Je me suis occupée de
1622 3329 2683 3389 peinture autrefois, et peut-être, ai-je trop présumé ?
1614 3389 2682 3453 pourriez-vous me procurer un travail semblable au
1617 3438 2681 3517 vôtre? — Hélas! madame, répondit la jeune fille, je
1610 3482 2678 3548 le voudrais bien, mais je crains de ne pas réussir. La
1614 3541 2682 3601 maison qui m’emploie a peu d’ouvrage à donner, et
1614 3594 2682 3687 elle a un grand nombre d’ouvrières, mais... et elle
