2946 4158
1595 122 1741 228 272
1060 419 2287 544 QUAND LES CHATS N'Y SONT PAS....
1303 620 2006 735 PRovererere en un acte.
935 1146 1176 1216 PERSONNAGE
567 1217 906 1300 LE GRAND-Duc.
571 1277 1083 1349 LE COMMTE DE ENOFELD.
568 1341 1136 1422 HERMANN, valet de chambre.
574 1407 1161 1480 CERTRUDE, femme de charge.
579 1468 1228 1537 LISBETH, repasseuse à la journée.
571 1514 968 1599 KOFF, petit laquais.
550 1586 1566 1694 La scène se passe en Allemagne, au château du Comte.
501 1798 1604 1864 Le théâtre représente une vaste salle du rez-de-chaussée,
836 1853 1285 1928 donnant sur les jardins.
820 2061 1294 2148 SCÈNE PREMIÈRE.
753 2168 1355 2282 LE COMMTE, puis Heamann.
556 2271 1265 2360 LE COMMTE, ayant sonné. Mes lettres !
556 2343 1601 2441 HERMANN, il présente les lettres sur un plateau. Je
507 2394 1097 2470 les apportais à monseigneur.
554 2455 1601 2525 LE COMMTE. Bien! (Fausse sortie d'Hermann.) Her¬
506 2504 1601 2586 mann, voici quatre mois que vous êtes à mon service
506 2565 1601 2633 et je suis content de vous; vos gages sont de mille
507 2617 1291 2681 florins, je les porte à mille cinq cents.
554 2678 1022 2742 HERMANN. Monseigneur !
556 2708 1598 2788 LE COMMte. Vous avez compris que j'aime autour de
516 2775 1595 2840 moi l’ordre et le silence, et vous vous êtes montré
512 2829 1596 2907 aussi discret qu’habile; c’est bien ! Faites venir Ger¬
510 2893 1602 2951 trude et Koff. (Hermann sort, après s'être incliné avec
510 2928 967 3005 le plus grand respect.)
929 3017 1184 3133 SCÈNE II.
753 3139 1349 3225 LE COMMTE, seul et souriant.
545 3247 1599 3321 Lorsqu’on a des gens qui consentent à entrer dans
507 3298 1598 3370 vos goûts et à ne pas vous imposer les leurs, il faut
501 3350 1602 3423 leur en savoir gré; les domestiques ont tant de pente
504 3411 1589 3475 à nous faire changer de rôle! Moi, qui tiens si pas¬
501 3469 1592 3535 sionnément à ma chère solitude, j'en ai eu un qui vou¬
499 3510 1590 3588 lait absolument me persuader que je devais résider
506 3568 1592 3648 en ville, avoir des loges aux théâtres, donner de
503 3620 1586 3697 grands dîners et de grands bals, que ma fortune et
490 3681 1584 3753 mon nom m’y obligeaient, que... Ce garçon était hu¬
489 3738 1593 3840 milié de ne pouvoir faire la roue parmi ses pareils,
1689 1146 2795 1211 dans les vestibules, avec ma livrée sur le dos; j’ai
1689 1199 2792 1263 dû m’en défaire et le placer selon ses penchants.
1689 1256 2795 1312 Hermann, lui, est bien mon fait; il ne parle que
1692 1304 2076 1375 par monosyllabes
2109 1309 2797 1379 justes et précis, et marche avec
1692 1369 2795 1422 un tel soin que je ne l’entends point rôder autour
1686 1421 2800 1480 de moi. Il en est de même de Gertrude et du petit
1686 1466 2815 1524 Koff; aussi vont-ils également recevoir des marques
1685 1518 2074 1605 de ma satisfaction.
2100 1584 2377 1705 SCÈNE III.
1905 1696 2568 1812 LE COMMTE, GERTRUDE, KOFF.
1729 1796 2789 1894 LE COMMTE. Approchez, Gertrude. Koff, levez un peu
1682 1873 2798 1969 les yeux, je vous prie. Combien gagnez-vous chez
1686 1932 2006 2009 moi, Gertrude?
1726 1958 2577 2074 CERTRUDE. Seize cents florins, Excellence.
1732 2047 2397 2126 LE COMMTE. Non pas; deux mille !
1735 2093 2192 2174 CERTRUDE. Excellence!
1729 2132 2420 2224 LE COMMTE. A partir d’aujourd’hui.
1735 2177 2783 2264 CERTRUDE. Comment prouver à votre Excellence....?
1725 2273 2786 2331 LE COMMTE. En continuant à vous conduire comme
1696 2308 2786 2401 par le passé, à me servir sans que je m’aperçoive
1685 2371 2748 2436 qu'on me sert. Et vous, Koff, quels sont vos gages?
1729 2420 2132 2497 KOFF. Excellence!..
1732 2453 2491 2562 Le comte. Oui, que gagnez-vous, ici?
1732 2523 2135 2598 KOFF. Excellence!..
1729 2585 2125 2652 LE COMMTE. Eh bien?
1735 2620 2772 2714 CERTRUDE. C'est que ce petit garçon est timide, mon¬
1682 2693 1891 2775 seigneur !
1732 2714 2520 2809 LE COMMTE. Remettez-vous, mon enfant.
1726 2795 2198 2870 KOFF. Oui, Excellence!
1726 2826 2583 2936 LE COMMTE. Donc, vous recevez, par année?
1726 2899 2236 2979 KOFF. Trois cents florins.
1726 2954 2691 3038 LE COMMTE. Vous en aurez cinq cents, désormais.
1726 3011 1966 3084 KOFF. Oh!..
1729 3063 2435 3154 LE COMMTE. Retirez-vous, tous deux.
2090 3150 2374 3263 SCÈNE IV.
2045 3257 2412 3347 LE COMMTE, seul.
1732 3353 2771 3425 Voilà des gens bien heureux, et me voilà, moi, pai¬
1680 3420 2774 3481 sible pour longtemps. La douce paix, mère de l’étude
1677 3478 2768 3530 et de la réflexion, on ne la saurait payer trop cher¬
1746 3525 2768 3584 Voyons mes lettres ! — Ah! le travail de mon fils
1677 3582 2769 3657 couronné à l'Académie des science ; mon vieux cœur
1677 3637 2771 3697 en tressaille d’orgueil ! — Les enfants de Wilhelmine,
1671 3689 2766 3773 ma fille, toujours florissants et beaux; chers petits-en¬
1671 3748 2768 3819 fants, Dieu soit loué! — Des lettres de faire part de
