2946 4158
1604 101 1705 183 266
514 184 1608 259 ma première amie, et je consentirais à lui êter tout
514 244 1608 312 à coup ce qu'elle a de plus cher, sa confiance dans le
511 309 1607 377 respect et la sincérité de sa fille !.. L'idée seule d’une
518 367 1608 428 faute aussi grave exige une expiation. Allons, du
521 414 1607 482 courage ! il faut renoncer à voir Agathe, et, de plus,
512 467 983 540 avouer ma faiblesse. »
561 486 1600 586 L'aveu fut bientôt fait. Madame de Kersaliou s'at-
521 580 1608 633 tendrit ;- sa fille se tenait à genoux près de son
517 622 1458 698 lit, elle l’attira doucement contre son cœur.
562 670 1597 753 » Tu l’aimes donc bien cette chère Agathe, puis¬
514 741 1602 810 que le désir de la voir a pu triompher un moment
514 791 1607 857 de ta droiture ? Le remords est venu à temps, mais
514 848 1596 924 tu ne regrettes pas moins de ne pouvoir faire, en fa¬
518 893 1598 971 veur de cette amitié, une troisième tentative, qui se¬
511 947 1601 1010 rait probablement aussi infructueuse que les autres.
511 1010 1590 1060 Tu n’y songeais pas, mon enfant ! une demi-lieue à
514 1057 1596 1122 pied sous ces torrents de pluie et par une nuit si
501 1122 1590 1172 épaisse qu’il te serait impossible de choisir ton che¬
503 1168 1590 1230 min! Ne détourne pas la tète pour cacher tes larmes
511 1219 1590 1294 je sens que tu pleures, et me voilà prête à pleurer
506 1277 1596 1348 aussi. J'ai bonne envie de me laisser toucher. Que
508 1330 1593 1400 penserais-tu de moi si j’étais assez peu sage pour te
508 1378 1596 1454 permettre de prendre la voiture et de te faire con¬
511 1433 1292 1500 duire encore à Saint-Jouan cette nuit?
615 1471 1597 1557 Oh ! maman, quelle nouvelle preuve de votre
503 1529 1104 1607 amour vous me donneriez! »
553 1578 1587 1683 Et Laurence couvrit les mains de sa mère de bai¬
494 1645 871 1709 sers et de larmes.
547 1681 1587 1766 Comment ne pas céder ? Madame de Kersaliou sui¬
503 1759 1590 1824 vit des yeux sa fille qui courut à la pendule et sortit
506 1809 1580 1889 précipitamment. Tant d’ardeur pour un résultat s
494 1878 1583 1938 douteux, et, dans le cas le plus favorable, pour une
503 1935 1587 1979 entrevue de cinq minutes avec une amie qui, depuis
511 1978 1591 2039 près de trois ans, avait laissé sans réponse les lettres
501 2036 1583 2098 de son ancienne compagne; tant d’ardeur, tant
501 2075 1590 2152 d’élan, attendrissaient et effrayaient en même temps
506 2127 1584 2186 la dame du manoir. Quel désenchantement pou¬
507 2201 1589 2255 vait succéder un jour à ces généreux mouvements
506 2241 1591 2303 d’une sensibilité enthousiaste! Les grandes âmes ne
500 2305 1590 2367 sont pas communes. Monté à certain degré d’élévation
506 2346 1587 2410 et de chaleur dans les sentiments, qui peut se flatter
508 2402 1583 2492 de rencontrer facilement la réciprocité en amitié, et
503 2451 1319 2505 même dans les affections de la famille?
550 2507 1596 2575 Il était près d’une heure du matin quand le bruit
503 2557 1591 2634 de la petite voiture se fit entendre sous les fenêtres
503 2620 1582 2687 du manoir. Madame de Kersaliou n'avait pu dormir
514 2665 1590 2731 et comme la tempête avait éclaté dans toute sa furie
514 2720 1583 2785 depuis le départ de sa fille, elle attendait celle-c
511 2785 1591 2839 avec une inquiétude croissante. Elle apprit sans au¬
510 2839 1591 2903 cune surprise que Laurence n’avait gagné à cette
512 2882 1596 2957 nouvelle course que des averses successives dont le
512 2933 1594 3004 véhicule mal fermé était peu propre à la garantir. Ses
514 2999 1594 3055 vêtements mouillés, ses mains glacées, sce joues pâles
503 3050 1597 3122 et encore humides témoignaient de l'imprudence d’un
514 3100 1597 3174 pareil voyage. La pauvre mère s'accusait d'une trop
506 3144 1228 3224 grande faiblesse pour son enfant.
544 3210 1583 3271 Une semaine s’écoula sans qu’on entendit parler
496 3270 1582 3324 d'Agathe. Des renseignements avaient été demandés à
496 3299 1596 3377 Saint-Jouan, au bureau des diligences, et l'on avait
503 3371 1598 3436 acquis la certitude que mademoiselle Brémont n’avait
501 3421 1589 3497 point traversé le pays. Que penser d’un tel retard
501 3479 1590 3547 après ce rendez-vous donné au milieu de la nuit, dans
503 3532 1590 3597 une saison aussi rude? Laurence ne vit qu'un moyen
501 3569 1582 3665 de s’éclairer : elle écrivit à Nathalie, cette amie com¬
500 3641 1590 3710 mune, chez laquelle Agathe avait eu l'intention de
493 3694 1591 3777 se rendre. Mathalie comme Agathe se souciait peu des
1690 190 2805 291 correspondances. Cependant la réponse arriva cette
1697 251 2264 337 fois courrier pour courrier.
1741 301 2210 378 Ce n'était qu'un billet.
1738 342 2798 447 Agathe était à Saint-Brieuc depuis plusieurs jours.
1699 418 2795 500 Son oncle, qui l'accompagnait, désirant connaître
1694 467 2799 553 Saint-Malo, l'itinéraire avait été changé par lui la
1697 526 2795 601 veille du départ. Impossible, d’ailleurs, d'accepter
1692 578 2800 659 l’invitation de madame de Kersaliou. Toutefois, ma¬
1692 620 2802 713 demoiselle Brémont espérait que son ancienne amie
1688 688 2791 770 paraîtrait à Saint-Brieuc pendant son séjour dans cette
1692 755 2800 824 ville. Nathalie le désirait avec elle, et toutes les deux
1683 795 2796 881 se réunissaient pour assurer Laurence de leur constante
1677 846 1884 922 affection.
1724 868 2792 985 L’épître était rassurante, mais Laurence ne put se
1684 964 2791 1032 défendre d’un étonnement pénible en n’y trouvant
1697 1011 2784 1080 pas un mot de regret sur les causes inutiles et sur¬
1688 1072 2789 1147 tout les inquiétudes dont le changement d’itinéraire
1683 1114 2792 1206 avait été l’occasion. Etait-ce bien aussi une invitation
1692 1174 2794 1260 que lui adressait Nathalie, depuis trois ans madame
1686 1237 2787 1302 de Corseul? Pouvait-on s’autoriser de ce billet pour
1681 1298 2789 1361 aller réclamer, pendant deux ou trois jours, l’hospita¬
1683 1339 2781 1427 lité si largement offerte, d’ordinaire, dans nos ma¬
1679 1404 2789 1471 noirs de Bretagne, ou ne fallait-il voir, dans cette
1687 1456 2785 1537 etc.
1684 1517 2787 1562 dans le cas où les dames de Kersaliou seraient appe¬
1684 1557 2780 1645 lées pour affaire à Saint-Brieuc?.... La mère inclinait
1688 1622 2777 1694 pour cette dernière interprétation, et, tout en se pro¬
1681 1679 2777 1744 nonçant en faveur de l’opinion contraire, la fille avait
1687 1727 2781 1787 peine à lutter contre le doute maintenant éveillé dans
1676 1770 1891 1842 son cœur.
1715 1805 2770 1907 Le doute! quelle affreuse chose en amitié! — Lau¬
1677 1863 2769 1960 rence se le reprochait comme un crime, et pour jus¬
1677 1942 2769 2012 tifier Agathe et Nathalie, elle s'accusait de suscep¬
1672 2007 2782 2062 tibilité vaine et d’ingratitude. Il fut convenu que
1672 2047 2782 2120 mademoiselle de Kersaliou et la vieille femme de
1672 2111 2773 2181 confiance se rendraient, le lendemain, à Saint Brieuc.
1679 2152 2777 2226 La distance était de treize ou quatorze lieues; une
1681 2205 2776 2269 diligence revenait, le soir, vers Saint-Jouan, et, sui¬
1677 2263 2771 2336 vant l’accueil, pouvait ramener le même jour les voya¬
1683 2313 2767 2393 geuses. Les petits préparatifs furent bientôt faits. Indé¬
1681 2375 2771 2438 pendamment de sa modesteawoilette de voyage, que
1679 2425 2773 2487 fallait-il à Laurence sinon sa robe de soie noire con¬
1670 2486 2769 2551 servée avec soin pour les grands jours, et, dans un
1676 2540 2774 2609 canton recommandé d’une manière toute spéciale au
1681 2575 2763 2656 Wotbucteur de la diligence, un chapeau de satin,
1683 2647 2763 2716 chef-d’œuvre d’une modiste de Broons ou de Lam¬
1680 2681 1802 2756 balle !
1730 2715 2771 2810 Au moment du départ, la joie qu’avait fait naître
1677 2794 2776 2870 la première lettre apportée par le facteur ne brillait
1688 2861 2776 2928 plus dans les yeux de l’héritière du manoir. Une
1679 2913 2773 2971 cruelle incertitude la tourmentait, et ce fut presque
1679 2968 2780 3029 en pleurant, qu'après avoir embrassé sa mère, elle
1679 3012 2774 3089 lui demanda de lui souhaiter une réception cor¬
1684 3062 2778 3137 diale, et de nature à ne pas lui permettre de revenir
1680 3123 2769 3184 au logis dès le même soir. Madame de Kersaliou sou¬
1680 3161 2174 3249 leva la tête en souriant.
1726 3238 2771 3300 « Je désire, dit-elle, que Mathalie ressemble par les
1679 3285 2767 3359 qualités du cœur et de l’esprit à l‘aïeule de son mari.
1679 3324 2777 3420 femme d'un noble caractère, et qui, cependant, n'a
1681 3395 2762 3460 pas été heureuse. Dans tous les cas, regarde, écoute,
1680 3457 2769 3528 et tâche de mettre à profit tes observations. Tu n'as
1684 3510 2771 3568 connu encore que le couvent et la solitude de nos
1679 3559 2773 3649 campagnes : je nommerai ceci ton premier pas dans
1679 3604 1939 3674 le monde. »
1730 3665 2767 3753 Tandis que la voiture emporte notre jeune sauvage,
1672 3716 2771 3820 disons ce qu'étaient de lu, son mari, et la famille
