<?xml version="1.0" encoding="UTF-8" standalone="yes"?><PcGts xmlns="http://schema.primaresearch.org/PAGE/gts/pagecontent/2013-07-15"><Metadata><Creator>prov=READ-COOP:name=TrHtr:version=2.42.0:model_id=356425:date=24_04_2026_10:28</Creator><Created>2026-03-06T16:36:39.246+01:00</Created><LastChange>2026-06-20T13:22:44.891+02:00</LastChange><TranskribusMetadata docId="14756063" pageId="115166514" pageNr="25" userId="187713" imgUrl="https://files.transkribus.eu/Get?fileType=view&amp;id=QRHFUMUIMMLLCTSDQRVZHSPL" imageId="97254120"/></Metadata><Page imageFilename="115166514.jpg" imageWidth="2907" imageHeight="4318"><TextRegion id="r" custom="readingOrder {index:0;} structure {type:page-number;}"><Coords points="1358,145 1444,145 1444,210 1358,210"/><TextLine id="r_tl_1" custom="readingOrder {index:0;}"><Coords points="1367,198 1377,200 1392,212 1399,208 1411,209 1426,202 1439,205 1443,155 1433,155 1424,148 1417,152 1388,144 1382,147 1371,146"/><Baseline points="1376,191 1421,188 1444,186"/><TextEquiv><Unicode>13</Unicode></TextEquiv></TextLine><TextEquiv><Unicode></Unicode></TextEquiv></TextRegion><TextRegion id="r_1" custom="readingOrder {index:1;} structure {type:paragraph;}"><Coords points="197,205 1377,205 1377,3886 197,3886"/><TextLine id="r_1_tl_1" custom="readingOrder {index:0;}"><Coords points="233,274 1341,279 1332,215 233,227"/><Baseline points="241,268 268,265 313,262 358,262 403,262 447,262 492,262 537,262 582,265 627,265 671,265 716,268 761,268 806,268 851,268 895,268 940,268 985,268 1030,268 1075,268 1119,265 1164,265 1209,265 1254,265 1298,265 1343,265"/><TextEquiv><Unicode>malement occis. Une goutte d’eau par charité, mes</Unicode></TextEquiv></TextLine><TextLine id="r_1_tl_2" custom="readingOrder {index:1;}"><Coords points="233,329 1341,338 1341,295 1277,276 233,276"/><Baseline points="241,319 286,316 331,316 376,316 421,316 465,316 510,319 555,319 600,322 645,325 689,325 734,325 779,325 824,325 868,325 913,325 958,325 1003,322 1048,322 1092,322 1137,319 1182,322 1227,319 1272,319 1316,322 1343,322"/><TextEquiv><Unicode>bonnes gens, car j’ai la langue desséchée et la poitrine</Unicode></TextEquiv></TextLine><TextLine id="r_1_tl_3" custom="readingOrder {index:2;}"><Coords points="225,383 259,383 276,394 312,378 355,387 365,378 385,390 423,381 494,385 494,341 477,334 434,334 421,344 390,330 349,342 288,324 225,335"/><Baseline points="232,373 277,370 322,370 367,370 412,373 456,373 495,376"/><TextEquiv><Unicode>me brûle ! »</Unicode></TextEquiv></TextLine><TextLine id="r_1_tl_4" custom="readingOrder {index:3;}"><Coords points="272,437 1342,449 1342,376 1238,365 272,383"/><Baseline points="280,430 325,427 370,427 415,427 459,430 504,432 549,432 594,432 639,435 683,435 728,432 773,432 818,432 863,430 907,430 952,430 997,430 1042,430 1086,430 1131,430 1176,430 1221,430 1266,430 1310,432 1346,435"/><TextEquiv><Unicode>Le peintre et sa fille s’empressèrent de donner au</Unicode></TextEquiv></TextLine><TextLine id="r_1_tl_5" custom="readingOrder {index:4;}"><Coords points="230,498 1338,502 1328,445 230,430"/><Baseline points="238,480 283,480 328,480 373,480 418,483 462,486 507,486 552,486 597,486 642,489 686,489 731,486 776,486 821,486 865,483 910,483 955,483 1000,483 1045,483 1089,483 1134,483 1179,486 1224,486 1269,486 1313,489 1340,492"/><TextEquiv><Unicode>fugitif les soins que réclamait son état, et tandis qu’il</Unicode></TextEquiv></TextLine><TextLine id="r_1_tl_6" custom="readingOrder {index:5;}"><Coords points="225,549 1334,553 1334,506 1205,498 225,495"/><Baseline points="232,537 277,537 322,537 367,537 412,540 456,540 501,543 546,543 591,543 636,543 680,543 725,540 770,540 815,537 860,537 904,537 949,540 994,540 1039,540 1083,540 1128,540 1173,540 1218,540 1263,543 1307,543 1337,549"/><TextEquiv><Unicode>réparait ses forces à l’aide d’un peu de nourriture et</Unicode></TextEquiv></TextLine><TextLine id="r_1_tl_7" custom="readingOrder {index:6;}"><Coords points="227,602 1335,609 1335,566 1241,553 227,549"/><Baseline points="235,594 280,591 325,591 370,594 415,594 459,597 504,597 549,597 594,597 639,597 683,594 728,594 773,594 818,594 863,594 907,594 952,594 997,594 1042,597 1086,597 1131,597 1176,597 1221,597 1266,597 1310,600 1337,603"/><TextEquiv><Unicode>de vin miellé chargé d’épices, que Blanche lui faisait</Unicode></TextEquiv></TextLine><TextLine id="r_1_tl_8" custom="readingOrder {index:7;}"><Coords points="225,657 1321,668 1321,622 1134,604 225,607"/><Baseline points="232,647 277,645 322,647 367,647 412,650 456,650 501,650 546,650 591,650 636,647 680,647 725,647 770,647 815,647 860,647 904,647 949,650 994,650 1039,650 1083,650 1128,650 1173,653 1218,653 1263,653 1307,653 1325,653"/><TextEquiv><Unicode>boire comme un merveilleux cordial, Landry se tor-</Unicode></TextEquiv></TextLine><TextLine id="r_1_tl_9" custom="readingOrder {index:8;}"><Coords points="227,708 1328,714 1299,665 227,657"/><Baseline points="235,704 280,701 325,701 370,704 415,704 459,704 504,704 549,704 594,704 639,704 683,704 728,701 773,701 818,701 863,701 907,701 952,701 997,701 1042,704 1086,704 1131,704 1176,707 1221,707 1266,704 1310,707 1331,707"/><TextEquiv><Unicode>turait le cerveau pour trouver un moyen de le sauver:</Unicode></TextEquiv></TextLine><TextLine id="r_1_tl_10" custom="readingOrder {index:9;}"><Coords points="225,762 1335,774 1334,731 1182,715 225,735"/><Baseline points="232,755 277,755 322,758 367,758 412,758 456,758 501,761 546,761 591,761 636,758 680,758 725,758 770,758 815,758 860,758 904,758 949,758 994,758 1039,758 1083,758 1128,758 1173,758 1218,758 1263,758 1307,761 1337,761"/><TextEquiv><Unicode>car, outre qu’en sa qualité de beau frère de Jacques</Unicode></TextEquiv></TextLine><TextLine id="r_1_tl_11" custom="readingOrder {index:10;}"><Coords points="225,818 1332,826 1332,782 1117,765 225,771"/><Baseline points="232,812 277,809 322,812 367,812 412,812 456,815 501,815 546,815 591,815 636,815 680,815 725,812 770,812 815,812 860,812 904,815 949,812 994,812 1039,812 1083,812 1128,812 1173,812 1218,812 1263,812 1307,812 1334,815"/><TextEquiv><Unicode>Gringonneur, peintre du roi, le père de Blanche</Unicode></TextEquiv></TextLine><TextLine id="r_1_tl_12" custom="readingOrder {index:11;}"><Coords points="227,879 1335,889 1335,829 1295,822 227,818"/><Baseline points="235,868 280,865 325,865 370,865 415,868 459,868 504,868 549,868 594,868 639,868 683,868 728,868 773,868 818,868 863,868 907,868 952,868 997,868 1042,868 1086,868 1131,868 1176,865 1221,865 1266,865 1310,868 1337,868"/><TextEquiv><Unicode>comptait pour royaliste, c’était, de plus, un brave et</Unicode></TextEquiv></TextLine><TextLine id="r_1_tl_13" custom="readingOrder {index:12;}"><Coords points="227,934 1335,933 1296,875 227,880"/><Baseline points="235,919 280,919 325,919 370,922 415,922 459,922 504,922 549,922 594,922 639,922 683,925 728,922 773,922 818,922 863,922 907,922 952,922 997,922 1042,925 1086,922 1131,922 1176,922 1221,922 1266,922 1310,922 1337,925"/><TextEquiv><Unicode>digne homme au cœur compatissant, et il n’hésitait</Unicode></TextEquiv></TextLine><TextLine id="r_1_tl_14" custom="readingOrder {index:13;}"><Coords points="230,995 1338,994 1338,948 1214,934 230,937"/><Baseline points="238,982 283,976 328,976 373,976 418,976 462,976 507,979 552,979 597,979 642,979 686,979 731,979 776,976 821,979 865,979 910,979 955,979 1000,979 1045,979 1089,979 1134,979 1179,976 1224,976 1269,976 1313,976 1340,982"/><TextEquiv><Unicode>pas à s’exposer lui-même au danger pour assurer le</Unicode></TextEquiv></TextLine><TextLine id="r_1_tl_15" custom="readingOrder {index:14;}"><Coords points="222,1044 1331,1042 1331,1008 1238,986 222,997"/><Baseline points="229,1033 274,1030 319,1030 364,1030 409,1030 453,1033 498,1033 543,1033 588,1033 633,1033 677,1033 722,1033 767,1033 812,1033 857,1033 901,1033 946,1033 991,1033 1036,1033 1080,1033 1125,1033 1170,1033 1215,1033 1260,1033 1304,1033 1334,1033"/><TextEquiv><Unicode>salut de son hôte. Mais par quel moyen? Quelle ruse</Unicode></TextEquiv></TextLine><TextLine id="r_1_tl_16" custom="readingOrder {index:15;}"><Coords points="227,1095 1336,1098 1328,1048 227,1056"/><Baseline points="235,1089 280,1086 325,1083 370,1086 415,1086 459,1086 504,1086 549,1086 594,1086 639,1089 683,1089 728,1086 773,1086 818,1089 863,1086 907,1086 952,1086 997,1086 1042,1089 1086,1086 1131,1086 1176,1086 1221,1086 1266,1086 1310,1089 1340,1089"/><TextEquiv><Unicode>employer pour déjouer ses persécuteurs, quel secours</Unicode></TextEquiv></TextLine><TextLine id="r_1_tl_17" custom="readingOrder {index:16;}"><Coords points="226,1151 1329,1155 1328,1103 1250,1095 754,1123 225,1092"/><Baseline points="232,1143 277,1140 322,1140 367,1140 412,1140 456,1143 501,1143 546,1143 591,1143 636,1143 680,1143 725,1143 770,1143 815,1143 860,1143 904,1143 949,1143 994,1143 1039,1143 1083,1140 1128,1143 1173,1143 1218,1143 1263,1143 1307,1143 1331,1143"/><TextEquiv><Unicode>implorer? Les voisins? on ne pouvait s’y fier ; fuir?</Unicode></TextEquiv></TextLine><TextLine id="r_1_tl_18" custom="readingOrder {index:17;}"><Coords points="227,1214 1328,1209 1317,1151 227,1159"/><Baseline points="235,1197 280,1197 325,1197 370,1197 415,1197 459,1197 504,1197 549,1197 594,1197 639,1197 683,1197 728,1197 773,1197 818,1197 863,1197 907,1197 952,1197 997,1200 1042,1200 1086,1200 1131,1197 1176,1200 1221,1200 1266,1200 1310,1200 1331,1197"/><TextEquiv><Unicode>était impossible; la rue était fermée, et l’on commen-</Unicode></TextEquiv></TextLine><TextLine id="r_1_tl_19" custom="readingOrder {index:18;}"><Coords points="227,1278 1324,1266 1324,1212 227,1228"/><Baseline points="235,1254 280,1254 325,1254 370,1254 415,1254 459,1254 504,1254 549,1254 594,1254 639,1254 683,1254 728,1254 773,1254 818,1254 863,1254 907,1254 952,1257 997,1254 1042,1254 1086,1254 1131,1254 1176,1254 1221,1254 1266,1254 1310,1254 1328,1254"/><TextEquiv><Unicode>çait à fouiller la maison d’à côté, dans quelques in¬</Unicode></TextEquiv></TextLine><TextLine id="r_1_tl_20" custom="readingOrder {index:19;}"><Coords points="225,1316 1332,1322 1332,1266 225,1284"/><Baseline points="232,1310 259,1307 304,1307 349,1307 394,1307 438,1307 483,1307 528,1307 573,1307 618,1310 662,1310 707,1310 752,1310 797,1310 842,1310 886,1310 931,1310 976,1310 1021,1310 1066,1310 1110,1310 1155,1310 1200,1310 1245,1310 1290,1310 1334,1307"/><TextEquiv><Unicode>stants même on allait arriver à la boutique d’aiguil¬</Unicode></TextEquiv></TextLine><TextLine id="r_1_tl_21" custom="readingOrder {index:20;}"><Coords points="230,1378 1275,1388 1334,1381 1334,1332 229,1317"/><Baseline points="238,1364 283,1361 328,1364 373,1364 418,1364 462,1364 507,1364 552,1364 597,1364 642,1364 686,1367 731,1364 776,1364 821,1364 865,1364 910,1364 955,1364 1000,1367 1045,1367 1089,1364 1134,1364 1179,1364 1224,1367 1269,1364 1313,1364 1337,1364"/><TextEquiv><Unicode>leterie. Le brave enlumineur en perdait la tête, et en</Unicode></TextEquiv></TextLine><TextLine id="r_1_tl_22" custom="readingOrder {index:21;}"><Coords points="230,1428 1328,1438 1328,1395 1255,1377 230,1388"/><Baseline points="238,1424 256,1418 301,1418 346,1421 391,1421 435,1421 480,1421 525,1421 570,1421 615,1421 659,1421 704,1421 749,1421 794,1421 839,1421 883,1421 928,1421 973,1421 1018,1421 1063,1421 1107,1418 1152,1418 1197,1418 1242,1418 1287,1418 1331,1421"/><TextEquiv><Unicode>arpentant le court espace qui composait la boutique</Unicode></TextEquiv></TextLine><TextLine id="r_1_tl_23" custom="readingOrder {index:22;}"><Coords points="237,1483 1338,1494 1338,1436 237,1449"/><Baseline points="244,1478 265,1475 310,1475 355,1475 400,1475 444,1475 489,1475 534,1475 579,1475 624,1475 668,1475 713,1475 758,1475 803,1475 848,1475 892,1475 937,1475 982,1475 1027,1475 1072,1475 1116,1475 1161,1475 1206,1475 1251,1475 1295,1475 1340,1475"/><TextEquiv><Unicode>et l’arrière-boutique où il travaillait de son état, il</Unicode></TextEquiv></TextLine><TextLine id="r_1_tl_24" custom="readingOrder {index:23;}"><Coords points="227,1537 1324,1560 1291,1490 227,1486"/><Baseline points="235,1528 280,1528 325,1528 370,1528 415,1528 459,1528 504,1528 549,1528 594,1528 639,1528 683,1528 728,1528 773,1528 818,1528 863,1528 907,1528 952,1528 997,1531 1042,1528 1086,1528 1131,1528 1176,1528 1221,1528 1266,1528 1310,1528 1328,1528"/><TextEquiv><Unicode>traduisait sa désolation en termes si vifs et si sinis-</Unicode></TextEquiv></TextLine><TextLine id="r_1_tl_25" custom="readingOrder {index:24;}"><Coords points="227,1593 1321,1596 1274,1547 227,1550"/><Baseline points="235,1585 280,1582 325,1582 370,1582 415,1582 459,1582 504,1582 549,1585 594,1582 639,1582 683,1582 728,1585 773,1585 818,1585 863,1585 907,1585 952,1585 997,1585 1042,1585 1086,1585 1131,1585 1176,1585 1221,1585 1266,1585 1310,1588 1325,1591"/><TextEquiv><Unicode>tres, que le comte lui-même, intervertissant les rôles</Unicode></TextEquiv></TextLine><TextLine id="r_1_tl_26" custom="readingOrder {index:25;}"><Coords points="225,1645 423,1666 469,1641 500,1662 793,1652 793,1601 595,1623 560,1600 225,1600"/><Baseline points="232,1639 277,1636 322,1636 367,1636 412,1636 456,1639 501,1639 546,1639 591,1639 636,1639 680,1639 725,1639 770,1639 797,1648"/><TextEquiv><Unicode>était obligé de le consoler.</Unicode></TextEquiv></TextLine><TextLine id="r_1_tl_27" custom="readingOrder {index:26;}"><Coords points="272,1700 1331,1713 1331,1665 1156,1627 919,1672 272,1650"/><Baseline points="280,1696 325,1693 370,1693 415,1693 459,1693 504,1693 549,1693 594,1693 639,1693 683,1693 728,1693 773,1696 818,1696 863,1696 907,1696 952,1696 997,1696 1042,1696 1086,1696 1131,1696 1176,1696 1221,1696 1266,1696 1310,1696 1334,1699"/><TextEquiv><Unicode>Tout à coup une pensée lumineuse éclaire son es¬</Unicode></TextEquiv></TextLine><TextLine id="r_1_tl_28" custom="readingOrder {index:27;}"><Coords points="227,1770 1321,1770 1321,1713 227,1706"/><Baseline points="235,1755 250,1749 295,1746 340,1749 385,1749 430,1749 474,1746 519,1746 564,1746 609,1749 653,1749 698,1749 743,1749 788,1749 833,1749 877,1749 922,1749 967,1749 1012,1749 1057,1752 1101,1752 1146,1752 1191,1749 1236,1752 1281,1752 1325,1752"/><TextEquiv><Unicode>prit, une exclamation de joie lui échappe. « Sauvé</Unicode></TextEquiv></TextLine><TextLine id="r_1_tl_29" custom="readingOrder {index:28;}"><Coords points="230,1819 794,1812 959,1855 1338,1822 1338,1767 230,1774"/><Baseline points="238,1803 283,1803 328,1803 373,1803 418,1803 462,1803 507,1803 552,1803 597,1803 642,1803 686,1803 731,1806 776,1803 821,1806 865,1806 910,1806 955,1806 1000,1806 1045,1806 1089,1806 1134,1806 1179,1806 1224,1806 1269,1806 1313,1809 1340,1812"/><TextEquiv><Unicode>dit-il, vous êtes sauvé, monseigneur. Oh! merci à</Unicode></TextEquiv></TextLine><TextLine id="r_1_tl_30" custom="readingOrder {index:29;}"><Coords points="225,1865 376,1887 911,1874 909,1826 857,1816 525,1840 420,1815 344,1845 225,1817"/><Baseline points="232,1857 277,1857 322,1857 367,1860 412,1857 456,1857 501,1857 546,1857 591,1857 636,1857 680,1860 725,1860 770,1860 815,1860 860,1860 904,1863 913,1863"/><TextEquiv><Unicode>Dieu, qui m’a envoyé cette idée!</Unicode></TextEquiv></TextLine><TextLine id="r_1_tl_31" custom="readingOrder {index:30;}"><Coords points="326,1919 1253,1942 1224,1853 889,1891 326,1881"/><Baseline points="334,1911 379,1914 424,1914 468,1914 513,1914 558,1914 603,1914 647,1914 692,1914 737,1914 782,1914 827,1917 871,1917 916,1914 961,1917 1006,1917 1051,1917 1095,1917 1140,1917 1185,1917 1230,1920 1257,1920"/><TextEquiv><Unicode>Que dites-vous, mon ami, et quel moyen?...</Unicode></TextEquiv></TextLine><TextLine id="r_1_tl_32" custom="readingOrder {index:31;}"><Coords points="277,1985 1217,2000 1329,1977 1328,1914 1220,1950 667,1920 276,1948"/><Baseline points="283,1958 328,1961 373,1967 418,1967 462,1967 507,1967 552,1967 597,1967 642,1967 686,1967 731,1970 776,1970 821,1970 865,1970 910,1970 955,1973 1000,1970 1045,1970 1089,1970 1134,1973 1179,1973 1224,1973 1269,1973 1313,1973 1331,1970"/><TextEquiv><Unicode>— Il est aussi simple que sûr, monseigneur; dai¬</Unicode></TextEquiv></TextLine><TextLine id="r_1_tl_33" custom="readingOrder {index:32;}"><Coords points="232,2045 1324,2057 1334,1991 230,1995"/><Baseline points="238,2030 262,2021 307,2021 352,2021 397,2021 441,2021 486,2021 531,2021 576,2024 621,2024 665,2024 710,2024 755,2024 800,2024 845,2024 889,2024 934,2027 979,2027 1024,2027 1069,2027 1113,2027 1158,2027 1203,2027 1248,2027 1293,2030 1337,2027"/><TextEquiv><Unicode>gnez seulement consentir à être le Diable pendant un</Unicode></TextEquiv></TextLine><TextLine id="r_1_tl_34" custom="readingOrder {index:33;}"><Coords points="225,2110 306,2085 1036,2096 1036,2050 597,2032 543,2061 344,2029 225,2053"/><Baseline points="232,2075 277,2075 322,2075 367,2075 412,2078 456,2078 501,2078 546,2081 591,2078 636,2081 680,2078 725,2078 770,2078 815,2078 860,2078 904,2081 949,2081 994,2081 1039,2084"/><TextEquiv><Unicode>quart d’heure, et je réponds de tout. »</Unicode></TextEquiv></TextLine><TextLine id="r_1_tl_35" custom="readingOrder {index:34;}"><Coords points="272,2151 1338,2154 1338,2110 1170,2078 968,2111 650,2084 494,2122 272,2095"/><Baseline points="280,2132 325,2132 370,2132 415,2132 459,2132 504,2132 549,2132 594,2132 639,2132 683,2132 728,2132 773,2132 818,2132 863,2132 907,2135 952,2135 997,2135 1042,2135 1086,2135 1131,2135 1176,2135 1221,2135 1266,2135 1310,2138 1340,2141"/><TextEquiv><Unicode>Le comte, qui s’était levé dans un élan de surprise</Unicode></TextEquiv></TextLine><TextLine id="r_1_tl_36" custom="readingOrder {index:35;}"><Coords points="233,2189 1334,2201 1334,2151 1284,2146 233,2153"/><Baseline points="241,2188 286,2185 331,2185 376,2185 421,2185 465,2185 510,2185 555,2185 600,2185 645,2185 689,2185 734,2188 779,2185 824,2188 868,2188 913,2188 958,2188 1003,2191 1048,2188 1092,2188 1137,2188 1182,2188 1227,2188 1272,2191 1316,2191 1337,2188"/><TextEquiv><Unicode>et de joie, à l’exclamation de Landry, retomba abattu</Unicode></TextEquiv></TextLine><TextLine id="r_1_tl_37" custom="readingOrder {index:36;}"><Coords points="233,2255 1336,2269 1306,2206 1173,2196 233,2215"/><Baseline points="241,2239 286,2236 331,2239 376,2239 421,2239 465,2239 510,2239 555,2242 600,2242 645,2239 689,2242 734,2242 779,2242 824,2242 868,2242 913,2242 958,2245 1003,2242 1048,2242 1092,2242 1137,2242 1182,2245 1227,2245 1272,2245 1316,2245 1340,2248"/><TextEquiv><Unicode>sur son siége; ces étranges paroles venaient de le</Unicode></TextEquiv></TextLine><TextLine id="r_1_tl_38" custom="readingOrder {index:37;}"><Coords points="233,2301 1338,2311 1286,2257 233,2264"/><Baseline points="241,2293 286,2293 331,2293 376,2293 421,2293 465,2293 510,2296 555,2296 600,2296 645,2296 689,2296 734,2296 779,2296 824,2296 868,2299 913,2299 958,2299 1003,2299 1048,2299 1092,2299 1137,2299 1182,2299 1227,2299 1272,2299 1316,2302 1340,2302"/><TextEquiv><Unicode>convaincre que l’émotion avait fait perdre la raison</Unicode></TextEquiv></TextLine><TextLine id="r_1_tl_39" custom="readingOrder {index:38;}"><Coords points="230,2361 665,2373 665,2318 624,2309 506,2328 470,2309 426,2323 408,2309 230,2315"/><Baseline points="238,2350 283,2347 328,2350 373,2347 418,2347 462,2347 507,2350 552,2350 597,2350 642,2353 668,2353"/><TextEquiv><Unicode>au pauvre bourgeois.</Unicode></TextEquiv></TextLine><TextLine id="r_1_tl_40" custom="readingOrder {index:39;}"><Coords points="272,2409 1309,2425 1336,2361 736,2339 676,2383 270,2372"/><Baseline points="280,2403 325,2403 370,2403 415,2403 459,2403 504,2403 549,2406 594,2403 639,2406 683,2406 728,2406 773,2406 818,2406 863,2406 907,2406 952,2406 997,2406 1042,2409 1086,2409 1131,2409 1176,2409 1221,2409 1266,2409 1310,2412 1340,2415"/><TextEquiv><Unicode>Mais celui-ci, sans remarquer ce signe de doute et</Unicode></TextEquiv></TextLine><TextLine id="r_1_tl_41" custom="readingOrder {index:40;}"><Coords points="226,2472 1320,2476 1292,2416 225,2423"/><Baseline points="232,2457 277,2457 322,2457 367,2457 412,2457 456,2457 501,2457 546,2457 591,2460 636,2460 680,2460 725,2460 770,2460 815,2460 860,2460 904,2463 949,2463 994,2463 1039,2463 1083,2463 1128,2463 1173,2463 1218,2463 1263,2463 1307,2463 1322,2466"/><TextEquiv><Unicode>de découragement, avait couru à la porte de la bou-</Unicode></TextEquiv></TextLine><TextLine id="r_1_tl_42" custom="readingOrder {index:41;}"><Coords points="230,2535 1328,2538 1327,2488 1213,2474 1019,2509 753,2463 229,2468"/><Baseline points="238,2514 283,2511 328,2511 373,2511 418,2511 462,2511 507,2511 552,2511 597,2514 642,2514 686,2514 731,2514 776,2514 821,2514 865,2517 910,2517 955,2517 1000,2520 1045,2517 1089,2517 1134,2517 1179,2520 1224,2520 1269,2520 1313,2520 1331,2520"/><TextEquiv><Unicode>tique dont il avait tiré le long verrou, afin de gagner</Unicode></TextEquiv></TextLine><TextLine id="r_1_tl_43" custom="readingOrder {index:42;}"><Coords points="225,2596 1328,2588 1328,2538 1135,2526 225,2533"/><Baseline points="232,2565 277,2565 322,2565 367,2565 412,2565 456,2565 501,2565 546,2568 591,2568 636,2568 680,2568 725,2568 770,2568 815,2571 860,2571 904,2571 949,2571 994,2574 1039,2574 1083,2574 1128,2574 1173,2574 1218,2574 1263,2574 1307,2574 1331,2574"/><TextEquiv><Unicode>quelques instants, puis était revenu expliquer au</Unicode></TextEquiv></TextLine><TextLine id="r_1_tl_44" custom="readingOrder {index:43;}"><Coords points="230,2630 1328,2639 1328,2603 1261,2588 230,2595"/><Baseline points="238,2621 283,2618 328,2618 373,2618 418,2618 462,2618 507,2621 552,2621 597,2621 642,2621 686,2621 731,2624 776,2624 821,2624 865,2624 910,2627 955,2627 1000,2627 1045,2627 1089,2627 1134,2627 1179,2627 1224,2627 1269,2630 1313,2630 1331,2630"/><TextEquiv><Unicode>comte son singulier moyen : ce que nous allons faire</Unicode></TextEquiv></TextLine><TextLine id="r_1_tl_45" custom="readingOrder {index:44;}"><Coords points="225,2682 273,2680 284,2691 306,2682 369,2692 403,2681 498,2687 496,2644 482,2651 462,2638 446,2648 413,2641 391,2655 338,2638 277,2648 223,2628"/><Baseline points="232,2675 277,2675 322,2675 367,2675 412,2675 456,2675 501,2681"/><TextEquiv><Unicode>à notre tour.</Unicode></TextEquiv></TextLine><TextLine id="r_1_tl_46" custom="readingOrder {index:45;}"><Coords points="272,2736 1338,2752 1336,2680 1188,2712 871,2669 270,2689"/><Baseline points="280,2732 325,2729 370,2729 415,2729 459,2732 504,2729 549,2729 594,2732 639,2732 683,2732 728,2732 773,2732 818,2732 863,2732 907,2732 952,2732 997,2732 1042,2735 1086,2735 1131,2735 1176,2735 1221,2738 1266,2738 1310,2738 1340,2741"/><TextEquiv><Unicode>Landry, en sa qualité de peintre-enlumineur, avait</Unicode></TextEquiv></TextLine><TextLine id="r_1_tl_47" custom="readingOrder {index:46;}"><Coords points="225,2797 1321,2806 1321,2749 225,2743"/><Baseline points="232,2786 277,2783 322,2783 367,2783 412,2786 456,2786 501,2786 546,2786 591,2786 636,2786 680,2786 725,2786 770,2786 815,2789 860,2789 904,2789 949,2789 994,2792 1039,2789 1083,2789 1128,2789 1173,2789 1218,2792 1263,2792 1307,2792 1325,2789"/><TextEquiv><Unicode>reçu d’une confrérie chargée des apprêts de la céré-</Unicode></TextEquiv></TextLine><TextLine id="r_1_tl_48" custom="readingOrder {index:47;}"><Coords points="225,2854 1322,2864 1291,2802 225,2797"/><Baseline points="232,2839 277,2836 322,2839 367,2839 412,2839 456,2839 501,2839 546,2839 591,2839 636,2839 680,2839 725,2839 770,2842 815,2842 860,2842 904,2842 949,2842 994,2845 1039,2845 1083,2845 1128,2845 1173,2845 1218,2845 1263,2845 1307,2848 1325,2848"/><TextEquiv><Unicode>monie de la fameuse Danse Macabre, qui devait avoir</Unicode></TextEquiv></TextLine><TextLine id="r_1_tl_49" custom="readingOrder {index:48;}"><Coords points="227,2901 1328,2917 1327,2858 226,2854"/><Baseline points="235,2893 280,2893 325,2893 370,2893 415,2893 459,2893 504,2893 549,2893 594,2893 639,2893 683,2896 728,2899 773,2896 818,2896 863,2896 907,2899 952,2899 997,2899 1042,2899 1086,2899 1131,2899 1176,2899 1221,2899 1266,2902 1310,2902 1331,2902"/><TextEquiv><Unicode>lieu à deux jours de là, une commande de masques</Unicode></TextEquiv></TextLine><TextLine id="r_1_tl_50" custom="readingOrder {index:49;}"><Coords points="225,2955 902,2967 902,2911 823,2901 786,2926 530,2901 225,2921"/><Baseline points="232,2947 277,2947 322,2947 367,2947 412,2947 456,2947 501,2950 546,2950 591,2947 636,2950 680,2950 725,2950 770,2950 815,2950 860,2953 904,2956 907,2953"/><TextEquiv><Unicode>enluminés et de costumes peints.</Unicode></TextEquiv></TextLine><TextLine id="r_1_tl_51" custom="readingOrder {index:50;}"><Coords points="266,3008 1325,3023 1325,2960 1275,2942 859,2979 266,2960"/><Baseline points="274,3007 319,3004 364,3004 409,3004 453,3004 498,3004 543,3004 588,3004 633,3004 677,3007 722,3007 767,3007 812,3007 857,3007 901,3007 946,3007 991,3007 1036,3007 1080,3010 1125,3010 1170,3010 1215,3010 1260,3010 1304,3010 1328,3013"/><TextEquiv><Unicode>La danse macabre, sorte de comédie philosophique</Unicode></TextEquiv></TextLine><TextLine id="r_1_tl_52" custom="readingOrder {index:51;}"><Coords points="225,3064 1076,3072 1170,3105 1321,3082 1320,3022 223,3032"/><Baseline points="232,3054 277,3054 322,3057 367,3057 412,3057 456,3057 501,3060 546,3057 591,3060 636,3060 680,3060 725,3060 770,3060 815,3060 860,3060 904,3060 949,3060 994,3063 1039,3063 1083,3063 1128,3060 1173,3063 1218,3063 1263,3063 1307,3069 1325,3069"/><TextEquiv><Unicode>et religieuse, en très-grand honneur au moyen âge,</Unicode></TextEquiv></TextLine><TextLine id="r_1_tl_53" custom="readingOrder {index:52;}"><Coords points="233,3123 1328,3130 1328,3089 1263,3079 233,3082"/><Baseline points="241,3108 286,3108 331,3111 376,3111 421,3111 465,3111 510,3111 555,3111 600,3114 645,3114 689,3114 734,3114 779,3117 824,3114 868,3117 913,3117 958,3117 1003,3117 1048,3117 1092,3117 1137,3117 1182,3117 1227,3117 1272,3120 1316,3120 1331,3120"/><TextEquiv><Unicode>avait ses représentations à Paris, sur un théâtre</Unicode></TextEquiv></TextLine><TextLine id="r_1_tl_54" custom="readingOrder {index:53;}"><Coords points="230,3168 1321,3183 1321,3136 230,3122"/><Baseline points="238,3162 283,3162 328,3162 373,3165 418,3165 462,3168 507,3168 552,3168 597,3168 642,3168 686,3168 731,3171 776,3171 821,3171 865,3171 910,3171 955,3171 1000,3174 1045,3171 1089,3171 1134,3171 1179,3171 1224,3174 1269,3174 1313,3174 1325,3177"/><TextEquiv><Unicode>dressé dans le cimetière même des Innocents, tout</Unicode></TextEquiv></TextLine><TextLine id="r_1_tl_55" custom="readingOrder {index:54;}"><Coords points="237,3240 1261,3252 1328,3245 1328,3198 236,3175"/><Baseline points="244,3222 289,3216 334,3219 379,3219 424,3222 468,3222 513,3222 558,3225 603,3225 647,3225 692,3225 737,3225 782,3225 827,3225 871,3225 916,3225 961,3225 1006,3225 1051,3225 1095,3225 1140,3228 1185,3228 1230,3228 1275,3228 1319,3228 1331,3228"/><TextEquiv><Unicode>près du Pilori, qui, lorsque le cimetière devint plus</Unicode></TextEquiv></TextLine><TextLine id="r_1_tl_56" custom="readingOrder {index:55;}"><Coords points="237,3270 821,3315 1331,3295 1307,3241 1095,3230 237,3240"/><Baseline points="244,3269 289,3269 334,3269 379,3272 424,3272 468,3275 513,3275 558,3275 603,3278 647,3278 692,3278 737,3278 782,3278 827,3278 871,3278 916,3278 961,3278 1006,3281 1051,3281 1095,3281 1140,3281 1185,3284 1230,3284 1275,3284 1319,3284 1334,3290"/><TextEquiv><Unicode>tard un marché, s’appela le pilori des Halles, pour le</Unicode></TextEquiv></TextLine><TextLine id="r_1_tl_57" custom="readingOrder {index:56;}"><Coords points="237,3331 1181,3360 1313,3349 1313,3301 236,3276"/><Baseline points="244,3323 289,3320 334,3323 379,3323 424,3326 468,3326 513,3329 558,3329 603,3329 647,3332 692,3332 737,3332 782,3332 827,3335 871,3335 916,3335 961,3335 1006,3335 1051,3335 1095,3335 1140,3335 1185,3335 1230,3335 1275,3338 1316,3338"/><TextEquiv><Unicode>distinguer des autres piloris. Les principaux person</Unicode></TextEquiv></TextLine><TextLine id="r_1_tl_58" custom="readingOrder {index:57;}"><Coords points="230,3384 1252,3418 1324,3360 229,3338"/><Baseline points="238,3374 283,3371 328,3374 373,3377 418,3377 462,3380 507,3383 552,3383 597,3383 642,3383 686,3386 731,3386 776,3386 821,3386 865,3389 910,3389 955,3389 1000,3389 1045,3389 1089,3389 1134,3389 1179,3389 1224,3392 1269,3392 1313,3392 1328,3392"/><TextEquiv><Unicode>nages de cette comédie étaient la MORT, hideux sque-</Unicode></TextEquiv></TextLine><TextLine id="r_1_tl_59" custom="readingOrder {index:58;}"><Coords points="230,3441 1320,3463 1318,3420 1199,3400 1119,3428 229,3391"/><Baseline points="238,3428 283,3425 328,3425 373,3428 418,3428 462,3431 507,3434 552,3437 597,3437 642,3437 686,3440 731,3440 776,3440 821,3440 865,3440 910,3443 955,3443 1000,3443 1045,3443 1089,3443 1134,3443 1179,3443 1224,3446 1269,3446 1313,3446 1322,3446"/><TextEquiv><Unicode>lette vêtu d’un linceul et armé d‘une faux, qui com-</Unicode></TextEquiv></TextLine><TextLine id="r_1_tl_60" custom="readingOrder {index:59;}"><Coords points="237,3495 1332,3517 1298,3457 237,3448"/><Baseline points="244,3484 289,3478 334,3478 379,3478 424,3481 468,3484 513,3487 558,3487 603,3490 647,3490 692,3493 737,3493 782,3496 827,3496 871,3496 916,3496 961,3496 1006,3496 1051,3496 1095,3496 1140,3496 1185,3499 1230,3499 1275,3502 1319,3502 1334,3505"/><TextEquiv><Unicode>mandait toute la troupe ; mais la VIERGE MARIE, le</Unicode></TextEquiv></TextLine><TextLine id="r_1_tl_61" custom="readingOrder {index:60;}"><Coords points="230,3543 1292,3577 1313,3527 229,3495"/><Baseline points="238,3535 283,3535 328,3535 373,3532 418,3532 462,3535 507,3538 552,3538 597,3541 642,3544 686,3547 731,3547 776,3547 821,3547 865,3550 910,3550 955,3550 1000,3550 1045,3550 1089,3550 1134,3550 1179,3550 1224,3550 1269,3553 1313,3553 1316,3553"/><TextEquiv><Unicode>ROI, le PAPE, les Anges, le DIABLE; toutes les puissan¬</Unicode></TextEquiv></TextLine><TextLine id="r_1_tl_62" custom="readingOrder {index:61;}"><Coords points="237,3611 1309,3636 1324,3571 236,3563"/><Baseline points="244,3592 289,3589 334,3589 379,3586 424,3589 468,3586 513,3589 558,3589 603,3592 647,3595 692,3598 737,3598 782,3601 827,3601 871,3604 916,3604 961,3604 1006,3604 1051,3607 1095,3607 1140,3607 1185,3607 1230,3607 1275,3607 1319,3610 1328,3613"/><TextEquiv><Unicode>ces, tous les vices de la terre y figuraient pour donner</Unicode></TextEquiv></TextLine><TextLine id="r_1_tl_63" custom="readingOrder {index:62;}"><Coords points="232,3662 1336,3672 1335,3636 428,3596 230,3624"/><Baseline points="238,3649 283,3646 328,3643 373,3643 418,3640 462,3643 507,3643 552,3643 597,3646 642,3646 686,3649 731,3652 776,3652 821,3655 865,3655 910,3658 955,3658 1000,3661 1045,3661 1089,3661 1134,3661 1179,3661 1224,3661 1269,3664 1313,3664 1340,3664"/><TextEquiv><Unicode>au peuple le moral spectacle de la Morr, livrant au</Unicode></TextEquiv></TextLine><TextLine id="r_1_tl_64" custom="readingOrder {index:63;}"><Coords points="230,3708 1325,3729 1311,3672 230,3662"/><Baseline points="238,3702 283,3699 328,3699 373,3699 418,3696 462,3696 507,3696 552,3696 597,3696 642,3696 686,3699 731,3702 776,3705 821,3705 865,3708 910,3708 955,3711 1000,3711 1045,3711 1089,3714 1134,3714 1179,3714 1224,3714 1269,3717 1313,3717 1328,3717"/><TextEquiv><Unicode>DIABLE le fort et le méchant, tandis que la VIERGE ou</Unicode></TextEquiv></TextLine><TextLine id="r_1_tl_65" custom="readingOrder {index:64;}"><Coords points="225,3768 1320,3800 1318,3744 1198,3722 543,3704 387,3736 223,3704"/><Baseline points="232,3756 277,3753 322,3753 367,3753 412,3753 456,3750 501,3753 546,3750 591,3750 636,3750 680,3753 725,3753 770,3756 815,3759 860,3759 904,3765 949,3765 994,3765 1039,3765 1083,3768 1128,3768 1173,3768 1218,3768 1263,3768 1307,3771 1322,3771"/><TextEquiv><Unicode>le bon Ange protégeait le faible, le pauvre et le ver-</Unicode></TextEquiv></TextLine><TextLine id="r_1_tl_66" custom="readingOrder {index:65;}"><Coords points="230,3822 255,3818 280,3829 304,3819 326,3819 370,3832 370,3779 356,3782 338,3775 286,3784 245,3766 229,3772"/><Baseline points="238,3810 283,3810 328,3810 373,3813"/><TextEquiv><Unicode>tueux.</Unicode></TextEquiv></TextLine><TextEquiv><Unicode></Unicode></TextEquiv></TextRegion><TextRegion id="r_2" custom="readingOrder {index:2;} structure {type:paragraph;}"><Coords points="1403,217 2573,217 2573,2186 1403,2186"/><TextLine id="r_2_tl_1" custom="readingOrder {index:0;}"><Coords points="1474,277 2534,312 2533,252 2427,229 2043,254 1694,202 1474,230"/><Baseline points="1481,268 1525,268 1570,268 1615,265 1660,268 1705,268 1749,271 1794,271 1839,274 1884,277 1929,280 1973,283 2018,283 2063,283 2108,283 2153,283 2197,283 2242,283 2287,286 2332,286 2376,289 2421,289 2466,289 2511,289 2538,289"/><TextEquiv><Unicode>Landry avait donc dans l’arrière-boutique, la plu¬</Unicode></TextEquiv></TextLine><TextLine id="r_2_tl_2" custom="readingOrder {index:1;}"><Coords points="1435,342 2527,372 2530,312 1433,292"/><Baseline points="1442,325 1487,319 1531,319 1576,319 1621,322 1666,322 1711,322 1755,325 1800,325 1845,328 1890,331 1935,334 1979,337 2024,337 2069,340 2114,340 2159,340 2203,340 2248,340 2293,340 2338,343 2382,343 2427,343 2472,343 2517,346 2535,346"/><TextEquiv><Unicode>part placés sur des mannequins d’osier, un grand</Unicode></TextEquiv></TextLine><TextLine id="r_2_tl_3" custom="readingOrder {index:2;}"><Coords points="1425,396 2529,420 2527,356 1424,348"/><Baseline points="1433,376 1478,373 1522,373 1567,373 1612,373 1657,376 1702,376 1746,376 1791,379 1836,379 1881,382 1926,385 1970,388 2015,391 2060,394 2105,397 2150,397 2194,397 2239,397 2284,397 2329,397 2374,397 2418,397 2463,397 2508,400 2532,400"/><TextEquiv><Unicode>nombre de costumes qu’il avait disposés pour la fête</Unicode></TextEquiv></TextLine><TextLine id="r_2_tl_4" custom="readingOrder {index:3;}"><Coords points="1426,439 2529,470 2527,419 1425,396"/><Baseline points="1433,432 1478,430 1522,430 1567,430 1612,430 1657,430 1702,430 1746,430 1791,432 1836,432 1881,435 1926,435 1970,438 2015,441 2060,444 2105,447 2150,450 2194,450 2239,453 2284,450 2329,453 2374,453 2418,453 2463,453 2508,453 2529,456"/><TextEquiv><Unicode>du surlendemain et entr’autres celui du Diable auquel</Unicode></TextEquiv></TextLine><TextLine id="r_2_tl_5" custom="readingOrder {index:4;}"><Coords points="1432,503 2530,521 2502,466 1431,453"/><Baseline points="1439,489 1484,486 1528,486 1573,486 1618,486 1663,486 1708,486 1752,486 1797,486 1842,486 1887,489 1932,489 1976,492 2021,495 2066,495 2111,498 2156,501 2200,504 2245,504 2290,507 2335,510 2379,510 2424,510 2469,510 2514,510 2532,513"/><TextEquiv><Unicode>il avait consacré un tel luxe d’enjolivements qu’il</Unicode></TextEquiv></TextLine><TextLine id="r_2_tl_6" custom="readingOrder {index:5;}"><Coords points="1425,570 2031,591 2113,557 2386,610 2530,596 2529,521 1424,502"/><Baseline points="1433,546 1478,543 1522,543 1567,543 1612,543 1657,543 1702,543 1746,543 1791,543 1836,543 1881,543 1926,543 1970,546 2015,546 2060,549 2105,549 2150,552 2194,555 2239,558 2284,561 2329,564 2374,564 2418,567 2463,567 2508,570 2532,570"/><TextEquiv><Unicode>était vraiment effroyable, et que le regard hésitait à</Unicode></TextEquiv></TextLine><TextLine id="r_2_tl_7" custom="readingOrder {index:6;}"><Coords points="1420,629 1483,609 1546,629 1568,613 1773,614 1773,563 1754,554 1679,575 1633,564 1597,573 1550,553 1487,568 1453,559 1420,579"/><Baseline points="1427,603 1472,600 1516,600 1561,600 1606,600 1651,600 1696,600 1740,600 1776,603"/><TextEquiv><Unicode>s’arrêter sur lui.</Unicode></TextEquiv></TextLine><TextLine id="r_2_tl_8" custom="readingOrder {index:7;}"><Coords points="1472,668 2531,699 2530,645 2402,604 1471,614"/><Baseline points="1478,656 1522,653 1567,653 1612,656 1657,656 1702,656 1746,653 1791,653 1836,653 1881,653 1926,656 1970,656 2015,656 2060,656 2105,656 2150,659 2194,659 2239,659 2284,662 2329,662 2374,665 2418,668 2463,671 2508,671 2535,671"/><TextEquiv><Unicode>C’est précisément ce qui lui avait donné l’idée, bur¬</Unicode></TextEquiv></TextLine><TextLine id="r_2_tl_9" custom="readingOrder {index:8;}"><Coords points="1425,724 2526,732 2526,685 2379,676 1425,670"/><Baseline points="1433,710 1478,707 1522,710 1567,710 1612,710 1657,713 1702,713 1746,713 1791,713 1836,713 1881,713 1926,713 1970,710 2015,710 2060,713 2105,713 2150,713 2194,713 2239,713 2284,716 2329,716 2374,719 2418,719 2463,722 2508,725 2529,728"/><TextEquiv><Unicode>lesque en apparence, mais en réalité fort ingénieuse.</Unicode></TextEquiv></TextLine><TextLine id="r_2_tl_10" custom="readingOrder {index:9;}"><Coords points="1428,774 2529,792 2499,736 1428,736"/><Baseline points="1436,761 1481,761 1525,761 1570,764 1615,767 1660,767 1705,767 1749,767 1794,767 1839,770 1884,770 1929,767 1973,770 2018,767 2063,767 2108,767 2153,767 2197,767 2242,770 2287,770 2332,770 2376,773 2421,773 2466,776 2511,779 2532,782"/><TextEquiv><Unicode>d’abriter le comte de Châtillon sous l’enveloppe du</Unicode></TextEquiv></TextLine><TextLine id="r_2_tl_11" custom="readingOrder {index:10;}"><Coords points="1420,818 2529,858 2529,798 1418,787"/><Baseline points="1427,815 1472,812 1516,812 1561,815 1606,818 1651,821 1696,821 1740,824 1785,824 1830,824 1875,824 1920,827 1964,827 2009,827 2054,827 2099,827 2144,824 2188,827 2233,827 2278,827 2323,827 2368,830 2412,830 2457,830 2502,836 2532,836"/><TextEquiv><Unicode>roi des enfers, bien assuré que ses persécuteurs, si</Unicode></TextEquiv></TextLine><TextLine id="r_2_tl_12" custom="readingOrder {index:11;}"><Coords points="1425,876 1959,930 2039,898 2527,912 2526,857 2376,839 1425,839"/><Baseline points="1433,868 1478,865 1522,865 1567,868 1612,868 1657,871 1702,874 1746,874 1791,877 1836,880 1881,880 1926,883 1970,883 2015,883 2060,883 2105,883 2150,880 2194,883 2239,883 2284,883 2329,883 2374,883 2418,883 2463,886 2508,886 2529,889"/><TextEquiv><Unicode>acharnés qu’ils fussent, ne s’aviseraient pas d’aller le</Unicode></TextEquiv></TextLine><TextLine id="r_2_tl_13" custom="readingOrder {index:12;}"><Coords points="1420,926 1537,950 1560,930 1604,955 1665,934 1749,954 1819,937 1878,959 1921,950 1920,919 1862,896 1744,907 1467,877 1418,901"/><Baseline points="1427,922 1472,919 1516,919 1561,922 1606,922 1651,925 1696,925 1740,928 1785,931 1830,931 1875,934 1920,937 1923,937"/><TextEquiv><Unicode>chercher en pareil gîte.</Unicode></TextEquiv></TextLine><TextLine id="r_2_tl_14" custom="readingOrder {index:13;}"><Coords points="1468,995 2425,1027 2529,1011 2529,965 2251,979 1977,927 1673,968 1467,932"/><Baseline points="1475,976 1519,976 1564,976 1609,976 1654,979 1699,979 1743,982 1788,982 1833,982 1878,985 1923,988 1967,991 2012,991 2057,994 2102,994 2147,994 2191,994 2236,994 2281,994 2326,994 2371,994 2415,994 2460,997 2505,997 2532,997"/><TextEquiv><Unicode>Le comte approuva l’idée de Landry, et s’empressa</Unicode></TextEquiv></TextLine><TextLine id="r_2_tl_15" custom="readingOrder {index:14;}"><Coords points="1425,1042 2517,1081 2530,1011 2264,1036 1424,988"/><Baseline points="1433,1033 1478,1030 1522,1030 1567,1030 1612,1033 1657,1033 1702,1033 1746,1033 1791,1036 1836,1039 1881,1039 1926,1042 1970,1042 2015,1045 2060,1045 2105,1048 2150,1051 2194,1051 2239,1051 2284,1051 2329,1051 2374,1051 2418,1051 2463,1051 2508,1054 2535,1054"/><TextEquiv><Unicode>de s’installer à la place du mannequin sous la toile</Unicode></TextEquiv></TextLine><TextLine id="r_2_tl_16" custom="readingOrder {index:15;}"><Coords points="1422,1097 2526,1120 2483,1062 1422,1067"/><Baseline points="1430,1089 1475,1086 1519,1086 1564,1086 1609,1086 1654,1089 1699,1086 1743,1089 1788,1089 1833,1089 1878,1092 1923,1092 1967,1092 2012,1095 2057,1098 2102,1101 2147,1101 2191,1104 2236,1104 2281,1104 2326,1107 2371,1107 2415,1107 2460,1107 2505,1107 2529,1113"/><TextEquiv><Unicode>couleur de flamme, surmontée d’une horrible tête</Unicode></TextEquiv></TextLine><TextLine id="r_2_tl_17" custom="readingOrder {index:16;}"><Coords points="1421,1159 2522,1192 2530,1134 1420,1105"/><Baseline points="1427,1143 1472,1143 1516,1143 1561,1143 1606,1143 1651,1143 1696,1143 1740,1146 1785,1146 1830,1146 1875,1146 1920,1146 1964,1146 2009,1149 2054,1152 2099,1152 2144,1152 2188,1155 2233,1158 2278,1158 2323,1161 2368,1161 2412,1161 2457,1164 2502,1164 2535,1164"/><TextEquiv><Unicode>cornue : il était grand temps, la substitution étaiit à</Unicode></TextEquiv></TextLine><TextLine id="r_2_tl_18" custom="readingOrder {index:17;}"><Coords points="1428,1224 2512,1241 2502,1180 1428,1170"/><Baseline points="1436,1203 1481,1200 1525,1200 1570,1200 1615,1200 1660,1200 1705,1200 1749,1200 1794,1200 1839,1200 1884,1200 1929,1203 1973,1203 2018,1203 2063,1203 2108,1206 2153,1206 2197,1206 2242,1209 2287,1212 2332,1215 2376,1215 2421,1218 2466,1218 2511,1221 2514,1221"/><TextEquiv><Unicode>peine opérée que les soldats qui faisaient les perquisi¬</Unicode></TextEquiv></TextLine><TextLine id="r_2_tl_19" custom="readingOrder {index:18;}"><Coords points="1420,1284 2182,1271 2182,1227 1420,1230"/><Baseline points="1427,1257 1472,1254 1516,1254 1561,1254 1606,1254 1651,1257 1696,1257 1740,1257 1785,1257 1830,1257 1875,1260 1920,1257 1964,1257 2009,1257 2054,1260 2099,1260 2144,1260 2185,1263"/><TextEquiv><Unicode>tions frappaient à la porte de la rue.</Unicode></TextEquiv></TextLine><TextLine id="r_2_tl_20" custom="readingOrder {index:19;}"><Coords points="1461,1331 2513,1352 2531,1300 1460,1270"/><Baseline points="1469,1310 1513,1310 1558,1310 1603,1310 1648,1310 1693,1310 1737,1310 1782,1310 1827,1313 1872,1313 1917,1313 1961,1313 2006,1313 2051,1313 2096,1313 2141,1313 2185,1316 2230,1316 2275,1316 2320,1316 2365,1319 2409,1322 2454,1325 2499,1325 2535,1328"/><TextEquiv><Unicode>Landry, avec un empressement qui ne manquait pas</Unicode></TextEquiv></TextLine><TextLine id="r_2_tl_21" custom="readingOrder {index:20;}"><Coords points="1420,1371 2522,1399 2520,1353 2402,1334 1690,1349 1420,1309"/><Baseline points="1427,1367 1472,1364 1516,1364 1561,1364 1606,1364 1651,1364 1696,1367 1740,1364 1785,1367 1830,1367 1875,1367 1920,1367 1964,1367 2009,1367 2054,1367 2099,1367 2144,1370 2188,1370 2233,1370 2278,1370 2323,1373 2368,1373 2412,1376 2457,1379 2502,1379 2523,1382"/><TextEquiv><Unicode>d’affectation, courut leur ouvrir et leur fit le plus po¬</Unicode></TextEquiv></TextLine><TextLine id="r_2_tl_22" custom="readingOrder {index:21;}"><Coords points="1420,1444 2516,1446 2516,1396 2451,1386 1420,1385"/><Baseline points="1427,1418 1472,1418 1516,1418 1561,1418 1606,1418 1651,1418 1696,1418 1740,1418 1785,1418 1830,1421 1875,1421 1920,1421 1964,1421 2009,1424 2054,1424 2099,1424 2144,1424 2188,1424 2233,1427 2278,1427 2323,1427 2368,1427 2412,1430 2457,1430 2502,1430 2520,1427"/><TextEquiv><Unicode>liment possible les honneurs du logis. Il poussa l’at-</Unicode></TextEquiv></TextLine><TextLine id="r_2_tl_23" custom="readingOrder {index:22;}"><Coords points="1420,1483 2526,1504 2504,1444 1420,1438"/><Baseline points="1427,1475 1472,1472 1516,1475 1561,1475 1606,1475 1651,1475 1696,1475 1740,1475 1785,1475 1830,1478 1875,1478 1920,1478 1964,1478 2009,1478 2054,1478 2099,1478 2144,1481 2188,1481 2233,1481 2278,1481 2323,1481 2368,1484 2412,1484 2457,1484 2502,1484 2529,1487"/><TextEquiv><Unicode>tention jusqu’à allumer un second luminaire, afin de</Unicode></TextEquiv></TextLine><TextLine id="r_2_tl_24" custom="readingOrder {index:23;}"><Coords points="1420,1542 2384,1571 2523,1553 2523,1519 1418,1483"/><Baseline points="1427,1528 1472,1528 1516,1528 1561,1528 1606,1528 1651,1528 1696,1528 1740,1531 1785,1531 1830,1531 1875,1531 1920,1531 1964,1534 2009,1534 2054,1534 2099,1534 2144,1534 2188,1534 2233,1537 2278,1537 2323,1537 2368,1537 2412,1540 2457,1540 2502,1540 2526,1543"/><TextEquiv><Unicode>donner aux visiteurs un avant-goût de la danse ma-</Unicode></TextEquiv></TextLine><TextLine id="r_2_tl_25" custom="readingOrder {index:24;}"><Coords points="1420,1593 2516,1625 2527,1568 1418,1547"/><Baseline points="1427,1585 1472,1582 1516,1585 1561,1585 1606,1585 1651,1585 1696,1585 1740,1585 1785,1585 1830,1585 1875,1588 1920,1588 1964,1588 2009,1588 2054,1588 2099,1591 2144,1591 2188,1591 2233,1591 2278,1591 2323,1591 2368,1594 2412,1594 2457,1594 2502,1594 2529,1597"/><TextEquiv><Unicode>cabre, en leur faisant admirer les magnifiques cos¬</Unicode></TextEquiv></TextLine><TextLine id="r_2_tl_26" custom="readingOrder {index:25;}"><Coords points="1420,1652 2531,1672 2531,1621 2458,1611 1420,1609"/><Baseline points="1427,1639 1472,1639 1516,1639 1561,1639 1606,1639 1651,1642 1696,1639 1740,1642 1785,1642 1830,1642 1875,1642 1920,1642 1964,1642 2009,1645 2054,1645 2099,1645 2144,1645 2188,1645 2233,1648 2278,1648 2323,1648 2368,1648 2412,1648 2457,1648 2502,1651 2535,1651"/><TextEquiv><Unicode>tumes et curieux masques qui y figuraient. Ajoutons</Unicode></TextEquiv></TextLine><TextLine id="r_2_tl_27" custom="readingOrder {index:26;}"><Coords points="1420,1711 2527,1716 2527,1675 2247,1661 1420,1661"/><Baseline points="1427,1693 1472,1696 1516,1696 1561,1696 1606,1696 1651,1696 1696,1696 1740,1696 1785,1696 1830,1699 1875,1699 1920,1699 1964,1699 2009,1699 2054,1699 2099,1702 2144,1699 2188,1702 2233,1702 2278,1702 2323,1702 2368,1702 2412,1705 2457,1705 2502,1705 2529,1708"/><TextEquiv><Unicode>qu’ils se comportèrent en fins connaisseurs, ne se</Unicode></TextEquiv></TextLine><TextLine id="r_2_tl_28" custom="readingOrder {index:27;}"><Coords points="1420,1772 2529,1788 2529,1726 2347,1713 1420,1723"/><Baseline points="1427,1752 1472,1749 1516,1749 1561,1749 1606,1749 1651,1752 1696,1752 1740,1752 1785,1752 1830,1752 1875,1752 1920,1752 1964,1752 2009,1755 2054,1755 2099,1755 2144,1755 2188,1755 2233,1755 2278,1755 2323,1755 2368,1758 2412,1758 2457,1758 2502,1758 2532,1758"/><TextEquiv><Unicode>montrant pas trop avares d’éloges, à l’endroit surtout</Unicode></TextEquiv></TextLine><TextLine id="r_2_tl_29" custom="readingOrder {index:28;}"><Coords points="1421,1833 2533,1853 2531,1788 2486,1781 1420,1772"/><Baseline points="1427,1806 1472,1806 1516,1806 1561,1806 1606,1806 1651,1806 1696,1806 1740,1806 1785,1806 1830,1809 1875,1809 1920,1809 1964,1809 2009,1809 2054,1809 2099,1812 2144,1812 2188,1809 2233,1812 2278,1812 2323,1812 2368,1812 2412,1812 2457,1815 2502,1815 2535,1818"/><TextEquiv><Unicode>de messire Satanas, dont la face grimaçante provoqua</Unicode></TextEquiv></TextLine><TextLine id="r_2_tl_30" custom="readingOrder {index:29;}"><Coords points="1420,1873 1895,1871 2010,1896 2128,1876 2128,1846 2078,1822 1420,1828"/><Baseline points="1427,1860 1472,1860 1516,1863 1561,1863 1606,1863 1651,1863 1696,1863 1740,1863 1785,1863 1830,1863 1875,1863 1920,1863 1964,1863 2009,1866 2054,1866 2099,1866 2132,1866"/><TextEquiv><Unicode>force joyeusetés et malins propos.</Unicode></TextEquiv></TextLine><TextLine id="r_2_tl_31" custom="readingOrder {index:30;}"><Coords points="1471,1926 2531,1950 2531,1899 2203,1859 2010,1896 1471,1883"/><Baseline points="1478,1917 1522,1917 1567,1917 1612,1917 1657,1920 1702,1917 1746,1920 1791,1917 1836,1920 1881,1920 1926,1920 1970,1920 2015,1920 2060,1920 2105,1920 2150,1920 2194,1920 2239,1923 2284,1923 2329,1923 2374,1923 2418,1926 2463,1926 2508,1926 2535,1926"/><TextEquiv><Unicode>Puis le vocabulaire admiratif étant épuisé, en</Unicode></TextEquiv></TextLine><TextLine id="r_2_tl_32" custom="readingOrder {index:31;}"><Coords points="1422,1982 2509,2007 2526,1950 1421,1932"/><Baseline points="1430,1970 1475,1970 1519,1970 1564,1970 1609,1973 1654,1973 1699,1970 1743,1973 1788,1973 1833,1973 1878,1973 1923,1973 1967,1973 2012,1976 2057,1973 2102,1976 2147,1976 2191,1976 2236,1976 2281,1976 2326,1976 2371,1976 2415,1976 2460,1979 2505,1982 2529,1982"/><TextEquiv><Unicode>même temps qu’une bonne pinte de vin de Suresne,</Unicode></TextEquiv></TextLine><TextLine id="r_2_tl_33" custom="readingOrder {index:32;}"><Coords points="1420,2035 2520,2046 2520,2003 2194,1977 2056,2007 1420,1986"/><Baseline points="1427,2027 1472,2024 1516,2027 1561,2027 1606,2027 1651,2027 1696,2027 1740,2027 1785,2030 1830,2030 1875,2030 1920,2030 1964,2030 2009,2030 2054,2030 2099,2030 2144,2030 2188,2030 2233,2030 2278,2030 2323,2030 2368,2030 2412,2030 2457,2030 2502,2033 2523,2033"/><TextEquiv><Unicode>ils se retirèrent, jurant par leur baptême de chrétien</Unicode></TextEquiv></TextLine><TextLine id="r_2_tl_34" custom="readingOrder {index:33;}"><Coords points="1422,2093 2176,2093 2273,2133 2526,2104 2505,2045 1421,2039"/><Baseline points="1430,2081 1475,2081 1519,2081 1564,2081 1609,2081 1654,2081 1699,2081 1743,2081 1788,2081 1833,2081 1878,2084 1923,2084 1967,2084 2012,2084 2057,2084 2102,2084 2147,2084 2191,2084 2236,2084 2281,2087 2326,2087 2371,2087 2415,2087 2460,2087 2505,2087 2529,2090"/><TextEquiv><Unicode>ne pas connaître de meilleur bourguignon que le</Unicode></TextEquiv></TextLine><TextLine id="r_2_tl_35" custom="readingOrder {index:34;}"><Coords points="1420,2143 1481,2156 1540,2146 1561,2160 1605,2147 1701,2182 1774,2151 1838,2161 1838,2093 1770,2111 1579,2088 1551,2106 1490,2092 1420,2111"/><Baseline points="1427,2138 1472,2135 1516,2135 1561,2135 1606,2135 1651,2135 1696,2135 1740,2138 1785,2138 1830,2141 1842,2141"/><TextEquiv><Unicode>maître enlumineur.</Unicode></TextEquiv></TextLine><TextEquiv><Unicode></Unicode></TextEquiv></TextRegion><TextRegion id="r_3" custom="readingOrder {index:3;} structure {type:heading;}"><Coords points="1417,2179 2561,2179 2561,2390 1417,2390"/><TextLine id="r_3_tl_1" custom="readingOrder {index:0;}"><Coords points="1938,2248 1946,2248 1964,2260 1968,2257 1975,2264 1985,2264 1992,2257 1996,2261 2003,2261 2003,2200 1986,2200 1981,2194 1973,2199 1960,2193 1952,2200 1938,2197"/><Baseline points="1946,2248 1991,2248 2006,2248"/><TextEquiv><Unicode>III</Unicode></TextEquiv></TextLine><TextLine id="r_3_tl_2" custom="readingOrder {index:1;}"><Coords points="1420,2364 2246,2370 2465,2411 2527,2407 2527,2316 1418,2297"/><Baseline points="1427,2356 1472,2353 1516,2353 1561,2353 1606,2356 1651,2356 1696,2356 1740,2356 1785,2356 1830,2356 1875,2359 1920,2359 1964,2359 2009,2359 2054,2359 2099,2359 2144,2359 2188,2362 2233,2362 2278,2362 2323,2362 2368,2365 2412,2365 2457,2365 2502,2368 2529,2371"/><TextEquiv><Unicode>COMMENT PAR SUITE ON PEUT ALLER AU PILORI.</Unicode></TextEquiv></TextLine><TextEquiv><Unicode></Unicode></TextEquiv></TextRegion><TextRegion id="r_4" custom="readingOrder {index:4;} structure {type:paragraph;}"><Coords points="1406,2401 2579,2401 2579,3897 1406,3897"/><TextLine id="r_4_tl_1" custom="readingOrder {index:0;}"><Coords points="1474,2487 2533,2486 2533,2415 1474,2426"/><Baseline points="1481,2463 1525,2466 1570,2466 1615,2466 1660,2466 1705,2466 1749,2466 1794,2466 1839,2466 1884,2469 1929,2469 1973,2469 2018,2469 2063,2469 2108,2469 2153,2469 2197,2469 2242,2472 2287,2472 2332,2472 2376,2472 2421,2472 2466,2472 2511,2475 2535,2475"/><TextEquiv><Unicode>Quand les soldats furent enfin sortis, le comte de</Unicode></TextEquiv></TextLine><TextLine id="r_4_tl_2" custom="readingOrder {index:1;}"><Coords points="1422,2530 2509,2556 2531,2494 1421,2474"/><Baseline points="1430,2520 1475,2520 1519,2520 1564,2520 1609,2520 1654,2520 1699,2520 1743,2520 1788,2523 1833,2523 1878,2523 1923,2523 1967,2523 2012,2523 2057,2523 2102,2526 2147,2526 2191,2526 2236,2526 2281,2526 2326,2526 2371,2526 2415,2529 2460,2529 2505,2529 2535,2529"/><TextEquiv><Unicode>Châtillon sortit aussi de sa cachette, non sans rire de la</Unicode></TextEquiv></TextLine><TextLine id="r_4_tl_3" custom="readingOrder {index:2;}"><Coords points="1420,2585 2527,2594 2527,2556 2450,2540 1420,2555"/><Baseline points="1427,2577 1472,2574 1516,2574 1561,2574 1606,2577 1651,2577 1696,2577 1740,2577 1785,2577 1830,2577 1875,2577 1920,2577 1964,2580 2009,2580 2054,2580 2099,2580 2144,2580 2188,2580 2233,2580 2278,2580 2323,2580 2368,2580 2412,2580 2457,2580 2502,2583 2529,2586"/><TextEquiv><Unicode>sotte figure qu’avaient faite en face de lui ses terribles</Unicode></TextEquiv></TextLine><TextLine id="r_4_tl_4" custom="readingOrder {index:3;}"><Coords points="1420,2651 2527,2646 2506,2592 1420,2609"/><Baseline points="1427,2636 1472,2630 1516,2627 1561,2627 1606,2630 1651,2630 1696,2630 1740,2630 1785,2630 1830,2633 1875,2630 1920,2630 1964,2630 2009,2630 2054,2630 2099,2633 2144,2633 2188,2633 2233,2633 2278,2633 2323,2633 2368,2633 2412,2633 2457,2633 2502,2636 2529,2639"/><TextEquiv><Unicode>persécuteurs; puis, profitant des ombres de la nuit, il</Unicode></TextEquiv></TextLine><TextLine id="r_4_tl_5" custom="readingOrder {index:4;}"><Coords points="1420,2713 2527,2707 2508,2646 1420,2656"/><Baseline points="1427,2678 1469,2684 1513,2684 1558,2684 1603,2684 1648,2684 1693,2684 1737,2684 1782,2684 1827,2684 1872,2684 1917,2684 1961,2684 2006,2684 2051,2687 2096,2684 2141,2687 2185,2687 2230,2687 2275,2687 2320,2687 2365,2687 2409,2687 2454,2687 2499,2690 2529,2690"/><TextEquiv><Unicode>quitta, après de vifs remerciments et de brillantes</Unicode></TextEquiv></TextLine><TextLine id="r_4_tl_6" custom="readingOrder {index:5;}"><Coords points="1420,2759 2516,2771 2516,2709 2468,2702 1420,2700"/><Baseline points="1427,2741 1472,2738 1516,2738 1561,2738 1606,2738 1651,2738 1696,2738 1740,2738 1785,2738 1830,2738 1875,2738 1920,2738 1964,2738 2009,2738 2054,2738 2099,2738 2144,2741 2188,2741 2233,2741 2278,2741 2323,2741 2368,2744 2412,2744 2457,2744 2502,2744 2520,2744"/><TextEquiv><Unicode>promesses, la maison secourable de Landry, qui se</Unicode></TextEquiv></TextLine><TextLine id="r_4_tl_7" custom="readingOrder {index:6;}"><Coords points="1417,2800 2510,2820 2490,2761 2329,2752 1417,2760"/><Baseline points="1424,2795 1469,2792 1513,2792 1558,2792 1603,2792 1648,2792 1693,2792 1737,2792 1782,2792 1827,2792 1872,2792 1917,2792 1961,2792 2006,2792 2051,2795 2096,2795 2141,2795 2185,2795 2230,2795 2275,2795 2320,2798 2365,2798 2409,2798 2454,2798 2499,2798 2514,2801"/><TextEquiv><Unicode>félicitait de son côté, avec sa fille, d’être heureuse-</Unicode></TextEquiv></TextLine><TextLine id="r_4_tl_8" custom="readingOrder {index:7;}"><Coords points="1420,2868 2423,2863 2423,2806 1420,2818"/><Baseline points="1427,2845 1472,2845 1516,2845 1561,2845 1606,2845 1651,2845 1696,2845 1740,2845 1785,2845 1830,2845 1875,2845 1920,2845 1964,2845 2009,2845 2054,2845 2099,2848 2144,2848 2188,2848 2233,2851 2278,2851 2323,2851 2368,2851 2412,2854 2427,2857"/><TextEquiv><Unicode>ment débarrassé d’un hôte aussi compromettant.</Unicode></TextEquiv></TextLine><TextLine id="r_4_tl_9" custom="readingOrder {index:8;}"><Coords points="1468,2911 2420,2932 2513,2913 2513,2879 1467,2856"/><Baseline points="1475,2905 1519,2902 1564,2902 1609,2899 1654,2899 1699,2899 1743,2899 1788,2899 1833,2899 1878,2899 1923,2899 1967,2899 2012,2899 2057,2902 2102,2902 2147,2902 2191,2905 2236,2905 2281,2905 2326,2905 2371,2905 2415,2908 2460,2908 2505,2908 2517,2908"/><TextEquiv><Unicode>Tout eût été au mieux si les choses en étaient res¬</Unicode></TextEquiv></TextLine><TextLine id="r_4_tl_10" custom="readingOrder {index:9;}"><Coords points="1425,2967 2506,2992 2520,2949 2461,2917 1424,2906"/><Baseline points="1433,2959 1478,2956 1522,2953 1567,2956 1612,2953 1657,2953 1702,2953 1746,2953 1791,2953 1836,2953 1881,2953 1926,2953 1970,2956 2015,2956 2060,2956 2105,2956 2150,2959 2194,2959 2239,2959 2284,2962 2329,2962 2374,2962 2418,2962 2463,2965 2508,2968 2523,2971"/><TextEquiv><Unicode>tées là; malheureusement Landry avait la mauvaise</Unicode></TextEquiv></TextLine><TextLine id="r_4_tl_11" custom="readingOrder {index:10;}"><Coords points="1414,3019 2516,3037 2516,2990 2455,2974 1414,2972"/><Baseline points="1421,3010 1466,3010 1511,3010 1555,3010 1600,3010 1645,3007 1690,3010 1734,3007 1779,3010 1824,3010 1869,3010 1914,3010 1958,3013 2003,3013 2048,3013 2093,3013 2138,3013 2182,3016 2227,3016 2272,3016 2317,3016 2362,3016 2406,3016 2451,3016 2496,3016 2520,3019"/><TextEquiv><Unicode>habitude de passer ses soirées chez un Tavernier de</Unicode></TextEquiv></TextLine><TextLine id="r_4_tl_12" custom="readingOrder {index:11;}"><Coords points="1414,3069 2505,3084 2505,3047 2433,3033 1414,3043"/><Baseline points="1421,3066 1466,3063 1511,3060 1555,3063 1600,3063 1645,3063 1690,3063 1734,3063 1779,3063 1824,3066 1869,3066 1914,3066 1958,3066 2003,3066 2048,3069 2093,3069 2138,3069 2182,3069 2227,3069 2272,3069 2317,3069 2362,3069 2406,3069 2451,3069 2496,3069 2508,3066"/><TextEquiv><Unicode>ses voisins, et quand, dans l’intervalle du commence-</Unicode></TextEquiv></TextLine><TextLine id="r_4_tl_13" custom="readingOrder {index:12;}"><Coords points="1414,3148 2522,3130 2520,3090 2405,3079 1413,3095"/><Baseline points="1421,3120 1466,3117 1511,3117 1555,3117 1600,3117 1645,3117 1690,3117 1734,3117 1779,3120 1824,3120 1869,3120 1914,3120 1958,3120 2003,3123 2048,3123 2093,3123 2138,3123 2182,3123 2227,3123 2272,3123 2317,3123 2362,3123 2406,3123 2451,3123 2496,3123 2523,3123"/><TextEquiv><Unicode>ment de la nuitée au couvre-feu, il avait vidé quelques</Unicode></TextEquiv></TextLine><TextLine id="r_4_tl_14" custom="readingOrder {index:13;}"><Coords points="1428,3193 2516,3188 2490,3132 2416,3161 1428,3138"/><Baseline points="1436,3174 1445,3174 1490,3174 1534,3174 1579,3174 1624,3174 1669,3174 1714,3174 1758,3174 1803,3174 1848,3174 1893,3177 1938,3177 1982,3177 2027,3177 2072,3177 2117,3177 2161,3177 2206,3177 2251,3177 2296,3177 2341,3174 2385,3174 2430,3174 2475,3174 2520,3171"/><TextEquiv><Unicode>pintées, la langue lui démangeait outre mesure, et il</Unicode></TextEquiv></TextLine><TextLine id="r_4_tl_15" custom="readingOrder {index:14;}"><Coords points="1417,3236 2513,3251 2480,3184 1417,3194"/><Baseline points="1424,3228 1442,3228 1487,3228 1531,3228 1576,3228 1621,3228 1666,3228 1711,3228 1755,3228 1800,3231 1845,3231 1890,3231 1935,3231 1979,3231 2024,3231 2069,3231 2114,3231 2159,3231 2203,3231 2248,3228 2293,3228 2338,3228 2382,3228 2427,3225 2472,3225 2517,3225"/><TextEquiv><Unicode>fallait qu’il en fît bon ou mauvais usage pour apai¬</Unicode></TextEquiv></TextLine><TextLine id="r_4_tl_16" custom="readingOrder {index:15;}"><Coords points="1415,3294 1669,3292 1702,3308 1741,3291 1865,3295 1863,3256 1780,3241 1687,3256 1493,3240 1414,3260"/><Baseline points="1421,3284 1466,3281 1511,3281 1555,3281 1600,3281 1645,3284 1690,3284 1734,3281 1779,3284 1824,3284 1866,3287"/><TextEquiv><Unicode>ser la démangeaison.</Unicode></TextEquiv></TextLine><TextLine id="r_4_tl_17" custom="readingOrder {index:16;}"><Coords points="1464,3349 2520,3348 2520,3292 2461,3269 1877,3317 1464,3292"/><Baseline points="1472,3341 1493,3338 1537,3338 1582,3338 1627,3335 1672,3338 1717,3335 1761,3338 1806,3338 1851,3338 1896,3338 1941,3338 1985,3335 2030,3335 2075,3335 2120,3335 2164,3332 2209,3332 2254,3332 2299,3332 2344,3332 2388,3332 2433,3332 2478,3335 2523,3338"/><TextEquiv><Unicode>Le lendemain donc de ce fameux jour, et la veille</Unicode></TextEquiv></TextLine><TextLine id="r_4_tl_18" custom="readingOrder {index:17;}"><Coords points="1420,3396 2513,3413 2515,3352 1421,3341"/><Baseline points="1427,3395 1442,3392 1487,3392 1531,3392 1576,3392 1621,3392 1666,3392 1711,3392 1755,3392 1800,3392 1845,3392 1890,3392 1935,3389 1979,3389 2024,3389 2069,3386 2114,3386 2159,3383 2203,3383 2248,3383 2293,3386 2338,3386 2382,3389 2427,3389 2472,3389 2517,3389"/><TextEquiv><Unicode>de celui où devait avoir lieu la danse macabre, Landry</Unicode></TextEquiv></TextLine><TextLine id="r_4_tl_19" custom="readingOrder {index:18;}"><Coords points="1417,3460 2517,3456 2466,3399 1417,3407"/><Baseline points="1424,3449 1469,3446 1513,3446 1558,3446 1603,3446 1648,3446 1693,3446 1737,3446 1782,3446 1827,3446 1872,3443 1917,3443 1961,3440 2006,3440 2051,3440 2096,3437 2141,3437 2185,3437 2230,3437 2275,3440 2320,3440 2365,3443 2409,3443 2454,3446 2499,3446 2520,3449"/><TextEquiv><Unicode>s’était trouvé plus empressé que de coutume d’aller à la</Unicode></TextEquiv></TextLine><TextLine id="r_4_tl_20" custom="readingOrder {index:19;}"><Coords points="1422,3514 2516,3516 2490,3455 1422,3459"/><Baseline points="1430,3499 1475,3499 1519,3499 1564,3499 1609,3499 1654,3499 1699,3499 1743,3499 1788,3496 1833,3496 1878,3496 1923,3493 1967,3493 2012,3490 2057,3490 2102,3490 2147,3490 2191,3493 2236,3493 2281,3496 2326,3496 2371,3496 2415,3499 2460,3499 2505,3502 2520,3502"/><TextEquiv><Unicode>taverne de maître Guillon, à l’enseigne de la Fontaine</Unicode></TextEquiv></TextLine><TextLine id="r_4_tl_21" custom="readingOrder {index:20;}"><Coords points="1422,3565 2520,3564 2479,3517 2265,3502 1422,3514"/><Baseline points="1430,3559 1448,3556 1493,3556 1537,3553 1582,3553 1627,3553 1672,3553 1717,3550 1761,3550 1806,3550 1851,3547 1896,3544 1941,3544 1985,3544 2030,3544 2075,3544 2120,3544 2164,3547 2209,3547 2254,3550 2299,3550 2344,3553 2388,3553 2433,3553 2478,3556 2523,3556"/><TextEquiv><Unicode>merveilleuse, laquelle fontaine lançait des jets d’un</Unicode></TextEquiv></TextLine><TextLine id="r_4_tl_22" custom="readingOrder {index:21;}"><Coords points="1432,3622 2513,3629 2490,3564 1432,3572"/><Baseline points="1439,3610 1484,3607 1528,3607 1573,3607 1618,3607 1663,3604 1708,3604 1752,3601 1797,3601 1842,3598 1887,3598 1932,3595 1976,3595 2021,3598 2066,3598 2111,3601 2156,3601 2200,3604 2245,3604 2290,3607 2335,3607 2379,3610 2424,3610 2469,3610 2514,3610 2517,3610"/><TextEquiv><Unicode>vin rubicond ; à son troisième pot, il avait oublié</Unicode></TextEquiv></TextLine><TextLine id="r_4_tl_23" custom="readingOrder {index:22;}"><Coords points="1422,3678 2516,3679 2491,3622 1422,3622"/><Baseline points="1430,3664 1475,3661 1519,3661 1564,3658 1609,3658 1654,3655 1699,3655 1743,3652 1788,3652 1833,3649 1878,3649 1923,3649 1967,3649 2012,3649 2057,3652 2102,3655 2147,3655 2191,3658 2236,3661 2281,3661 2326,3661 2371,3664 2415,3664 2460,3664 2505,3664 2520,3664"/><TextEquiv><Unicode>les sages recommandations de Blanche, ainsi que la</Unicode></TextEquiv></TextLine><TextLine id="r_4_tl_24" custom="readingOrder {index:23;}"><Coords points="1422,3733 2516,3726 2465,3675 2358,3701 1991,3654 1421,3686"/><Baseline points="1430,3717 1475,3711 1519,3711 1564,3708 1609,3708 1654,3708 1699,3705 1743,3705 1788,3702 1833,3702 1878,3702 1923,3705 1967,3705 2012,3705 2057,3708 2102,3711 2147,3711 2191,3714 2236,3714 2281,3717 2326,3717 2371,3717 2415,3717 2460,3717 2505,3717 2520,3717"/><TextEquiv><Unicode>promesse qu’il lui avait faite d’être discret, et d‘un</Unicode></TextEquiv></TextLine><TextLine id="r_4_tl_25" custom="readingOrder {index:24;}"><Coords points="1420,3784 2513,3780 2513,3740 2426,3726 1420,3729"/><Baseline points="1427,3765 1472,3765 1516,3762 1561,3762 1606,3759 1651,3759 1696,3756 1740,3756 1785,3756 1830,3756 1875,3756 1920,3759 1964,3759 2009,3762 2054,3765 2099,3765 2144,3768 2188,3768 2233,3771 2278,3771 2323,3771 2368,3771 2412,3771 2457,3771 2502,3771 2517,3771"/><TextEquiv><Unicode>air tout triomphant il avait annoncé à ses compagnons</Unicode></TextEquiv></TextLine><TextLine id="r_4_tl_26" custom="readingOrder {index:25;}"><Coords points="1426,3848 2515,3839 2468,3782 1425,3786"/><Baseline points="1433,3819 1478,3819 1522,3816 1567,3813 1612,3813 1657,3813 1702,3810 1746,3813 1791,3810 1836,3813 1881,3813 1926,3816 1970,3816 2015,3819 2060,3822 2105,3822 2150,3825 2194,3825 2239,3825 2284,3828 2329,3828 2374,3825 2418,3825 2463,3825 2508,3822 2517,3819"/><TextEquiv><Unicode>qu’il allait leur narrer une plaisante et joviale nis¬</Unicode></TextEquiv></TextLine><TextEquiv><Unicode></Unicode></TextEquiv></TextRegion></Page></PcGts>