2897 4318
1232 206 1348 305 179
176 293 1229 375 La Brélivet écoutait avec ravissement ces paroles
145 366 1242 425 très-sincères, et l'enfant, les yeux sur les miens, me
138 421 1235 492 remerciait d'un regard affectueux pour avoir si bien
141 472 1229 536 compris l’attachement qu’elle me portait. Miquelon
135 531 1232 589 me léchait la main comme s’il eût voulu me dire
135 574 1229 647 aussi à sa manière que tout m'aimait dans cette mai¬
135 647 1227 703 son, même le chien. On prétend que les préoccupa¬
144 691 1224 766 tions de la vie matérielle dessèchent le coeur des pau¬
153 748 1233 811 vres : j'ai vu cent fois des preuves du contraire, et
148 786 1231 867 j'affirmerais volontiers que les entraînements du luxe,
144 851 1232 907 la soif insatiable des plaisirs, ont fait plus d’égoïstes
145 904 934 965 que toutes les horreurs de l'indigence.
182 953 1217 1030 Il est à remarquer que les personnes naïves et peu
138 1005 1231 1080 instruites aiment passionnément les récits. Après avoir
134 1067 1224 1127 donné quelques soins à l’étude facile du caractère de
144 1112 1217 1191 la Brélivet et de sa petite fille, et quand je pus appré¬
138 1164 1221 1231 cier tout ce qu’il y avait d’élevé, de délicat même
135 1227 1224 1290 dans ces deux âmes, je trouvai un indicible plaisir à
145 1268 1218 1348 les entretenir parfois de mes souvenirs les plus chers.
134 1332 1214 1402 On peut se montrer confiant sans être jamais fami¬
135 1376 1224 1445 lier. D’ailleurs, la vieille femme et l’enfant, l‘une
133 1441 1214 1511 avec le sérieux de son âge, l’autre avec l‘enjouement
138 1489 1217 1551 du matin de la vie, me donnaient un précieux exemple
137 1544 1217 1604 d'expension mêlée de réserve. Je vous disais tout à
130 1597 1209 1660 l’heure que les cheveux blancs de la Brélivet me rap¬
133 1651 1213 1719 pelaient mon aïeule : sa bonté me la rappelait égale¬
122 1708 1202 1765 ment, car cette femme, si pauvre qu’il lui fallait gar¬
129 1760 1212 1824 der des vêtements mouillés sur son corps brisé de
129 1812 1209 1889 rhumatismes, faute d’un jupon de rechange quand
130 1869 1209 1932 elle revenait des champs ou du marché, après avoir
129 1925 1212 1994 passé plusieurs heures sous une pluie battante; cette
123 1977 1213 2044 femme trouvait dans son indigence mille ressources
134 2027 1201 2102 pour se rendre utile et faire le bien. Une bonne par¬
133 2081 1214 2148 tie des plantes qu’elle cueillait avec tant de fatigues
133 2131 1213 2195 était livrée gratuitement aux malades de son quartier.
133 2180 1212 2262 Souvent elle préparait elle-même les tisanes; et, de
131 2237 1212 2317 plus, elle n'épargnait pas ses nuits au chevet de ceux
130 2295 1210 2362 qui ne pouvaient payer une garde. D’autres secours
124 2337 1202 2425 dans l’ordre moral n’étaient pas moins appréciés des
123 2400 1210 2462 malheureux : la Bréivet savait encourager et con¬
124 2460 1209 2526 soler mieux que personne. Modèle de patience, de
124 2513 1199 2586 soumission, de confiance en Dieu, elle devenait élo¬
134 2557 1202 2628 quente en parlant de la confiance en Dieu, de la sou¬
124 2604 647 2669 mission et de la patience.
168 2664 1202 2730 J’arrive à l’événement dont le souvenir m’a, tout à
122 2716 1061 2788 l'heure, engagé à vous raconter cette histoire.
165 2773 1202 2838 Emilienne achevait sa onzième année : depuis plu¬
126 2827 1206 2894 sieurs mois elle suivait le catéchisme, et, dans huit
131 2870 1202 2959 jours, elle allait faire sa première communion. J'étais
138 2931 1191 3007 venu chez la grand’mère lui remettre une pièce d’ar¬
133 2972 1201 3060 gent pour l’aider dans cette circonstance solennelle;
130 3032 1205 3118 mais, avant d'entrer chez la bonne femme, je m'étais
131 3080 1197 3155 arrêté un moment dans la chapelle des Carmes, où
137 3127 1194 3220 j'avais vu la petite fille absorbée dans ses prières de¬
137 3196 1201 3275 vant une petite statue de la Sainte-Vierge qui était
131 3238 1201 3333 posée alors sur la balustrade d'un autel latéral. Un
131 3294 1191 3375 rayon de soleil éclairait la figure de l’enfant, et je fus
124 3352 1201 3427 si frappé de l’expression de foi ardente, de suave
129 3396 1198 3494 tendresse répandue sur les traits d’Emilienne, que je
129 3452 1201 3545 ne pus m'empêcher d'en parler à ma vieille amie. La
129 3506 1198 3599 Brélivet devint pensive; et comme je lui demandais
129 3558 924 3627 l'explication du silence qu'elle gardait :
174 3617 1194 3696 « J'avais promis de me taire, dit-elle, et pour¬
129 3653 1199 3746 tant je n'en ai pas le courage; surtout lorsque je sens
130 3726 1195 3806 moi-même le besoin de vous confier toutes mes in¬
124 3772 1197 3874 quiétudes. Emilienne à commencé hier une neuvaine
1316 324 2399 425 à Notre-Dame de Bon-Secours pour en obtenir un mi¬
1325 379 2397 492 racle : la pauvre petite est persuadée qu'elle pourra
1318 428 2399 536 marcher sans béquilles le jour de sa première com¬
1320 472 1543 550 munion. »
1368 548 2400 630 Cette déclaration, faite d’une voix émue, me rendit
1316 604 2397 686 muet à mon tour. La vieille femme soupira, appela
1320 648 2401 743 Miquelon, qui se tenait couché sur le seuil, ferma la
1324 712 2396 796 porte, et prenant son rouct et sa quenouille, poursui¬
1325 766 2006 836 vit avec un peu plus d'assurance :
1359 827 2408 896 « L'enfant jouit d'avance de votre surprise, car je
1314 864 2412 948 n'ai jamais pu lui faire comprendre qu'il se pourrait
1321 920 2407 997 que le bon Dieu ne lui accordât pas la grâce qu’elle
1310 975 2401 1061 demande. Ce matin, elle me suppliait encore de ne
1320 1024 2407 1110 pas vous parler de sa prochaine guéison. Pauvre ché¬
1314 1089 2399 1173 rie! hier, elle mettait en riant dans le feu le bout
1316 1130 2399 1223 d'une de ses béquilles. Je lui criai de prendre garde,
1313 1192 2401 1266 que la béquille allait brûler. « Je n'en aural bientôt
1316 1243 2397 1324 plus besoin, dit-elle, dans huit jours je marcherai
1313 1307 1997 1368 comme tous les autres enfants. »
1355 1344 2390 1436 La Brélivet tourna la tête du côté du foyer et, ôtant
1298 1396 2084 1471 ses lunettes, elle en essuya les verres.
1354 1460 2399 1544 « Je changerai le numéro dit-elle; je vieillis tous
1300 1502 1977 1571 les jours et ma vue se trouble. »
1344 1563 2393 1656 En effet, sa vue se troublait; ses yeux étaient pleins
1305 1607 1530 1674 de larmes.
1352 1664 2385 1746 « Il y a de nombreux exemples de guérisons mi¬
1298 1724 2397 1811 raculeuses, repris-je avec un peu d’hésitation : la
1305 1782 2390 1846 piété d'Emilienne lui vient de vous; pourquoi ne vous
1300 1838 2382 1910 donnerait-elle pas, à son tour, une partie de son es¬
1302 1878 1496 1947 pérance?
1342 1936 2388 2024 » — Je ne doute ni de la puissance ni dela bonté
1292 2003 2384 2073 de Dieu, répondit la vieille femme; seulement, je
1292 2057 2384 2118 songe à notre indignité : je crains qu’il n’y ait de la
1305 2103 2367 2180 présomption à demander un miracle en notre faveur
1294 2162 2382 2230 et j’ai peur qu’Emilienne, si elle doit rester boiteuse,
1294 2215 2385 2273 ne perde le goût de la prière. Quand l’idée du ciel, où
1295 2259 2382 2336 j’espère aller un jour avec ma petite fille, me vient
1296 2321 2377 2382 au milieu de mes peines, je suis forcée de reconnaître
1296 2377 2384 2444 que ces peines sont peu de chose, après tout, pour
1306 2423 2375 2496 payer un tel avenir. Si j’ai perdu ma fille et mon fils,
1298 2475 2382 2552 je sais que je les retrouverai, et la certitude de les
1287 2529 2382 2605 revoir, m’aide à supporter leur absence. S’il me faut
1296 2586 2377 2641 endurer pour moi et pour celle que j’aime le plus au
1292 2643 2375 2701 monde ce que vous appelez des privations, je me dis
1298 2694 2373 2760 que je suis vieille, qu’Emilienne n’a guère de santé,
1291 2749 2377 2802 et qu’avec un peu de patience nous serons bientôt
1285 2780 2375 2855 l’une et l’autre dans un lieu où l‘on ne souffre ni du
1287 2842 2378 2914 froid ni de la faim. L’infirmité de ma chérie m’a
1291 2907 2375 2963 causé d’abord bien de l’affliction; puis, quand j’ai vu
1298 2948 2367 3028 que cette infirmité la retenait auprès de moi, la dis¬
1294 3011 2371 3081 posait à des pensées plus sérieuses et plus chrétiennes;
1296 3065 2366 3122 quand je me suis bien persuadée enfin qu’Emilienne,
1284 3107 2364 3175 libre de se mêler à tous les jeux de la rue, eût été
1283 3167 2362 3227 moins sage et moins bonne, je me suis demandé si
1283 3216 2362 3282 au lieu de me plaindre d'avoir une enfant paralytique,
1291 3275 2366 3339 je ne devais pas plutôt en remercier le bon Dieu. La
1276 3335 2362 3385 meilleure manière de prier, à mon avis, c'est de dire
1285 3378 2358 3449 à celui qui voit mieux que nous de faire ce qu’il
1291 3427 2363 3498 veut et non ce que nous voudrions qu'il fit, nous
1291 3483 1683 3557 pauvres aveugles. »
1332 3539 2356 3601 La Brélivet fut interrompue par l’arrivée de sa pe¬
1283 3591 2371 3650 tite fille. Cette dernière entra joyeusement et s'assit
1281 3658 2364 3700 sur le dos de Miquelon, qu’elle couronna de mauves
1285 3685 2352 3758 et de soucis. Le chien se leva doucement et la pro¬
1287 3766 2367 3821 mena autour de la chambre en aboyant de plaisir. Une
1283 3802 2363 3881 lutte commença: Emilienne jeta assez loin une de
