2897 4318
1289 264 1392 363 247
238 350 1314 422 lissent bien à la grande lumière des salons carrés et
234 416 1301 479 dans le voisinage des œuvres des maîtres. Nous fai¬
229 467 1301 525 sons une courte revue, une rapide correspondance. Il
230 511 1302 574 faut vous dire ce qui surnage, ce qui attire sérieu¬
233 576 1295 636 sement l’intérêt et les regards au Salon, et non point
234 628 1254 697 vous faire une nomenclature des œuvres exposées.
278 674 1298 736 Voici d'abord les tableaux de madame ou mademoi¬
229 721 1295 808 selle Henriette Browne, qui ont fait sensation pour
230 775 1297 846 la première fois à l’Exposition universelle. — « Une
226 829 1291 896 George Sand est née à la peinture, » disait l’autre
229 881 1295 952 jour un journal en parlant de madame Browne. « Il
219 937 1291 1005 ne tiendrait qu’à madame de Rougemont d’en être la
218 983 1295 1056 Delphine de Girardin, » ajoutait - il. Le journal a
218 1034 1290 1106 raison, ces dames ont un talent hors ligne; mais en
225 1095 1290 1157 parlant ainsi, il n’a pas oublié, je pense, mademoi¬
211 1153 1283 1215 selle Rosa Bonheur, qui n’a point exposé cette année.
253 1189 1290 1264 Madame Browne peint des scènes d'intérieur, des
214 1251 1278 1323 portraits d’enfants, à la physionomie fine et parlante.
211 1305 1280 1383 On a vu tous ces minois chiffonnés qui s’agitent, et
206 1344 1283 1424 répètent tant bien que mal leur catéchisme à un curé
208 1408 1287 1478 de village; on les connaît, on les a surpris volant des
213 1467 1275 1529 pommes ou mangeant le dessus de leurs tartines de
204 1510 1276 1578 confitures. Les cinq tableaux qu’elle a exposés occu¬
203 1560 1274 1636 pent au Salon le premier rang dans la peinture de
192 1614 328 1675 genre.
239 1670 1268 1739 Madame de Rougemont peint principalement le por¬
199 1724 1268 1792 trait, et compte, avec MM. Chaplin, Ricard, Roda¬
195 1775 1038 1837 kowski, etc., parmi nos bons portraitistes.
238 1818 1256 1894 Madame O’ Connell est aussi une portraitiste dis¬
195 1880 1264 1954 tinguée, mais moins forte que madame de Rougemont,
194 1939 1267 2008 quoique jusqu’à présent on ait fait beaucoup de bruit
190 1984 1268 2057 autour de son nom, et qu’assurément elle mérite une
195 2039 1050 2106 place distinguée parmi les femmes artistes.
229 2083 1263 2156 Madame Marsaud, qui était autrefois fort assidue
183 2156 1263 2223 aux expositions et qui obtenait des médailles, n’avait
187 2200 1256 2266 rien exposé depuis plusieurs années ; elle reparaît au¬
194 2242 1260 2323 jourd’hui avec un grand tableau qui représente la Foi,
183 2301 1255 2383 l'Espérance et la Charité sur les débris d'un temple
180 2367 1248 2432 païen. C'est de la peinture monumentale qui, sans
190 2405 1255 2484 doute, ornera quelque chapelle de cathédrale; la
186 2457 1244 2538 composition a de la grandeur et de la simplicité;
183 2504 1256 2585 c'est religieux et noble; les têtes sont inspirées. On
183 2565 1241 2634 sent que madame Marsaud n’est pas seulement pein¬
183 2607 642 2679 tre, mais encore poète.
218 2656 1250 2742 La peinture de madame de Guizard rappelle celle
178 2721 1241 2794 de madame Vigée-Lebrun et celle de Gérard. C’est
178 2769 1235 2857 très-fini, très,velouté, cela ressemble trop à de la pein¬
184 2816 1241 2894 ture sur porcelaine; mais l’âme resplendit à travers
176 2866 1245 2954 les visages extatiques de ses saintes. Il n'y a plus que
171 2924 1225 3024 les femmes qui fassent de la vraie peinture reli¬
175 2966 320 3036 gieuse.
211 3024 1235 3120 Les miniatures de madame Herbelin sont toujours
171 3069 1224 3173 les plus belles du Salon; les fleurs et les fruits de ma¬
176 3127 1231 3217 dame Hartensius de Saint-Albin rivalisent avec ceux
179 3178 1225 3275 de Saint-Jean. Si vous voulez les voir, mesdemoiselles,
171 3237 882 3306 cherchez les numéros 2367 et 2368.
221 3286 1225 3376 Trois noms de femmes figurent au livret à l'article
171 3341 1219 3441 de la sculpture. Deux de ces noms sont déjà connus,
167 3392 1219 3467 ceux de mesdames Lefèvre-Deumier et Noémi Cons¬
160 3445 1219 3548 tant; le troisième, celui de madame Léon Bertaux s’y
152 3500 933 3559 inscrit, je crois, pour la première fois.
203 3543 1219 3652 Madame Lefèvre-Deumier expose une statue en
1381 360 2451 472 marbre intitulée Virgile enfant. Cette figure est une
1376 441 2449 539 des bonnes du Salon. L'entente des lignes élégantes,
1377 465 2441 584 l'étude consciencieuse de la nature, une grâce juvé¬
1375 553 2447 627 nile répandue dans l’œuvre tout entière en font une
1376 600 2448 683 création charmante. Si je ne me trompe, j'ai déjà vu
1376 639 2451 730 le modèle du Virgile enfant à l'exposition de 1851. Il
1371 702 2451 784 s'appelait alors Jeune pâtre de l'ile de Procida. Dans
1371 745 2447 833 l'atelier de l'artiste comment s'appelait-il ? — Des
1372 811 2443 878 indiscrets l'on dit, et ont nommé un des fils de l'au¬
1373 849 2443 943 teur, un beau et spirituel jeune homme dont la mère
1367 896 1855 975 a bien droit d’être fière.
1412 956 2441 1044 Le busse en bronze que madame Lefèvre-Deumier
1365 1014 2444 1107 expose sous le titre de : Matrone romaine, est selon
1364 1071 2432 1161 moi, une œuvre des plus remarquables, une oeuvre
1364 1118 2434 1220 que bien des artistes pourraient envier, voire même
1364 1161 1883 1228 des membres de l’Institut.
1407 1219 2428 1317 Cherchez les bestes du général Paixhans et de
1358 1272 2429 1360 M. Le F. D. (Lefèvre-Deumier), et vous verrez s’ils ne
1362 1337 2421 1407 comptent pas parmi les meilleurs portrait de l’expo¬
1357 1376 1498 1436 sition.
1395 1430 2420 1513 Madame Noémi Constant expose un groupe en mar¬
1349 1473 2421 1558 bre intitulé Idylle, qui représente deux enfants enla¬
1356 1543 2428 1621 cés, et qui devait porter pour épigraphe cette pièce
1349 1595 2426 1695 d’André Chénier, que votre Journal a publié l’année
1349 1636 1568 1711 dernière :
1385 1730 2280 1813 Ma belle Pannychis il faut bien que tu m'aimes,
1388 1785 2328 1859 Vois comme je suis grand, vois comme le suis beau !
1384 1827 2258 1902 Nous avons même toit, nos âges sont les mêmes.
1385 1891 2133 1996 D’une coque de noix j’ai fait un abri sûr,
1377 1981 2105 2028 Pour un beau scarabée étincelant d’azur
1376 2013 2213 2093 Il couche dans la laine et je te le destine; etc.
1385 2109 2399 2187 Madame Noémi Constant a encore envoyé deux
1329 2161 2402 2254 bustes : un portrait de M. Lefuel, l’architeete de l‘Em¬
1340 2227 2406 2313 pereur, qui vient d'achever le Louvre, et une tête
1332 2274 2389 2355 d'enfant, le portrait de Pierre Gavarni, qu'un dou¬
1334 2320 2398 2410 loureux événement vient de faire fils unique du cé¬
1329 2373 1699 2444 lèbre dessinateur.
1371 2440 2387 2503 Je n’apprécierai point les œuvres de madame Cons¬
1332 2479 2395 2560 tant, par une raison de convenance : je suis trop son
1323 2547 2296 2609 ami pour dire du bien ou du mal de son talent.
1365 2599 2387 2674 Le bénitier de madame Léon Bertaux se recom¬
1322 2654 2382 2720 mande par un bon agencement et un modelé gras,
1325 2703 2320 2775 soutenu, adroit, large et tout à fait bien compris.
1365 2746 2387 2822 Adieu, mesdemoiselles, ou plutôt au revoir; voici
1323 2807 2387 2869 que je vous ai dit, en courant, mon opinion sur le
1317 2849 2382 2913 Salon de 1857. Sans doute, j’aurais pu parler long¬
1318 2912 2385 2971 temps encore; sans doute, j’ai laissé sur mon passage
1319 2952 2381 3037 bien des œuvres dignes de remarque; mais j’avais
1319 3020 2377 3075 un cadre restreint. J’ai tâché d’être juste. Vous me
1313 3071 2375 3143 trouverez peut-être prétentieux si je vous dis que je
1310 3115 2373 3185 crois avoir réussi, que je pense vous avoir exprimé
1310 3167 2367 3231 l'opinion générale ; cependant lisez tous les Salons qui
1309 3219 2365 3289 se publieront si vous en avez le courage,—mais tous,
1306 3278 2374 3337 entendez-vous, et après ce beau travail, vous verrez
1311 3337 2367 3387 que vous avez commencé par en lire l'extrait. — J'ai
1310 3379 2362 3454 passé bien des noms dignes d'être cités, je le répète,
1306 3431 2355 3492 mais j'ai cité les meilleurs et les plus retentissants.—
1298 3484 2367 3566 Je ne vous ai pas parlé de M. Courbet, — mais c'est
1299 3528 1866 3617 exprès : — on en parle trop.
1954 3576 2277 3657 CLAUDE VIGNON.
