<?xml version="1.0" encoding="UTF-8" standalone="yes"?><PcGts xmlns="http://schema.primaresearch.org/PAGE/gts/pagecontent/2013-07-15"><Metadata><Creator>prov=READ-COOP:name=TrHtr:version=2.43.0:model_id=51170:date=20_05_2026_17:41</Creator><Created>2026-05-12T17:15:45.279069</Created><LastChange>2026-06-20T13:24:25.688+02:00</LastChange><TranskribusMetadata docId="14756063" pageId="115166742" pageNr="195" userId="187713" imgUrl="https://files.transkribus.eu/Get?fileType=view&amp;id=HLLVPZRCWEILUAFUCNIFNGXS" imageId="97254285"/></Metadata><Page imageFilename="115166742.jpg" imageWidth="2897" imageHeight="4318"><ReadingOrder><OrderedGroup><RegionRefIndexed index="0" regionRef="tr_1778599001"/><RegionRefIndexed index="1" regionRef="tr_1778599003"/><RegionRefIndexed index="2" regionRef="tr_1778599004"/><RegionRefIndexed index="3" regionRef="r"/><RegionRefIndexed index="4" regionRef="tr_1778599005"/></OrderedGroup></ReadingOrder><TextRegion id="tr_1778599001" custom="readingOrder {index:0;} structure {score:0.99; type:page-number;}"><Coords points="1205,222 1337,222 1337,300 1205,300"/><TextLine id="tr_1778599001_tl_1" custom="readingOrder {index:1;}"><Coords points="1207,289 1225,299 1253,300 1271,292 1302,314 1324,319 1324,220 1312,220 1298,229 1279,218 1249,221 1219,236 1207,236"/><Baseline points="1215,280 1260,280 1304,280 1328,280"/><TextEquiv><Unicode>177</Unicode></TextEquiv></TextLine><TextEquiv><Unicode></Unicode></TextEquiv></TextRegion><TextRegion id="tr_1778599003" custom="readingOrder {index:1;} structure {score:0.99; type:paragraph;}"><Coords points="83,298 1248,309 1205,3844 69,3815"/><TextLine id="tr_1778599003_tl_1" custom="readingOrder {index:1;}"><Coords points="135,364 1215,368 1196,297 1146,326 841,319 799,285 702,323 134,300"/><Baseline points="143,358 188,358 232,358 277,355 322,358 367,358 412,361 456,361 501,361 546,364 591,364 636,364 680,364 725,367 770,367 815,364 860,367 904,364 949,364 994,364 1039,364 1083,364 1128,361 1173,361 1218,364 1221,361"/><TextEquiv><Unicode>dans les hautes herbes et soulevée seulement sur un</Unicode></TextEquiv></TextLine><TextLine id="tr_1778599003_tl_2" custom="readingOrder {index:2;}"><Coords points="139,423 164,425 183,419 198,425 214,417 224,423 241,419 254,427 267,420 267,380 241,383 224,365 207,365 203,370 196,364 184,370 165,367 157,375 139,378"/><Baseline points="146,415 191,412 235,412 271,415"/><TextEquiv><Unicode>coude.</Unicode></TextEquiv></TextLine><TextLine id="tr_1778599003_tl_3" custom="readingOrder {index:3;}"><Coords points="172,465 1221,480 1171,416 172,421"/><Baseline points="179,462 223,462 268,465 313,468 358,468 403,471 447,471 492,471 537,474 582,474 627,474 671,474 716,477 761,477 806,477 851,477 895,477 940,474 985,474 1030,474 1075,474 1119,474 1164,471 1209,471 1224,474"/><TextEquiv><Unicode>« Allons, Miquelon! dit-elle en montrant l'autre</Unicode></TextEquiv></TextLine><TextLine id="tr_1778599003_tl_4" custom="readingOrder {index:4;}"><Coords points="146,540 224,522 329,526 364,541 503,528 528,539 526,491 475,503 424,498 405,481 346,491 311,473 260,485 143,466"/><Baseline points="152,519 197,519 241,519 286,522 331,522 376,522 421,525 465,525 510,528 531,528"/><TextEquiv><Unicode>côté du ruisseau. »</Unicode></TextEquiv></TextLine><TextLine id="tr_1778599003_tl_5" custom="readingOrder {index:5;}"><Coords points="173,580 1222,596 1221,535 1017,566 730,524 172,530"/><Baseline points="179,573 223,573 268,576 313,576 358,579 403,582 447,582 492,582 537,582 582,585 627,585 671,585 716,585 761,585 806,585 851,588 895,588 940,585 985,585 1030,585 1075,585 1119,585 1164,585 1209,585 1224,588"/><TextEquiv><Unicode>Avant d’obéir, Miquelon fixa sur moi ses gros yeux</Unicode></TextEquiv></TextLine><TextLine id="tr_1778599003_tl_6" custom="readingOrder {index:6;}"><Coords points="134,640 1200,653 1222,596 132,585"/><Baseline points="140,624 185,627 229,630 274,630 319,630 364,630 409,633 453,636 498,636 543,636 588,639 633,636 677,639 722,639 767,642 812,642 857,642 901,642 946,642 991,642 1036,642 1080,642 1125,639 1170,639 1215,639 1227,642"/><TextEquiv><Unicode>inquiets et vint me lécher la main, comme s'il eût</Unicode></TextEquiv></TextLine><TextLine id="tr_1778599003_tl_7" custom="readingOrder {index:7;}"><Coords points="139,690 1207,712 1218,651 138,636"/><Baseline points="146,680 191,680 235,683 280,686 325,686 370,686 415,689 459,689 504,689 549,689 594,689 639,689 683,689 728,689 773,692 818,692 863,692 907,692 952,692 997,695 1042,695 1086,692 1131,692 1176,695 1221,695 1224,692"/><TextEquiv><Unicode>voulu me recommander ainsi sa jeune maîtresse. Il</Unicode></TextEquiv></TextLine><TextLine id="tr_1778599003_tl_8" custom="readingOrder {index:8;}"><Coords points="135,747 1173,764 1208,720 134,690"/><Baseline points="143,734 188,734 232,737 277,740 322,740 367,740 412,740 456,740 501,740 546,740 591,740 636,740 680,740 725,743 770,743 815,743 860,746 904,746 949,746 994,746 1039,746 1083,746 1128,746 1173,746 1212,743"/><TextEquiv><Unicode>se jeta ensuite à l'eau et reparut en moins d’une se¬</Unicode></TextEquiv></TextLine><TextLine id="tr_1778599003_tl_9" custom="readingOrder {index:9;}"><Coords points="135,799 1118,817 1170,806 1170,764 134,747"/><Baseline points="143,791 188,788 232,791 277,791 322,791 367,791 412,791 456,791 501,791 546,791 591,794 636,791 680,794 725,794 770,794 815,794 860,797 904,797 949,797 994,797 1039,797 1083,797 1128,800 1173,800"/><TextEquiv><Unicode>conde tenant dans sa gueule deux petites béquilles.</Unicode></TextEquiv></TextLine><TextLine id="tr_1778599003_tl_10" custom="readingOrder {index:10;}"><Coords points="177,855 555,851 592,874 709,855 709,816 657,820 634,801 177,805"/><Baseline points="185,842 229,842 274,842 319,842 364,842 409,842 453,845 498,845 543,845 588,845 633,845 677,848 713,848"/><TextEquiv><Unicode>L'enfant était paralytique.</Unicode></TextEquiv></TextLine><TextLine id="tr_1778599003_tl_11" custom="readingOrder {index:11;}"><Coords points="172,904 1218,916 1191,852 172,863"/><Baseline points="179,892 223,892 268,892 313,895 358,895 403,895 447,898 492,898 537,898 582,895 627,898 671,898 716,898 761,901 806,901 851,901 895,901 940,901 985,901 1030,901 1075,901 1119,901 1164,901 1209,901 1221,904"/><TextEquiv><Unicode>Rien ne m’inspire une pitié plus vive que ces</Unicode></TextEquiv></TextLine><TextLine id="tr_1778599003_tl_12" custom="readingOrder {index:12;}"><Coords points="135,955 1208,968 1208,922 1039,903 135,904"/><Baseline points="143,943 188,946 232,946 277,946 322,949 367,949 412,949 456,949 501,949 546,952 591,952 636,952 680,952 725,952 770,955 815,955 860,955 904,955 949,955 994,955 1039,955 1083,955 1128,955 1173,958 1212,958"/><TextEquiv><Unicode>tristes infirmités humaines dans l’âge qu’on est con¬</Unicode></TextEquiv></TextLine><TextLine id="tr_1778599003_tl_13" custom="readingOrder {index:13;}"><Coords points="139,1008 1218,1030 1218,964 1110,994 818,955 139,970"/><Baseline points="146,1000 191,1000 235,1000 280,1000 325,1003 370,1003 415,1003 459,1003 504,1006 549,1006 594,1003 639,1006 683,1009 728,1006 773,1009 818,1009 863,1009 907,1009 952,1009 997,1009 1042,1009 1086,1009 1131,1012 1176,1009 1221,1015"/><TextEquiv><Unicode>venu d’appeler l’âge heureux, et qui l‘est, en effet,</Unicode></TextEquiv></TextLine><TextLine id="tr_1778599003_tl_14" custom="readingOrder {index:14;}"><Coords points="142,1071 1208,1073 1169,1017 1030,1050 981,1017 142,1008"/><Baseline points="149,1054 194,1054 238,1054 283,1057 328,1057 373,1057 418,1057 462,1057 507,1060 552,1060 597,1060 642,1060 686,1063 731,1063 776,1063 821,1063 865,1063 910,1063 955,1063 1000,1063 1045,1066 1089,1063 1134,1066 1179,1063 1212,1063"/><TextEquiv><Unicode>plus que les autres. Dans la vieillesse, on se fait à</Unicode></TextEquiv></TextLine><TextLine id="tr_1778599003_tl_15" custom="readingOrder {index:15;}"><Coords points="131,1118 1215,1128 1214,1073 130,1071"/><Baseline points="137,1104 182,1107 226,1107 271,1107 316,1110 361,1110 406,1110 450,1113 495,1113 540,1113 585,1113 630,1113 674,1116 719,1116 764,1116 809,1116 854,1116 898,1116 943,1116 988,1116 1033,1116 1078,1116 1122,1116 1167,1119 1212,1116 1218,1116"/><TextEquiv><Unicode>l’idée de la vue affaiblie ou perdue, de la surdité, des</Unicode></TextEquiv></TextLine><TextLine id="tr_1778599003_tl_16" custom="readingOrder {index:16;}"><Coords points="145,1173 1146,1192 1208,1178 1208,1140 143,1118"/><Baseline points="152,1158 197,1161 241,1161 286,1164 331,1164 376,1164 421,1164 465,1167 510,1167 555,1167 600,1167 645,1167 689,1167 734,1170 779,1170 824,1170 868,1170 913,1170 958,1170 1003,1170 1048,1170 1092,1173 1137,1173 1182,1173 1212,1170"/><TextEquiv><Unicode>ambes refusant le service; les privations les plus</Unicode></TextEquiv></TextLine><TextLine id="tr_1778599003_tl_17" custom="readingOrder {index:17;}"><Coords points="135,1222 1218,1237 1207,1180 134,1167"/><Baseline points="143,1212 188,1215 232,1215 277,1215 322,1215 367,1218 412,1218 456,1218 501,1218 546,1221 591,1221 636,1221 680,1221 725,1224 770,1224 815,1224 860,1224 904,1224 949,1224 994,1227 1039,1227 1083,1227 1128,1227 1173,1227 1218,1230 1221,1230"/><TextEquiv><Unicode>cruelles pouvant alors faciliter les derniers adieux à</Unicode></TextEquiv></TextLine><TextLine id="tr_1778599003_tl_18" custom="readingOrder {index:18;}"><Coords points="127,1279 1215,1300 1185,1231 127,1225"/><Baseline points="134,1266 179,1266 223,1269 268,1269 313,1272 358,1272 403,1272 447,1275 492,1275 537,1275 582,1275 627,1278 671,1275 716,1278 761,1278 806,1278 851,1281 895,1281 940,1281 985,1281 1030,1281 1075,1281 1119,1284 1164,1284 1209,1281 1218,1281"/><TextEquiv><Unicode>la terre; mais, quand cette vie commence à peine et</Unicode></TextEquiv></TextLine><TextLine id="tr_1778599003_tl_19" custom="readingOrder {index:19;}"><Coords points="132,1335 1099,1357 1211,1345 1211,1300 131,1282"/><Baseline points="140,1316 185,1322 229,1322 274,1325 319,1325 364,1325 409,1325 453,1328 498,1328 543,1328 588,1328 633,1328 677,1331 722,1331 767,1331 812,1331 857,1334 901,1334 946,1334 991,1334 1036,1334 1080,1334 1125,1337 1170,1334 1215,1334"/><TextEquiv><Unicode>qu’un long avenir semble promis à l’espérance, je ne</Unicode></TextEquiv></TextLine><TextLine id="tr_1778599003_tl_20" custom="readingOrder {index:20;}"><Coords points="142,1392 1212,1414 1174,1342 142,1342"/><Baseline points="149,1376 194,1376 238,1376 283,1379 328,1379 373,1379 418,1379 462,1382 507,1382 552,1382 597,1382 642,1385 686,1385 731,1385 776,1385 821,1385 865,1385 910,1385 955,1385 1000,1388 1045,1388 1089,1388 1134,1388 1179,1388 1215,1388"/><TextEquiv><Unicode>puis voir sans attendrissement un de ces pauvres êtres</Unicode></TextEquiv></TextLine><TextLine id="tr_1778599003_tl_21" custom="readingOrder {index:21;}"><Coords points="132,1439 1212,1447 1211,1414 1096,1396 132,1399"/><Baseline points="140,1427 185,1430 229,1430 274,1433 319,1433 364,1433 409,1433 453,1436 498,1436 543,1436 588,1436 633,1436 677,1439 722,1439 767,1439 812,1439 857,1439 901,1439 946,1439 991,1439 1036,1439 1080,1439 1125,1439 1170,1439 1215,1442"/><TextEquiv><Unicode>déjà condamnés à souffrir. Je n’eus besoin d’aucun</Unicode></TextEquiv></TextLine><TextLine id="tr_1778599003_tl_22" custom="readingOrder {index:22;}"><Coords points="135,1486 1206,1506 1204,1447 1161,1441 1088,1469 134,1439"/><Baseline points="143,1478 188,1481 232,1484 277,1484 322,1484 367,1487 412,1487 456,1487 501,1487 546,1487 591,1487 636,1490 680,1490 725,1490 770,1490 815,1490 860,1490 904,1490 949,1490 994,1490 1039,1493 1083,1490 1128,1493 1173,1493 1209,1490"/><TextEquiv><Unicode>effort pour adoucir ma voix en m’adressant à la petite</Unicode></TextEquiv></TextLine><TextLine id="tr_1778599003_tl_23" custom="readingOrder {index:23;}"><Coords points="124,1536 1207,1553 1207,1500 124,1492"/><Baseline points="131,1531 176,1534 220,1534 265,1537 310,1537 355,1537 400,1540 444,1540 489,1540 534,1540 579,1540 624,1540 668,1540 713,1540 758,1540 803,1540 848,1540 892,1540 937,1543 982,1540 1027,1543 1072,1543 1116,1543 1161,1543 1206,1543 1209,1543"/><TextEquiv><Unicode>fille. Celle-ci ne pouvait s’y tromper; aussi se laissa-t-</Unicode></TextEquiv></TextLine><TextLine id="tr_1778599003_tl_24" custom="readingOrder {index:24;}"><Coords points="130,1590 1208,1616 1181,1551 130,1560"/><Baseline points="137,1582 182,1585 226,1588 271,1588 316,1588 361,1588 406,1588 450,1591 495,1591 540,1591 585,1591 630,1594 674,1594 719,1594 764,1594 809,1597 854,1597 898,1597 943,1597 988,1597 1033,1597 1078,1597 1122,1597 1167,1597 1212,1600 1215,1597"/><TextEquiv><Unicode>elle conduire au pied de l’arbre, après qu’elle se fut</Unicode></TextEquiv></TextLine><TextLine id="tr_1778599003_tl_25" custom="readingOrder {index:25;}"><Coords points="130,1649 1195,1675 1207,1616 128,1604"/><Baseline points="137,1636 182,1639 226,1639 271,1639 316,1639 361,1642 406,1642 450,1645 495,1642 540,1642 585,1645 630,1645 674,1648 719,1648 764,1648 809,1648 854,1648 898,1651 943,1651 988,1651 1033,1651 1078,1651 1122,1651 1167,1654 1212,1654"/><TextEquiv><Unicode>relevée de terre en appuyant une de ses mains sur le</Unicode></TextEquiv></TextLine><TextLine id="tr_1778599003_tl_26" custom="readingOrder {index:26;}"><Coords points="134,1712 259,1695 340,1716 357,1706 372,1720 421,1702 468,1705 466,1664 428,1669 404,1652 244,1646 169,1662 131,1646"/><Baseline points="140,1690 185,1690 229,1693 274,1693 319,1696 364,1696 409,1696 453,1699 471,1699"/><TextEquiv><Unicode>dos de Miquelon.</Unicode></TextEquiv></TextLine><TextLine id="tr_1778599003_tl_27" custom="readingOrder {index:27;}"><Coords points="166,1754 1203,1766 1169,1709 165,1702"/><Baseline points="173,1743 217,1743 262,1746 307,1746 352,1746 397,1749 441,1749 486,1749 531,1752 576,1752 621,1752 665,1755 710,1755 755,1755 800,1755 845,1755 889,1758 934,1758 979,1758 1024,1758 1069,1758 1113,1761 1158,1761 1203,1761 1206,1761"/><TextEquiv><Unicode>Je voulus savoir ce que l’enfant venait chercher</Unicode></TextEquiv></TextLine><TextLine id="tr_1778599003_tl_28" custom="readingOrder {index:28;}"><Coords points="130,1815 1206,1822 1206,1781 1120,1766 130,1757"/><Baseline points="137,1794 182,1797 226,1800 271,1800 316,1803 361,1803 406,1803 450,1803 495,1803 540,1806 585,1806 630,1806 674,1806 719,1809 764,1809 809,1809 854,1809 898,1812 943,1809 988,1812 1033,1812 1078,1815 1122,1812 1167,1812 1209,1812"/><TextEquiv><Unicode>dans l’ilot. Tandis que son aïeule oneillait des mauves</Unicode></TextEquiv></TextLine><TextLine id="tr_1778599003_tl_29" custom="readingOrder {index:29;}"><Coords points="130,1860 1027,1885 1185,1879 1200,1837 128,1811"/><Baseline points="137,1848 182,1851 226,1854 271,1854 316,1854 361,1857 406,1857 450,1857 495,1857 540,1857 585,1860 630,1860 674,1860 719,1863 764,1863 809,1866 854,1863 898,1863 943,1866 988,1866 1033,1866 1078,1866 1122,1869 1167,1869 1203,1866"/><TextEquiv><Unicode>et d’autres plantes dans la prairie pour les vendre en¬</Unicode></TextEquiv></TextLine><TextLine id="tr_1778599003_tl_30" custom="readingOrder {index:30;}"><Coords points="120,1908 1207,1938 1171,1875 119,1853"/><Baseline points="128,1905 173,1905 217,1905 262,1905 307,1908 352,1908 397,1911 441,1911 486,1911 531,1911 576,1914 621,1914 665,1914 710,1914 755,1917 800,1917 845,1917 889,1917 934,1917 979,1920 1024,1923 1069,1920 1113,1920 1158,1920 1203,1920 1209,1923"/><TextEquiv><Unicode>suite au marché de Brest, Emilienne se chargeait des</Unicode></TextEquiv></TextLine><TextLine id="tr_1778599003_tl_31" custom="readingOrder {index:31;}"><Coords points="124,1968 1201,1984 1192,1927 124,1919"/><Baseline points="131,1955 176,1958 220,1958 265,1961 310,1961 355,1961 400,1964 444,1964 489,1964 534,1964 579,1964 624,1967 668,1967 713,1970 758,1970 803,1970 848,1970 892,1970 937,1973 982,1973 1027,1973 1072,1973 1116,1973 1161,1973 1203,1970"/><TextEquiv><Unicode>bouquets de cresson et de narcisses qui faisaient éga¬</Unicode></TextEquiv></TextLine><TextLine id="tr_1778599003_tl_32" custom="readingOrder {index:32;}"><Coords points="117,2022 1204,2037 1203,1984 117,1972"/><Baseline points="125,2009 170,2012 215,2012 259,2012 304,2015 349,2015 394,2015 438,2018 483,2018 528,2018 573,2021 618,2021 662,2021 707,2021 752,2021 797,2024 842,2024 886,2024 931,2024 976,2027 1021,2027 1066,2027 1110,2027 1155,2027 1200,2030 1206,2027"/><TextEquiv><Unicode>lement partie du commerce de la vieille femme. Cette</Unicode></TextEquiv></TextLine><TextLine id="tr_1778599003_tl_33" custom="readingOrder {index:33;}"><Coords points="124,2076 1201,2103 1169,2036 124,2021"/><Baseline points="131,2063 176,2066 220,2066 265,2069 310,2069 355,2069 400,2069 444,2072 489,2072 534,2072 579,2075 624,2075 668,2075 713,2075 758,2075 803,2078 848,2078 892,2078 937,2078 982,2078 1027,2081 1072,2081 1116,2081 1161,2081 1203,2075"/><TextEquiv><Unicode>occupation eût été dangereuse pour la jeune paraly¬</Unicode></TextEquiv></TextLine><TextLine id="tr_1778599003_tl_34" custom="readingOrder {index:34;}"><Coords points="120,2122 1207,2153 1206,2106 1135,2093 120,2077"/><Baseline points="128,2117 173,2117 217,2120 262,2120 307,2120 352,2123 397,2120 441,2123 486,2123 531,2126 576,2126 621,2126 665,2126 710,2126 755,2129 800,2129 845,2129 889,2132 934,2132 979,2132 1024,2135 1069,2135 1113,2135 1158,2135 1203,2135 1209,2135"/><TextEquiv><Unicode>tique sans la surveillance et l’aide du chien, qui se</Unicode></TextEquiv></TextLine><TextLine id="tr_1778599003_tl_35" custom="readingOrder {index:35;}"><Coords points="125,2182 1203,2197 1186,2145 124,2123"/><Baseline points="131,2167 176,2170 220,2170 265,2170 310,2173 355,2173 400,2176 444,2173 489,2176 534,2176 579,2176 624,2179 668,2179 713,2179 758,2179 803,2182 848,2182 892,2185 937,2185 982,2185 1027,2185 1072,2185 1116,2185 1161,2185 1206,2182"/><TextEquiv><Unicode>tenait assis gravement au bord de l’eau, d’ailleurs</Unicode></TextEquiv></TextLine><TextLine id="tr_1778599003_tl_36" custom="readingOrder {index:36;}"><Coords points="124,2241 1203,2250 1201,2204 1141,2192 124,2182"/><Baseline points="131,2227 176,2224 220,2224 265,2224 310,2227 355,2227 400,2227 444,2230 489,2230 534,2230 579,2230 624,2233 668,2233 713,2233 758,2233 803,2233 848,2236 892,2236 937,2239 982,2239 1027,2239 1072,2239 1116,2242 1161,2242 1206,2242"/><TextEquiv><Unicode>peu profonde, toujours prêt à saisir un pan de la robe</Unicode></TextEquiv></TextLine><TextLine id="tr_1778599003_tl_37" custom="readingOrder {index:37;}"><Coords points="120,2295 1174,2313 1200,2252 119,2243"/><Baseline points="128,2275 173,2275 217,2278 262,2278 307,2281 352,2281 397,2281 441,2281 486,2284 531,2284 576,2284 621,2284 665,2287 710,2287 755,2287 800,2290 845,2290 889,2290 934,2293 979,2293 1024,2293 1069,2293 1113,2293 1158,2296 1203,2296 1206,2293"/><TextEquiv><Unicode>en cas d’accident. L’enfant me surprit en me disant</Unicode></TextEquiv></TextLine><TextLine id="tr_1778599003_tl_38" custom="readingOrder {index:38;}"><Coords points="115,2350 1203,2359 1201,2320 1114,2299 115,2297"/><Baseline points="122,2329 167,2329 212,2332 256,2332 301,2335 346,2335 391,2335 435,2335 480,2335 525,2338 570,2338 615,2338 659,2341 704,2341 749,2341 794,2344 839,2344 883,2344 928,2347 973,2347 1018,2347 1063,2347 1107,2347 1152,2350 1197,2350 1206,2350"/><TextEquiv><Unicode>son âge : neuf ans accomplis. On ne lui en eût pas</Unicode></TextEquiv></TextLine><TextLine id="tr_1778599003_tl_39" custom="readingOrder {index:39;}"><Coords points="117,2393 1206,2411 1204,2365 1111,2355 117,2350"/><Baseline points="125,2382 170,2382 215,2382 259,2382 304,2385 349,2385 394,2388 438,2388 483,2388 528,2391 573,2391 618,2391 662,2391 707,2394 752,2394 797,2394 842,2397 886,2397 931,2397 976,2400 1021,2400 1066,2400 1110,2400 1155,2400 1200,2403 1209,2403"/><TextEquiv><Unicode>donné plus de six ou sept, tant elle était petite et</Unicode></TextEquiv></TextLine><TextLine id="tr_1778599003_tl_40" custom="readingOrder {index:40;}"><Coords points="112,2440 1197,2467 1196,2421 1122,2407 112,2410"/><Baseline points="119,2433 164,2436 209,2436 253,2436 298,2439 343,2439 388,2439 432,2442 477,2442 522,2442 567,2445 612,2445 656,2445 701,2448 746,2448 791,2448 836,2451 880,2451 925,2451 970,2454 1015,2454 1060,2454 1104,2454 1149,2454 1194,2454 1200,2451"/><TextEquiv><Unicode>mince. Ce corps si frêle faisait peine à voir : la figure</Unicode></TextEquiv></TextLine><TextLine id="tr_1778599003_tl_41" custom="readingOrder {index:41;}"><Coords points="112,2496 983,2513 983,2487 908,2457 110,2448"/><Baseline points="119,2484 164,2487 209,2487 253,2490 298,2490 343,2490 388,2493 432,2493 477,2493 522,2493 567,2496 612,2499 656,2499 701,2499 746,2502 791,2502 836,2505 880,2505 925,2505 970,2508 985,2511"/><TextEquiv><Unicode>seule était pleine de vie, malgré sa pâleur.</Unicode></TextEquiv></TextLine><TextLine id="tr_1778599003_tl_42" custom="readingOrder {index:42;}"><Coords points="154,2543 1204,2572 1203,2516 153,2497"/><Baseline points="161,2538 206,2541 250,2541 295,2541 340,2544 385,2544 430,2544 474,2544 519,2547 564,2547 609,2550 653,2550 698,2553 743,2553 788,2553 833,2556 877,2559 922,2559 967,2559 1012,2559 1057,2559 1101,2562 1146,2562 1191,2562 1206,2565"/><TextEquiv><Unicode>La confiance d'un enfant est vite gagnée. Dans cette</Unicode></TextEquiv></TextLine><TextLine id="tr_1778599003_tl_43" custom="readingOrder {index:43;}"><Coords points="125,2605 1201,2622 1200,2579 1126,2562 124,2550"/><Baseline points="131,2589 176,2591 220,2594 265,2594 310,2594 355,2594 400,2597 444,2597 489,2597 534,2600 579,2600 624,2600 668,2603 713,2603 758,2603 803,2606 848,2606 892,2609 937,2609 982,2609 1027,2612 1072,2609 1116,2612 1161,2612 1203,2612"/><TextEquiv><Unicode>circonstance, il me suffit de caresser Miquelon et de</Unicode></TextEquiv></TextLine><TextLine id="tr_1778599003_tl_44" custom="readingOrder {index:44;}"><Coords points="112,2652 1189,2673 1188,2621 110,2605"/><Baseline points="119,2642 164,2645 209,2645 253,2648 298,2648 343,2648 388,2651 432,2651 477,2651 522,2651 567,2654 612,2654 656,2654 701,2657 746,2657 791,2657 836,2660 880,2657 925,2660 970,2663 1015,2663 1060,2663 1104,2663 1149,2666 1191,2663"/><TextEquiv><Unicode>descendre jusqu’au genou dans le ruisseau pour at¬</Unicode></TextEquiv></TextLine><TextLine id="tr_1778599003_tl_45" custom="readingOrder {index:45;}"><Coords points="112,2711 1189,2733 1155,2674 112,2658"/><Baseline points="119,2696 164,2699 209,2699 253,2699 298,2702 343,2702 388,2702 432,2702 477,2705 522,2705 567,2708 612,2708 656,2708 701,2708 746,2711 791,2711 836,2711 880,2711 925,2711 970,2714 1015,2717 1060,2717 1104,2717 1149,2717 1191,2714"/><TextEquiv><Unicode>teindre quelques belles touffes de cresson qu’Emi¬</Unicode></TextEquiv></TextLine><TextLine id="tr_1778599003_tl_46" custom="readingOrder {index:46;}"><Coords points="112,2763 1185,2779 1184,2737 110,2710"/><Baseline points="119,2747 164,2750 209,2753 253,2756 298,2756 343,2756 388,2756 432,2759 477,2759 522,2759 567,2762 612,2762 656,2765 701,2765 746,2765 791,2765 836,2765 880,2768 925,2768 970,2768 1015,2768 1060,2771 1104,2771 1149,2771 1188,2771"/><TextEquiv><Unicode>lienne n'aurait pu dueillir. Je sus bientôt toute l'his¬</Unicode></TextEquiv></TextLine><TextLine id="tr_1778599003_tl_47" custom="readingOrder {index:47;}"><Coords points="120,2818 499,2819 496,2775 479,2785 450,2768 394,2782 360,2763 119,2763"/><Baseline points="128,2804 173,2801 217,2804 262,2806 307,2809 352,2809 397,2812 441,2812 486,2812 501,2812"/><TextEquiv><Unicode>toire de sa famille.</Unicode></TextEquiv></TextLine><TextLine id="tr_1778599003_tl_48" custom="readingOrder {index:48;}"><Coords points="161,2867 1191,2897 1173,2824 160,2812"/><Baseline points="167,2848 212,2854 256,2857 301,2860 346,2863 391,2863 435,2866 480,2866 525,2869 570,2869 615,2869 659,2869 704,2869 749,2872 794,2872 839,2872 883,2875 928,2875 973,2875 1018,2878 1063,2878 1107,2878 1152,2878 1194,2875"/><TextEquiv><Unicode>« Grand'mère se nomme La Bréivet, me dit Emi¬</Unicode></TextEquiv></TextLine><TextLine id="tr_1778599003_tl_49" custom="readingOrder {index:49;}"><Coords points="117,2917 1191,2944 1189,2897 1084,2879 370,2893 116,2860"/><Baseline points="125,2905 170,2905 215,2908 259,2911 304,2914 349,2914 394,2917 438,2917 483,2920 528,2920 573,2923 618,2923 662,2923 707,2923 752,2926 797,2926 842,2926 886,2926 931,2929 976,2929 1021,2932 1066,2932 1110,2932 1155,2932 1194,2935"/><TextEquiv><Unicode>lienne, et nous vivons toutes les deux du produit</Unicode></TextEquiv></TextLine><TextLine id="tr_1778599003_tl_50" custom="readingOrder {index:50;}"><Coords points="120,2966 1193,2995 1192,2953 1110,2939 119,2916"/><Baseline points="128,2959 173,2959 217,2959 262,2962 307,2965 352,2965 397,2968 441,2971 486,2974 531,2974 576,2977 621,2977 665,2977 710,2977 755,2980 800,2980 845,2980 889,2980 934,2983 979,2983 1024,2983 1069,2983 1113,2986 1158,2986 1197,2986"/><TextEquiv><Unicode>du lin qu'elle file et de la vente des herbes que nous</Unicode></TextEquiv></TextLine><TextLine id="tr_1778599003_tl_51" custom="readingOrder {index:51;}"><Coords points="120,3018 1158,3059 1192,2996 119,2976"/><Baseline points="128,3010 173,3010 217,3013 262,3016 307,3019 352,3019 397,3022 441,3024 486,3024 531,3027 576,3027 621,3030 665,3030 710,3030 755,3033 800,3033 845,3033 889,3033 934,3036 979,3036 1024,3036 1069,3036 1113,3036 1158,3039 1197,3042"/><TextEquiv><Unicode>trouvons ici et ailleurs. Je me souviens mal de mon</Unicode></TextEquiv></TextLine><TextLine id="tr_1778599003_tl_52" custom="readingOrder {index:52;}"><Coords points="120,3081 1191,3103 1189,3048 119,3021"/><Baseline points="128,3066 173,3060 217,3063 262,3069 307,3069 352,3072 397,3075 441,3075 486,3078 531,3081 576,3081 621,3081 665,3084 710,3084 755,3087 800,3087 845,3087 889,3087 934,3087 979,3090 1024,3087 1069,3090 1113,3090 1158,3090 1194,3096"/><TextEquiv><Unicode>père : je sais seulement qu’il revenait bien content</Unicode></TextEquiv></TextLine><TextLine id="tr_1778599003_tl_53" custom="readingOrder {index:53;}"><Coords points="112,3118 1188,3154 1186,3100 1036,3088 112,3085"/><Baseline points="119,3111 164,3114 209,3114 253,3117 298,3117 343,3123 388,3126 432,3129 477,3132 522,3132 567,3132 612,3135 656,3135 701,3138 746,3138 791,3138 836,3141 880,3141 925,3141 970,3141 1015,3144 1060,3144 1104,3144 1149,3144 1191,3147"/><TextEquiv><Unicode>d’un voyage, parce que maman lui avait appris qu’à</Unicode></TextEquiv></TextLine><TextLine id="tr_1778599003_tl_54" custom="readingOrder {index:54;}"><Coords points="120,3169 1188,3213 1186,3154 1091,3145 120,3138"/><Baseline points="128,3165 173,3165 217,3165 262,3168 307,3171 352,3174 397,3177 441,3180 486,3183 531,3186 576,3186 621,3189 665,3189 710,3192 755,3192 800,3195 845,3195 889,3195 934,3195 979,3198 1024,3198 1069,3198 1113,3198 1158,3198 1191,3204"/><TextEquiv><Unicode>son retour le bon Dieu lui donnerait une petite fille.</Unicode></TextEquiv></TextLine><TextLine id="tr_1778599003_tl_55" custom="readingOrder {index:55;}"><Coords points="117,3225 1182,3265 1180,3209 115,3171"/><Baseline points="125,3216 170,3216 215,3219 259,3219 304,3222 349,3225 394,3228 438,3231 483,3234 528,3237 573,3237 618,3239 662,3242 707,3242 752,3245 797,3245 842,3248 886,3248 931,3248 976,3251 1021,3251 1066,3251 1110,3251 1155,3254 1185,3257"/><TextEquiv><Unicode>Ma mère alla derrière la maison des signaux pour</Unicode></TextEquiv></TextLine><TextLine id="tr_1778599003_tl_56" custom="readingOrder {index:56;}"><Coords points="130,3277 1155,3321 1177,3266 128,3229"/><Baseline points="137,3263 182,3266 226,3269 271,3272 316,3272 361,3275 406,3278 450,3278 495,3284 540,3284 585,3290 630,3290 674,3293 719,3296 764,3299 809,3299 854,3302 898,3302 943,3302 988,3305 1033,3305 1078,3308 1122,3308 1167,3305 1182,3305"/><TextEquiv><Unicode>voir le navire entrer dans la rade. Mais là, elle ren¬</Unicode></TextEquiv></TextLine><TextLine id="tr_1778599003_tl_57" custom="readingOrder {index:57;}"><Coords points="125,3332 1185,3370 1182,3310 124,3289"/><Baseline points="131,3317 176,3323 220,3323 265,3323 310,3326 355,3326 400,3329 444,3329 489,3332 534,3335 579,3341 624,3344 668,3344 713,3347 758,3350 803,3350 848,3353 892,3353 937,3356 982,3356 1027,3359 1072,3359 1116,3362 1161,3362 1188,3365"/><TextEquiv><Unicode>contra une méchante femme qui lui demanda ce</Unicode></TextEquiv></TextLine><TextLine id="tr_1778599003_tl_58" custom="readingOrder {index:58;}"><Coords points="121,3396 1181,3422 1180,3377 119,3340"/><Baseline points="128,3377 173,3374 217,3377 262,3377 307,3377 352,3377 397,3380 441,3383 486,3383 531,3386 576,3389 621,3392 665,3395 710,3398 755,3398 800,3401 845,3404 889,3404 934,3407 979,3407 1024,3410 1069,3410 1113,3413 1158,3413 1185,3419"/><TextEquiv><Unicode>qu’elle cherchait : — La Malouine, répondit ma mère.</Unicode></TextEquiv></TextLine><TextLine id="tr_1778599003_tl_59" custom="readingOrder {index:59;}"><Coords points="124,3426 1192,3475 1189,3422 124,3397"/><Baseline points="131,3416 173,3422 217,3428 262,3428 307,3431 352,3431 397,3431 441,3434 486,3437 531,3440 576,3440 621,3443 665,3446 710,3449 755,3449 800,3452 845,3452 889,3454 934,3457 979,3457 1024,3460 1069,3460 1113,3463 1158,3466 1194,3466"/><TextEquiv><Unicode>— La Malouine? Ah! seigneur! ne savez-vous pas</Unicode></TextEquiv></TextLine><TextLine id="tr_1778599003_tl_60" custom="readingOrder {index:60;}"><Coords points="117,3497 1188,3524 1186,3490 941,3458 116,3445"/><Baseline points="125,3478 170,3481 215,3481 259,3481 304,3481 349,3484 394,3484 438,3487 483,3490 528,3490 573,3493 618,3493 662,3496 707,3499 752,3499 797,3502 842,3505 886,3505 931,3508 976,3508 1021,3511 1066,3511 1110,3514 1155,3517 1191,3517"/><TextEquiv><Unicode>qu’elle a fait naufrage et que tout l’équipage a</Unicode></TextEquiv></TextLine><TextLine id="tr_1778599003_tl_61" custom="readingOrder {index:61;}"><Coords points="120,3551 1178,3585 1186,3524 117,3497"/><Baseline points="128,3538 173,3535 217,3535 262,3532 307,3535 352,3538 397,3538 441,3541 486,3541 531,3544 576,3547 621,3550 665,3550 710,3553 755,3556 800,3556 845,3559 889,3559 934,3562 979,3562 1024,3565 1069,3568 1113,3568 1158,3571 1191,3571"/><TextEquiv><Unicode>péri? Un navire à la voile, que ma mère avait</Unicode></TextEquiv></TextLine><TextLine id="tr_1778599003_tl_62" custom="readingOrder {index:62;}"><Coords points="117,3602 1189,3634 1169,3577 116,3553"/><Baseline points="125,3589 170,3589 215,3589 259,3589 304,3589 349,3592 394,3592 438,3595 483,3595 528,3598 573,3598 618,3601 662,3604 707,3607 752,3607 797,3610 842,3610 886,3613 931,3616 976,3616 1021,3619 1066,3622 1110,3622 1155,3625 1191,3628"/><TextEquiv><Unicode>aperçu en pleurant de joie, passait devant la roche</Unicode></TextEquiv></TextLine><TextLine id="tr_1778599003_tl_63" custom="readingOrder {index:63;}"><Coords points="112,3653 1191,3689 1162,3630 110,3606"/><Baseline points="119,3643 164,3643 209,3646 253,3646 298,3646 343,3646 388,3646 432,3646 477,3649 522,3649 567,3652 612,3652 656,3655 701,3658 746,3658 791,3661 836,3661 880,3664 925,3667 970,3667 1015,3670 1060,3672 1104,3675 1149,3675 1191,3681"/><TextEquiv><Unicode>Mingan ; c'était la Malouine : maman ne le croyait</Unicode></TextEquiv></TextLine><TextLine id="tr_1778599003_tl_64" custom="readingOrder {index:64;}"><Coords points="115,3711 1176,3734 1174,3683 113,3658"/><Baseline points="122,3699 167,3696 212,3699 256,3699 301,3699 346,3699 391,3699 435,3702 480,3702 525,3702 570,3702 615,3705 659,3705 704,3708 749,3711 794,3711 839,3714 883,3714 928,3717 973,3720 1018,3723 1063,3723 1107,3726 1152,3726 1179,3729"/><TextEquiv><Unicode>plus; et elle revint à la maison pour se mettre au lit.</Unicode></TextEquiv></TextLine><TextLine id="tr_1778599003_tl_65" custom="readingOrder {index:65;}"><Coords points="115,3756 1169,3794 1184,3734 113,3709"/><Baseline points="122,3741 167,3747 212,3753 256,3753 301,3753 346,3756 391,3756 435,3756 480,3756 525,3756 570,3756 615,3756 659,3759 704,3762 749,3762 794,3762 839,3765 883,3768 928,3771 973,3774 1018,3777 1063,3780 1107,3780 1152,3780 1188,3783"/><TextEquiv><Unicode>Grand’mère lui disait : Reprenez courage, à cause</Unicode></TextEquiv></TextLine><TextLine id="tr_1778599003_tl_66" custom="readingOrder {index:66;}"><Coords points="112,3805 1189,3849 1188,3793 110,3769"/><Baseline points="119,3795 164,3798 209,3801 253,3807 298,3810 343,3810 388,3810 432,3810 477,3813 522,3810 567,3810 612,3813 656,3813 701,3816 746,3816 791,3816 836,3819 880,3819 925,3822 970,3825 1015,3828 1060,3828 1104,3831 1149,3834 1191,3837"/><TextEquiv><Unicode>de l'enfant qui va venir. Maman ne voulait rien</Unicode></TextEquiv></TextLine><TextEquiv><Unicode></Unicode></TextEquiv></TextRegion><TextRegion id="tr_1778599004" custom="readingOrder {index:2;} structure {score:0.99; type:footer;}"><Coords points="256,3829 910,3839 911,3906 256,3906"/><TextLine id="tr_1778599004_tl_1" custom="readingOrder {index:1;}"><Coords points="270,3885 528,3894 571,3874 700,3900 833,3874 885,3898 896,3831 697,3853 659,3831 269,3823"/><Baseline points="277,3864 322,3867 367,3870 412,3870 456,3873 501,3873 546,3873 591,3873 636,3873 680,3873 725,3873 770,3873 815,3873 860,3876 898,3876"/><TextEquiv><Unicode>VINGT-CINQUIÈME ANNÉE. — N° VI.</Unicode></TextEquiv></TextLine><TextEquiv><Unicode></Unicode></TextEquiv></TextRegion><TextRegion id="r" custom="readingOrder {index:3;} structure {type:paragraph;}"><Coords points="1256,3868 1309,307 2438,330 2432,3868"/><TextLine id="r_tl_1" custom="readingOrder {index:1;}"><Coords points="1309,372 2384,428 2380,331 2219,360 1305,318"/><Baseline points="1316,355 1361,361 1406,361 1451,361 1496,364 1540,364 1585,367 1630,370 1675,370 1720,376 1764,376 1809,382 1854,385 1899,388 1943,391 1988,397 2033,400 2078,400 2123,403 2167,406 2212,409 2257,409 2302,409 2347,412 2388,412"/><TextEquiv><Unicode>écouter, et tenait ses yeux sur le mur pour ne voir</Unicode></TextEquiv></TextLine><TextLine id="r_tl_2" custom="readingOrder {index:2;}"><Coords points="1315,435 2367,477 2380,425 1312,374"/><Baseline points="1322,418 1367,418 1412,418 1457,418 1502,418 1546,421 1591,421 1636,424 1681,424 1726,427 1770,430 1815,430 1860,435 1905,438 1949,441 1994,447 2039,450 2084,453 2129,456 2173,459 2218,459 2263,462 2308,462 2353,465 2385,462"/><TextEquiv><Unicode>personne. Elle était là, bien malade et le médecin ve¬</Unicode></TextEquiv></TextLine><TextLine id="r_tl_3" custom="readingOrder {index:3;}"><Coords points="1306,480 2385,525 2382,469 1304,439"/><Baseline points="1313,471 1358,471 1403,471 1448,471 1493,474 1537,474 1582,474 1627,477 1672,477 1717,477 1761,480 1806,483 1851,483 1896,489 1941,492 1985,495 2030,498 2075,501 2120,507 2164,510 2209,513 2254,516 2299,516 2344,519 2388,519"/><TextEquiv><Unicode>nait d’entrer dans la chambre, quand elle reconnut</Unicode></TextEquiv></TextLine><TextLine id="r_tl_4" custom="readingOrder {index:4;}"><Coords points="1308,536 1641,554 1695,530 1847,569 1971,551 1969,518 1898,496 1306,479"/><Baseline points="1316,528 1361,525 1406,528 1451,528 1496,528 1540,528 1585,528 1630,531 1675,531 1720,531 1764,534 1809,534 1854,537 1899,540 1943,543 1973,546"/><TextEquiv><Unicode>sur le palier le pas de mon père.</Unicode></TextEquiv></TextLine><TextLine id="r_tl_5" custom="readingOrder {index:5;}"><Coords points="1365,592 2391,630 2388,565 2351,558 1364,556"/><Baseline points="1373,582 1418,585 1463,582 1508,585 1552,585 1597,585 1642,585 1687,588 1731,588 1776,588 1821,591 1866,591 1911,594 1955,594 2000,597 2045,600 2090,603 2135,606 2179,612 2224,615 2269,618 2314,621 2359,621 2394,624"/><TextEquiv><Unicode>» Deux jours après, ma mère était morte en</Unicode></TextEquiv></TextLine><TextLine id="r_tl_6" custom="readingOrder {index:6;}"><Coords points="1308,660 1945,649 2359,694 2380,631 1306,607"/><Baseline points="1316,639 1361,639 1406,639 1451,639 1496,642 1540,642 1585,642 1630,642 1675,642 1720,645 1764,645 1809,645 1854,645 1899,647 1943,647 1988,647 2033,650 2078,650 2123,656 2167,659 2212,662 2257,668 2302,671 2347,674 2385,674"/><TextEquiv><Unicode>m’embrassant, car j’étais la petite fille qu’elle atten¬</Unicode></TextEquiv></TextLine><TextLine id="r_tl_7" custom="readingOrder {index:7;}"><Coords points="1306,700 2355,746 2389,697 2013,652 1945,682 1305,659"/><Baseline points="1313,689 1358,692 1403,692 1448,695 1493,695 1537,698 1582,698 1627,698 1672,698 1717,698 1761,701 1806,701 1851,704 1896,701 1941,701 1985,701 2030,704 2075,704 2120,707 2164,710 2209,713 2254,716 2299,719 2344,722 2388,725 2391,725"/><TextEquiv><Unicode>dait. Papa retourna sur la mer : je l'ai revu de temps</Unicode></TextEquiv></TextLine><TextLine id="r_tl_8" custom="readingOrder {index:8;}"><Coords points="1312,753 2365,790 2388,732 1311,715"/><Baseline points="1319,743 1364,746 1409,746 1454,749 1499,749 1543,752 1588,752 1633,752 1678,752 1723,755 1767,755 1812,758 1857,758 1902,758 1946,758 1991,758 2036,758 2081,761 2126,761 2170,764 2215,764 2260,767 2305,770 2350,773 2391,767"/><TextEquiv><Unicode>en temps, entre ses voyages, et pourtant je ne me rap¬</Unicode></TextEquiv></TextLine><TextLine id="r_tl_9" custom="readingOrder {index:9;}"><Coords points="1315,816 2395,837 2376,779 1313,753"/><Baseline points="1322,797 1367,797 1412,797 1457,803 1502,803 1546,803 1591,806 1636,806 1681,809 1726,809 1770,812 1815,812 1860,812 1905,812 1949,812 1994,812 2039,815 2084,815 2129,815 2173,818 2218,818 2263,821 2308,821 2353,824 2397,821"/><TextEquiv><Unicode>pelle qu’une chose de lui, c’est qu‘il pleurait en di¬</Unicode></TextEquiv></TextLine><TextLine id="r_tl_10" custom="readingOrder {index:10;}"><Coords points="1308,862 2396,891 2395,832 1308,818"/><Baseline points="1316,848 1361,848 1406,848 1451,851 1496,854 1540,857 1585,860 1630,860 1675,863 1720,863 1764,865 1809,868 1854,868 1899,868 1943,871 1988,868 2033,871 2078,871 2123,871 2167,871 2212,874 2257,874 2302,874 2347,877 2391,877 2400,880"/><TextEquiv><Unicode>sant que j'étais paralytique. Grand mère me disait au</Unicode></TextEquiv></TextLine><TextLine id="r_tl_11" custom="readingOrder {index:11;}"><Coords points="1308,911 2395,938 2395,889 1306,866"/><Baseline points="1316,901 1361,901 1406,901 1451,904 1496,907 1540,910 1585,910 1630,913 1675,913 1720,916 1764,916 1809,919 1854,922 1899,922 1943,925 1988,925 2033,925 2078,925 2123,928 2167,928 2212,928 2257,928 2302,931 2347,931 2391,931 2400,934"/><TextEquiv><Unicode>commencement : Fais ceci pour ton père; apprends</Unicode></TextEquiv></TextLine><TextLine id="r_tl_12" custom="readingOrder {index:12;}"><Coords points="1308,963 2393,1000 2392,952 1306,934"/><Baseline points="1316,955 1361,955 1406,955 1451,958 1496,958 1540,961 1585,961 1630,964 1675,967 1720,970 1764,973 1809,973 1854,976 1899,979 1943,979 1988,979 2033,982 2078,982 2123,982 2167,982 2212,982 2257,985 2302,985 2347,985 2391,988 2397,988"/><TextEquiv><Unicode>cela pour ton père. Puis, un jour, on me mit une</Unicode></TextEquiv></TextLine><TextLine id="r_tl_13" custom="readingOrder {index:13;}"><Coords points="1305,1015 2391,1051 2389,997 2307,986 2001,1012 1304,970"/><Baseline points="1313,1006 1358,1009 1403,1009 1448,1009 1493,1012 1537,1012 1582,1012 1627,1015 1672,1018 1717,1021 1761,1024 1806,1027 1851,1027 1896,1030 1941,1030 1985,1033 2030,1033 2075,1033 2120,1036 2164,1036 2209,1036 2254,1039 2299,1039 2344,1039 2388,1042 2394,1042"/><TextEquiv><Unicode>/robe noire, et l’on me fit savoir que mon père était</Unicode></TextEquiv></TextLine><TextLine id="r_tl_14" custom="readingOrder {index:14;}"><Coords points="1300,1064 2372,1113 2377,1049 1298,1032"/><Baseline points="1307,1057 1352,1060 1397,1063 1442,1063 1487,1063 1531,1063 1576,1066 1621,1069 1666,1069 1711,1072 1755,1075 1800,1078 1845,1078 1890,1078 1935,1080 1979,1083 2024,1086 2069,1086 2114,1089 2159,1089 2203,1092 2248,1092 2293,1095 2338,1092 2382,1089"/><TextEquiv><Unicode>allé rejoindre maman. J’avais du chagrin; et grand’¬</Unicode></TextEquiv></TextLine><TextLine id="r_tl_15" custom="readingOrder {index:15;}"><Coords points="1300,1118 2366,1163 2387,1110 1298,1090"/><Baseline points="1307,1110 1352,1113 1397,1113 1442,1116 1487,1116 1531,1119 1576,1119 1621,1119 1666,1122 1711,1122 1755,1125 1800,1125 1845,1128 1890,1131 1935,1134 1979,1134 2024,1137 2069,1140 2114,1140 2159,1143 2203,1146 2248,1146 2293,1146 2338,1149 2382,1149 2391,1146"/><TextEquiv><Unicode>mère priait les voisines de laisser leurs petits enfants</Unicode></TextEquiv></TextLine><TextLine id="r_tl_16" custom="readingOrder {index:16;}"><Coords points="1302,1188 2376,1208 2374,1162 2316,1156 1301,1126"/><Baseline points="1310,1176 1355,1170 1400,1170 1445,1170 1490,1170 1534,1173 1579,1173 1624,1173 1669,1176 1714,1176 1758,1176 1803,1179 1848,1179 1893,1182 1938,1185 1982,1185 2027,1188 2072,1191 2117,1194 2161,1197 2206,1197 2251,1200 2296,1200 2341,1203 2379,1200"/><TextEquiv><Unicode>jouer avec moi. Les petits enfants venaient, ils dan¬</Unicode></TextEquiv></TextLine><TextLine id="r_tl_17" custom="readingOrder {index:17;}"><Coords points="1302,1244 2388,1264 2387,1206 1301,1188"/><Baseline points="1310,1224 1355,1224 1400,1224 1445,1227 1490,1227 1534,1227 1579,1230 1624,1230 1669,1230 1714,1230 1758,1233 1803,1233 1848,1236 1893,1236 1938,1239 1982,1239 2027,1242 2072,1242 2117,1248 2161,1251 2206,1254 2251,1254 2296,1254 2341,1257 2385,1260 2391,1257"/><TextEquiv><Unicode>saient, ils couraient partout. Moi je ne pouvais ni</Unicode></TextEquiv></TextLine><TextLine id="r_tl_18" custom="readingOrder {index:18;}"><Coords points="1301,1293 2387,1343 2384,1263 1298,1242"/><Baseline points="1307,1275 1352,1278 1397,1278 1442,1278 1487,1281 1531,1281 1576,1284 1621,1284 1666,1284 1711,1287 1755,1287 1800,1287 1845,1290 1890,1290 1935,1290 1979,1290 2024,1293 2069,1295 2114,1298 2159,1298 2203,1301 2248,1304 2293,1307 2338,1310 2382,1316 2388,1316"/><TextEquiv><Unicode>danser ni courir; et comme ils ne savaient pourquoi,</Unicode></TextEquiv></TextLine><TextLine id="r_tl_19" custom="readingOrder {index:19;}"><Coords points="1309,1347 2380,1381 2378,1334 2213,1309 1308,1294"/><Baseline points="1316,1328 1361,1331 1406,1331 1451,1331 1496,1334 1540,1334 1585,1334 1630,1337 1675,1337 1720,1337 1764,1340 1809,1340 1854,1340 1899,1340 1943,1340 1988,1346 2033,1346 2078,1349 2123,1352 2167,1355 2212,1355 2257,1358 2302,1361 2347,1361 2382,1358"/><TextEquiv><Unicode>quelquefois ils me battaient et m'appelaient maus¬</Unicode></TextEquiv></TextLine><TextLine id="r_tl_20" custom="readingOrder {index:20;}"><Coords points="1301,1399 2381,1428 2344,1371 2219,1362 1300,1353"/><Baseline points="1307,1379 1352,1382 1397,1385 1442,1385 1487,1385 1531,1385 1576,1388 1621,1388 1666,1391 1711,1391 1755,1391 1800,1391 1845,1394 1890,1394 1935,1397 1979,1397 2024,1400 2069,1403 2114,1403 2159,1406 2203,1409 2248,1412 2293,1412 2338,1415 2382,1418 2385,1418"/><TextEquiv><Unicode>sade. Plus grands, ces enfants sont devenus très-bons :</Unicode></TextEquiv></TextLine><TextLine id="r_tl_21" custom="readingOrder {index:21;}"><Coords points="1300,1440 2380,1473 2342,1421 1300,1399"/><Baseline points="1307,1433 1352,1436 1397,1439 1442,1439 1487,1439 1531,1439 1576,1442 1621,1442 1666,1442 1711,1442 1755,1445 1800,1445 1845,1445 1890,1448 1935,1448 1979,1451 2024,1454 2069,1457 2114,1460 2159,1460 2203,1463 2248,1466 2293,1466 2338,1466 2382,1463 2385,1460"/><TextEquiv><Unicode>auparavant, ils me tourmentaient, et je priai grand-</Unicode></TextEquiv></TextLine><TextLine id="r_tl_22" custom="readingOrder {index:22;}"><Coords points="1294,1500 2388,1527 2387,1467 1293,1456"/><Baseline points="1301,1487 1346,1490 1391,1490 1436,1493 1481,1493 1525,1493 1570,1493 1615,1496 1660,1493 1705,1496 1749,1499 1794,1499 1839,1499 1884,1502 1929,1502 1973,1505 2018,1505 2063,1508 2108,1511 2153,1511 2197,1513 2242,1516 2287,1516 2332,1516 2376,1516 2391,1519"/><TextEquiv><Unicode>mère de les renvoyer chez eux, préférant écouter ses</Unicode></TextEquiv></TextLine><TextLine id="r_tl_23" custom="readingOrder {index:23;}"><Coords points="1293,1542 2381,1575 2355,1540 2110,1514 1293,1516"/><Baseline points="1301,1540 1346,1543 1391,1543 1436,1546 1481,1546 1525,1546 1570,1546 1615,1549 1660,1549 1705,1552 1749,1552 1794,1552 1839,1552 1884,1555 1929,1555 1973,1558 2018,1558 2063,1561 2108,1561 2153,1564 2197,1567 2242,1567 2287,1570 2332,1570 2376,1567 2385,1567"/><TextEquiv><Unicode>complaintes et ses histoires et jouer seule avec Mique¬</Unicode></TextEquiv></TextLine><TextLine id="r_tl_24" custom="readingOrder {index:24;}"><Coords points="1293,1609 2363,1635 2387,1575 2132,1601 2057,1566 1291,1557"/><Baseline points="1301,1594 1346,1597 1391,1597 1436,1600 1481,1600 1525,1600 1570,1603 1615,1603 1660,1603 1705,1603 1749,1606 1794,1606 1839,1609 1884,1609 1929,1609 1973,1612 2018,1612 2063,1615 2108,1615 2153,1618 2197,1618 2242,1621 2287,1621 2332,1624 2376,1624 2391,1627"/><TextEquiv><Unicode>lon, qui était tout petit en ce temps-là, et que mon</Unicode></TextEquiv></TextLine><TextLine id="r_tl_25" custom="readingOrder {index:25;}"><Coords points="1305,1672 2317,1682 2316,1647 2151,1623 1304,1609"/><Baseline points="1313,1645 1358,1651 1403,1651 1448,1654 1493,1654 1537,1654 1582,1657 1627,1657 1672,1657 1717,1660 1761,1660 1806,1660 1851,1663 1896,1666 1941,1666 1985,1666 2030,1666 2075,1669 2120,1669 2164,1672 2209,1672 2254,1675 2299,1678 2320,1675"/><TextEquiv><Unicode>père avait amené de bien loin pour me divertir. »</Unicode></TextEquiv></TextLine><TextLine id="r_tl_26" custom="readingOrder {index:26;}"><Coords points="1342,1707 2388,1750 2387,1676 1341,1660"/><Baseline points="1349,1705 1394,1705 1439,1708 1484,1711 1528,1711 1573,1711 1618,1711 1663,1714 1708,1714 1752,1714 1797,1714 1842,1717 1887,1717 1932,1720 1976,1720 2021,1720 2066,1723 2111,1723 2156,1726 2200,1726 2245,1728 2290,1731 2335,1731 2379,1734 2391,1734"/><TextEquiv><Unicode>Tel fut, à quelques mots près, le récit d'Emilienne;</Unicode></TextEquiv></TextLine><TextLine id="r_tl_27" custom="readingOrder {index:27;}"><Coords points="1297,1767 2385,1804 2384,1750 2317,1736 1296,1703"/><Baseline points="1304,1758 1349,1758 1394,1761 1439,1761 1484,1761 1528,1764 1573,1764 1618,1764 1663,1764 1708,1767 1752,1767 1797,1767 1842,1770 1887,1770 1932,1770 1976,1773 2021,1776 2066,1776 2111,1776 2156,1776 2200,1779 2245,1782 2290,1785 2335,1785 2379,1785 2388,1782"/><TextEquiv><Unicode>et tandis qu’elle parlait avec l’intelligence précoce</Unicode></TextEquiv></TextLine><TextLine id="r_tl_28" custom="readingOrder {index:28;}"><Coords points="1298,1821 2389,1856 2388,1806 1297,1772"/><Baseline points="1304,1809 1349,1812 1394,1812 1439,1815 1484,1815 1528,1815 1573,1815 1618,1818 1663,1818 1708,1821 1752,1821 1797,1821 1842,1824 1887,1824 1932,1827 1976,1827 2021,1827 2066,1827 2111,1833 2156,1833 2200,1833 2245,1836 2290,1836 2335,1839 2379,1839 2391,1842"/><TextEquiv><Unicode>de la plupart des enfants infirmes, je réfléchissais à</Unicode></TextEquiv></TextLine><TextLine id="r_tl_29" custom="readingOrder {index:29;}"><Coords points="1300,1885 2380,1908 2362,1844 1298,1821"/><Baseline points="1307,1869 1352,1866 1397,1869 1442,1869 1487,1869 1531,1869 1576,1869 1621,1872 1666,1872 1711,1875 1755,1875 1800,1875 1845,1875 1890,1878 1935,1878 1979,1881 2024,1881 2069,1884 2114,1884 2159,1884 2203,1887 2248,1890 2293,1890 2338,1893 2382,1893 2385,1890"/><TextEquiv><Unicode>part moi sur la misérable destinée réservée par la</Unicode></TextEquiv></TextLine><TextLine id="r_tl_30" custom="readingOrder {index:30;}"><Coords points="1291,1930 2370,1956 2370,1911 1290,1886"/><Baseline points="1298,1920 1343,1923 1388,1920 1433,1923 1478,1923 1522,1923 1567,1926 1612,1926 1657,1926 1702,1929 1746,1926 1791,1929 1836,1929 1881,1932 1926,1932 1970,1932 2015,1935 2060,1938 2105,1938 2150,1941 2194,1941 2239,1943 2284,1943 2329,1943 2374,1941"/><TextEquiv><Unicode>Providence à quelques-uns. Tout en causant, la para¬</Unicode></TextEquiv></TextLine><TextLine id="r_tl_31" custom="readingOrder {index:31;}"><Coords points="1301,1997 2261,2012 2367,2007 2377,1967 1300,1928"/><Baseline points="1307,1973 1352,1976 1397,1976 1442,1976 1487,1976 1531,1979 1576,1979 1621,1979 1666,1979 1711,1979 1755,1979 1800,1982 1845,1982 1890,1985 1935,1985 1979,1985 2024,1988 2069,1988 2114,1991 2159,1994 2203,1994 2248,1994 2293,1997 2338,1997 2379,2000"/><TextEquiv><Unicode>lytique avait achevé ses bouquets, et la grand’mère</Unicode></TextEquiv></TextLine><TextLine id="r_tl_32" custom="readingOrder {index:32;}"><Coords points="1290,2042 2372,2058 2336,2009 1289,1995"/><Baseline points="1298,2027 1343,2027 1388,2027 1433,2030 1478,2030 1522,2030 1567,2030 1612,2033 1657,2030 1702,2033 1746,2036 1791,2036 1836,2039 1881,2039 1926,2039 1970,2039 2015,2042 2060,2042 2105,2045 2150,2045 2194,2045 2239,2048 2284,2048 2329,2051 2374,2045"/><TextEquiv><Unicode>s'étant rapprochée de l'ïlot, où son âge ne lui permet¬</Unicode></TextEquiv></TextLine><TextLine id="r_tl_33" custom="readingOrder {index:33;}"><Coords points="1287,2085 2378,2118 2377,2072 2279,2057 1286,2039"/><Baseline points="1295,2078 1340,2081 1385,2081 1430,2081 1475,2084 1519,2084 1564,2084 1609,2084 1654,2087 1699,2087 1743,2090 1788,2090 1833,2090 1878,2093 1923,2090 1967,2093 2012,2096 2057,2096 2102,2096 2147,2096 2191,2099 2236,2102 2281,2102 2326,2102 2371,2102 2379,2105"/><TextEquiv><Unicode>tait pas de pénétrer facilement, Emilienne lui jeta sur</Unicode></TextEquiv></TextLine><TextLine id="r_tl_34" custom="readingOrder {index:34;}"><Coords points="1293,2147 2373,2163 2372,2110 2168,2133 1862,2097 1781,2132 1673,2093 1291,2085"/><Baseline points="1301,2132 1346,2135 1391,2135 1436,2138 1481,2138 1525,2138 1570,2138 1615,2141 1660,2141 1705,2141 1749,2141 1794,2144 1839,2144 1884,2144 1929,2144 1973,2147 2018,2147 2063,2150 2108,2150 2153,2150 2197,2153 2242,2156 2287,2156 2332,2156 2376,2156"/><TextEquiv><Unicode>l’autre bord la moisson qu’elle avait faite. La petite</Unicode></TextEquiv></TextLine><TextLine id="r_tl_35" custom="readingOrder {index:35;}"><Coords points="1286,2189 2377,2215 2342,2170 1286,2153"/><Baseline points="1293,2185 1337,2185 1382,2188 1427,2188 1472,2191 1516,2191 1561,2191 1606,2191 1651,2194 1696,2194 1740,2194 1785,2197 1830,2197 1875,2197 1920,2197 1964,2197 2009,2200 2054,2203 2099,2203 2144,2203 2188,2206 2233,2206 2278,2209 2323,2209 2368,2209 2379,2212"/><TextEquiv><Unicode>fille se disposait encore à traverser l’eau sur le dos de</Unicode></TextEquiv></TextLine><TextLine id="r_tl_36" custom="readingOrder {index:36;}"><Coords points="1286,2256 2370,2262 2369,2222 2294,2215 1285,2189"/><Baseline points="1293,2239 1337,2242 1382,2242 1427,2242 1472,2245 1516,2245 1561,2245 1606,2248 1651,2248 1696,2248 1740,2248 1785,2251 1830,2251 1875,2251 1920,2251 1964,2254 2009,2254 2054,2254 2099,2257 2144,2257 2188,2260 2233,2260 2278,2263 2323,2263 2368,2260 2374,2257"/><TextEquiv><Unicode>Miquelon; mais je la pris sur mes épaules, et fran¬</Unicode></TextEquiv></TextLine><TextLine id="r_tl_37" custom="readingOrder {index:37;}"><Coords points="1287,2297 2335,2333 2367,2282 1286,2256"/><Baseline points="1295,2290 1340,2293 1385,2293 1430,2296 1475,2299 1519,2299 1564,2299 1609,2299 1654,2299 1699,2302 1743,2302 1788,2302 1833,2302 1878,2302 1923,2305 1967,2308 2012,2308 2057,2308 2102,2308 2147,2311 2191,2314 2236,2314 2281,2314 2326,2314 2371,2311"/><TextEquiv><Unicode>chissant le ruisseau comme je l’avais déjà fait, je dé¬</Unicode></TextEquiv></TextLine><TextLine id="r_tl_38" custom="readingOrder {index:38;}"><Coords points="1291,2376 2376,2376 2361,2318 1290,2316"/><Baseline points="1298,2353 1343,2350 1388,2347 1433,2350 1478,2350 1522,2353 1567,2353 1612,2353 1657,2353 1702,2353 1746,2356 1791,2356 1836,2359 1881,2359 1926,2359 1970,2359 2015,2362 2060,2362 2105,2365 2150,2365 2194,2368 2239,2368 2284,2368 2329,2368 2374,2368 2379,2371"/><TextEquiv><Unicode>posai l’enfant sur les genoux de l‘aïcule, qui ne savait</Unicode></TextEquiv></TextLine><TextLine id="r_tl_39" custom="readingOrder {index:39;}"><Coords points="1282,2408 2340,2447 2366,2376 1281,2372"/><Baseline points="1290,2400 1334,2400 1379,2400 1424,2403 1469,2403 1513,2403 1558,2406 1603,2406 1648,2406 1693,2409 1737,2409 1782,2409 1827,2412 1872,2412 1917,2412 1961,2412 2006,2415 2051,2412 2096,2415 2141,2415 2185,2418 2230,2418 2275,2421 2320,2421 2365,2418 2371,2421"/><TextEquiv><Unicode>quels termes employer pour exalter ce qu’elle nom¬</Unicode></TextEquiv></TextLine><TextLine id="r_tl_40" custom="readingOrder {index:40;}"><Coords points="1279,2455 1851,2478 1868,2432 1364,2410 1315,2429 1278,2412"/><Baseline points="1287,2454 1331,2454 1376,2454 1421,2454 1466,2457 1511,2457 1555,2460 1600,2460 1645,2460 1690,2460 1734,2460 1779,2463 1824,2463 1869,2466 1872,2466"/><TextEquiv><Unicode>mait une complaisance rare.</Unicode></TextEquiv></TextLine><TextLine id="r_tl_41" custom="readingOrder {index:41;}"><Coords points="1327,2520 2362,2530 2361,2466 1954,2493 1892,2462 1326,2462"/><Baseline points="1334,2505 1379,2508 1424,2508 1469,2511 1513,2511 1558,2514 1603,2514 1648,2514 1693,2514 1737,2517 1782,2517 1827,2517 1872,2517 1917,2520 1961,2520 2006,2523 2051,2520 2096,2523 2141,2526 2185,2526 2230,2526 2275,2526 2320,2526 2365,2532 2368,2529"/><TextEquiv><Unicode>Nous échangeâmes quelques paroles bienveillantes.</Unicode></TextEquiv></TextLine><TextLine id="r_tl_42" custom="readingOrder {index:42;}"><Coords points="1279,2561 2355,2591 2354,2532 1278,2527"/><Baseline points="1287,2559 1331,2562 1376,2559 1421,2562 1466,2565 1511,2565 1555,2565 1600,2565 1645,2568 1690,2568 1734,2568 1779,2568 1824,2571 1869,2571 1914,2571 1958,2571 2003,2574 2048,2574 2093,2574 2138,2577 2182,2577 2227,2577 2272,2580 2317,2577 2359,2574"/><TextEquiv><Unicode>après quoi la vieille femme attela le chien à une pe¬</Unicode></TextEquiv></TextLine><TextLine id="r_tl_43" custom="readingOrder {index:43;}"><Coords points="1286,2613 2363,2636 2280,2583 1286,2575"/><Baseline points="1293,2612 1337,2609 1382,2612 1427,2612 1472,2615 1516,2615 1561,2618 1606,2618 1651,2618 1696,2621 1740,2621 1785,2621 1830,2621 1875,2621 1920,2624 1964,2624 2009,2624 2054,2624 2099,2627 2144,2627 2188,2630 2233,2630 2278,2630 2323,2630 2365,2627"/><TextEquiv><Unicode>tite voiture dans laquelle elle disposa autour de l'en¬</Unicode></TextEquiv></TextLine><TextLine id="r_tl_44" custom="readingOrder {index:44;}"><Coords points="1286,2673 2357,2689 2305,2637 1286,2621"/><Baseline points="1293,2666 1337,2663 1382,2666 1427,2666 1472,2669 1516,2669 1561,2669 1606,2669 1651,2669 1696,2672 1740,2672 1785,2672 1830,2675 1875,2675 1920,2675 1964,2675 2009,2678 2054,2678 2099,2678 2144,2678 2188,2681 2233,2681 2278,2681 2323,2684 2359,2678"/><TextEquiv><Unicode>fant ses paquets de mauves, de bourrache, de jaco¬</Unicode></TextEquiv></TextLine><TextLine id="r_tl_45" custom="readingOrder {index:45;}"><Coords points="1286,2726 2362,2759 2361,2688 1285,2677"/><Baseline points="1293,2717 1337,2717 1382,2720 1427,2720 1472,2720 1516,2720 1561,2720 1606,2720 1651,2720 1696,2723 1740,2723 1785,2726 1830,2723 1875,2726 1920,2726 1964,2726 2009,2729 2054,2732 2099,2732 2144,2732 2188,2735 2233,2735 2278,2735 2323,2735 2365,2744"/><TextEquiv><Unicode>bées, de narcisses; les fleurs roses, bleues, jaunes,</Unicode></TextEquiv></TextLine><TextLine id="r_tl_46" custom="readingOrder {index:46;}"><Coords points="1276,2781 2355,2792 2354,2738 1276,2732"/><Baseline points="1284,2768 1328,2771 1373,2771 1418,2771 1463,2771 1508,2771 1552,2774 1597,2774 1642,2774 1687,2774 1731,2774 1776,2777 1821,2777 1866,2777 1911,2780 1955,2780 2000,2780 2045,2783 2090,2783 2135,2783 2179,2786 2224,2789 2269,2789 2314,2789 2359,2789"/><TextEquiv><Unicode>blanches, de toutes ces plantes encadraient d’une ma¬</Unicode></TextEquiv></TextLine><TextLine id="r_tl_47" custom="readingOrder {index:47;}"><Coords points="1279,2835 2365,2856 2363,2797 1278,2781"/><Baseline points="1287,2824 1331,2824 1376,2824 1421,2824 1466,2824 1511,2827 1555,2827 1600,2827 1645,2827 1690,2830 1734,2830 1779,2830 1824,2830 1869,2830 1914,2830 1958,2830 2003,2833 2048,2836 2093,2839 2138,2839 2182,2839 2227,2839 2272,2842 2317,2845 2362,2845 2368,2845"/><TextEquiv><Unicode>nière charmante la gracieuse tête de la petite fille. Je</Unicode></TextEquiv></TextLine><TextLine id="r_tl_48" custom="readingOrder {index:48;}"><Coords points="1276,2882 2362,2903 2361,2852 1275,2834"/><Baseline points="1284,2878 1328,2878 1373,2878 1418,2878 1463,2878 1508,2881 1552,2875 1597,2878 1642,2881 1687,2881 1731,2884 1776,2884 1821,2884 1866,2884 1911,2887 1955,2887 2000,2887 2045,2887 2090,2890 2135,2893 2179,2896 2224,2893 2269,2896 2314,2896 2359,2896 2365,2899"/><TextEquiv><Unicode>la suivis des yeux jusqu’à la barrière qui fermait la</Unicode></TextEquiv></TextLine><TextLine id="r_tl_49" custom="readingOrder {index:49;}"><Coords points="1281,2947 2357,2963 2355,2903 1279,2894"/><Baseline points="1287,2932 1331,2932 1376,2932 1421,2932 1466,2932 1511,2935 1555,2935 1600,2935 1645,2935 1690,2935 1734,2935 1779,2935 1824,2938 1869,2938 1914,2938 1958,2941 2003,2941 2048,2944 2093,2944 2138,2947 2182,2947 2227,2950 2272,2950 2317,2950 2359,2950"/><TextEquiv><Unicode>prairie et donnait accès dans le chemin. Là, avant de</Unicode></TextEquiv></TextLine><TextLine id="r_tl_50" custom="readingOrder {index:50;}"><Coords points="1279,2996 2365,3007 2257,2954 1278,2946"/><Baseline points="1287,2986 1331,2983 1376,2986 1421,2986 1466,2986 1511,2986 1555,2986 1600,2989 1645,2989 1690,2989 1734,2989 1779,2992 1824,2992 1869,2995 1914,2995 1958,2995 2003,2998 2048,2998 2093,3001 2138,3001 2182,3001 2227,3004 2272,3004 2317,3004 2362,3007 2368,3007"/><TextEquiv><Unicode>disparaître derrière les aubépines du talus, Emilienne</Unicode></TextEquiv></TextLine><TextLine id="r_tl_51" custom="readingOrder {index:51;}"><Coords points="1274,3047 2358,3082 2357,3019 2235,3010 1274,3011"/><Baseline points="1281,3036 1325,3036 1370,3036 1415,3039 1460,3039 1505,3039 1549,3042 1594,3042 1639,3042 1684,3042 1728,3045 1773,3045 1818,3048 1863,3048 1908,3048 1952,3048 1997,3051 2042,3051 2087,3054 2132,3054 2176,3054 2221,3054 2266,3054 2311,3054 2356,3054 2362,3054"/><TextEquiv><Unicode>se retourna et me fit de la main un dernier salut</Unicode></TextEquiv></TextLine><TextLine id="r_tl_52" custom="readingOrder {index:52;}"><Coords points="1271,3101 1294,3098 1306,3104 1313,3098 1328,3104 1335,3096 1373,3111 1402,3104 1426,3118 1441,3115 1440,3056 1407,3052 1398,3044 1371,3056 1362,3049 1334,3055 1326,3063 1270,3056"/><Baseline points="1278,3090 1322,3090 1367,3093 1412,3093 1445,3093"/><TextEquiv><Unicode>amical.</Unicode></TextEquiv></TextLine><TextLine id="r_tl_53" custom="readingOrder {index:53;}"><Coords points="1317,3152 2351,3167 2350,3119 2271,3104 2033,3094 1898,3133 1518,3082 1317,3104"/><Baseline points="1325,3144 1370,3144 1415,3147 1460,3147 1505,3147 1549,3150 1594,3150 1639,3150 1684,3153 1728,3153 1773,3156 1818,3156 1863,3156 1908,3156 1952,3159 1997,3159 2042,3159 2087,3159 2132,3156 2176,3156 2221,3156 2266,3153 2311,3153 2353,3153"/><TextEquiv><Unicode>Mon aïeule, comme toutes les châtelaines bretonnes</Unicode></TextEquiv></TextLine><TextLine id="r_tl_54" custom="readingOrder {index:54;}"><Coords points="1276,3216 2347,3213 2313,3158 2283,3188 1276,3165"/><Baseline points="1284,3198 1328,3201 1373,3201 1418,3201 1463,3204 1508,3204 1552,3204 1597,3204 1642,3207 1687,3207 1731,3210 1776,3210 1821,3210 1866,3210 1911,3210 1955,3213 2000,3210 2045,3210 2090,3207 2135,3207 2179,3207 2224,3207 2269,3204 2314,3207 2350,3207"/><TextEquiv><Unicode>d’autrefois, comme un grand nombre de celles d’à</Unicode></TextEquiv></TextLine><TextLine id="r_tl_55" custom="readingOrder {index:55;}"><Coords points="1279,3276 2350,3266 2350,3221 2290,3205 1279,3220"/><Baseline points="1287,3260 1322,3254 1367,3254 1412,3257 1457,3257 1502,3260 1546,3260 1591,3260 1636,3260 1681,3260 1726,3263 1770,3263 1815,3263 1860,3260 1905,3263 1949,3260 1994,3260 2039,3257 2084,3257 2129,3257 2173,3257 2218,3257 2263,3257 2308,3257 2353,3254"/><TextEquiv><Unicode>présent, aimait les pauvres et les visitait. Eloigné</Unicode></TextEquiv></TextLine><TextLine id="r_tl_56" custom="readingOrder {index:56;}"><Coords points="1276,3317 2355,3328 2355,3269 2200,3258 1276,3274"/><Baseline points="1284,3305 1328,3308 1373,3308 1418,3311 1463,3311 1508,3314 1552,3314 1597,3314 1642,3314 1687,3314 1731,3314 1776,3314 1821,3314 1866,3314 1911,3314 1955,3311 2000,3311 2045,3308 2090,3308 2135,3308 2179,3308 2224,3308 2269,3308 2314,3311 2359,3311"/><TextEquiv><Unicode>d’elle par la nécessité de prendre un état, lorsqu’il</Unicode></TextEquiv></TextLine><TextLine id="r_tl_57" custom="readingOrder {index:57;}"><Coords points="1276,3379 2352,3373 2332,3314 1276,3325"/><Baseline points="1284,3359 1328,3362 1373,3362 1418,3365 1463,3362 1508,3365 1552,3365 1597,3365 1642,3368 1687,3365 1731,3365 1776,3365 1821,3365 1866,3362 1911,3365 1955,3362 2000,3362 2045,3359 2090,3359 2135,3356 2179,3359 2224,3359 2269,3362 2314,3362 2356,3365"/><TextEquiv><Unicode>m'eût été si doux de rendre à sa vieillesse les soins</Unicode></TextEquiv></TextLine><TextLine id="r_tl_58" custom="readingOrder {index:58;}"><Coords points="1279,3431 2352,3433 2352,3370 1279,3379"/><Baseline points="1287,3416 1331,3416 1376,3416 1421,3416 1466,3416 1511,3416 1555,3416 1600,3416 1645,3416 1690,3416 1734,3416 1779,3416 1824,3416 1869,3413 1914,3413 1958,3413 2003,3410 2048,3410 2093,3410 2138,3410 2182,3410 2227,3413 2272,3416 2317,3416 2356,3419"/><TextEquiv><Unicode>prodigués à mon enfance, je devais accueillir avec</Unicode></TextEquiv></TextLine><TextLine id="r_tl_59" custom="readingOrder {index:59;}"><Coords points="1276,3478 2350,3482 2350,3439 2162,3416 1276,3427"/><Baseline points="1284,3466 1328,3466 1373,3466 1418,3466 1463,3466 1508,3466 1552,3466 1597,3463 1642,3466 1687,3463 1731,3463 1776,3463 1821,3463 1866,3463 1911,3463 1955,3463 2000,3460 2045,3460 2090,3463 2135,3463 2179,3463 2224,3466 2269,3469 2314,3469 2353,3472"/><TextEquiv><Unicode>bonheur tout ce qui me rendait plus vivant son cher</Unicode></TextEquiv></TextLine><TextLine id="r_tl_60" custom="readingOrder {index:60;}"><Coords points="1271,3533 2350,3538 2350,3482 2301,3476 2194,3505 2107,3468 1271,3480"/><Baseline points="1278,3520 1322,3520 1367,3517 1412,3520 1457,3520 1502,3517 1546,3517 1591,3514 1636,3514 1681,3514 1726,3514 1770,3514 1815,3514 1860,3514 1905,3514 1949,3514 1994,3514 2039,3514 2084,3517 2129,3517 2173,3517 2218,3520 2263,3523 2308,3523 2353,3523"/><TextEquiv><Unicode>souvenir. La Brélivet avait son âge, ses rides, son dos</Unicode></TextEquiv></TextLine><TextLine id="r_tl_61" custom="readingOrder {index:61;}"><Coords points="1276,3580 2355,3591 2355,3547 2241,3524 1276,3546"/><Baseline points="1284,3574 1328,3574 1373,3571 1418,3571 1463,3571 1508,3571 1552,3565 1597,3565 1642,3568 1687,3568 1731,3568 1776,3565 1821,3568 1866,3568 1911,3565 1955,3568 2000,3568 2045,3568 2090,3571 2135,3571 2179,3574 2224,3574 2269,3577 2314,3577 2359,3580"/><TextEquiv><Unicode>courbé, et, de plus, elle appartenait à cette classe</Unicode></TextEquiv></TextLine><TextLine id="r_tl_62" custom="readingOrder {index:62;}"><Coords points="1271,3636 2350,3655 2348,3588 2290,3581 1270,3600"/><Baseline points="1278,3625 1322,3625 1367,3625 1412,3622 1457,3622 1502,3619 1546,3619 1591,3619 1636,3619 1681,3619 1726,3616 1770,3619 1815,3619 1860,3619 1905,3619 1949,3619 1994,3622 2039,3622 2084,3625 2129,3625 2173,3628 2218,3628 2263,3631 2308,3634 2353,3637 2356,3634"/><TextEquiv><Unicode>d’indigents honnêtes et laborieux que mon aïeule</Unicode></TextEquiv></TextLine><TextLine id="r_tl_63" custom="readingOrder {index:63;}"><Coords points="1271,3681 2350,3693 2299,3637 1270,3640"/><Baseline points="1278,3678 1322,3678 1367,3675 1412,3672 1457,3672 1502,3672 1546,3670 1591,3670 1636,3672 1681,3670 1726,3670 1770,3672 1815,3672 1860,3672 1905,3672 1949,3675 1994,3675 2039,3675 2084,3678 2129,3681 2173,3684 2218,3684 2263,3687 2308,3687 2353,3684"/><TextEquiv><Unicode>m'avait appris à respecter et à secourir. N'ayant au¬</Unicode></TextEquiv></TextLine><TextLine id="r_tl_64" custom="readingOrder {index:64;}"><Coords points="1276,3739 2352,3745 2342,3693 2295,3726 2122,3682 1276,3685"/><Baseline points="1284,3729 1328,3726 1373,3726 1418,3723 1463,3723 1508,3723 1552,3723 1597,3720 1642,3723 1687,3723 1731,3723 1776,3723 1821,3723 1866,3723 1911,3723 1955,3729 2000,3729 2045,3732 2090,3732 2135,3735 2179,3738 2224,3741 2269,3741 2314,3741 2356,3741"/><TextEquiv><Unicode>tour de moi aucun des objets de mon affection, et</Unicode></TextEquiv></TextLine><TextLine id="r_tl_65" custom="readingOrder {index:65;}"><Coords points="1274,3793 2318,3812 2350,3764 1272,3741"/><Baseline points="1281,3780 1325,3780 1370,3777 1415,3777 1460,3777 1505,3777 1549,3777 1594,3777 1639,3777 1684,3777 1728,3777 1773,3777 1818,3780 1863,3780 1908,3783 1952,3783 1997,3786 2042,3789 2087,3789 2132,3792 2176,3792 2221,3795 2266,3792 2311,3792 2353,3795"/><TextEquiv><Unicode>cela à vingt ans, à l’âge où le cœur surabonde de vie,</Unicode></TextEquiv></TextLine><TextLine id="r_tl_66" custom="readingOrder {index:66;}"><Coords points="1274,3857 2352,3868 2332,3803 1274,3793"/><Baseline points="1281,3837 1325,3834 1370,3834 1415,3831 1460,3831 1505,3831 1549,3831 1594,3831 1639,3831 1684,3834 1728,3834 1773,3834 1818,3834 1863,3837 1908,3840 1952,3843 1997,3843 2042,3843 2087,3846 2132,3846 2176,3846 2221,3846 2266,3843 2311,3840 2356,3840"/><TextEquiv><Unicode>où l'expension est si nécessaire, je saisis avidement</Unicode></TextEquiv></TextLine><TextEquiv><Unicode></Unicode></TextEquiv></TextRegion><TextRegion id="tr_1778599005" custom="readingOrder {index:4;} structure {score:0.99; type:footer;}"><Coords points="2107,3871 2197,3873 2191,3911 2106,3911"/><TextEquiv><Unicode></Unicode></TextEquiv></TextRegion></Page></PcGts>