2897 4318
1258 237 1444 348 251
782 520 1942 776 Correspondance.
209 910 2443 1043 PLANCHE VIII. —1 et 2, Bande et rond d’un bonnet grec — 3, M. F. —  4, J. L. — 5, Herminde — 6 et 7, Col et man¬
298 996 2443 1091 chette — 8, Aline — 9, D. M. — 10, Semé — 11, L. L. — 12, G. H. — 13, Écusson pour mouchoir — 14, Quart d'un
295 1052 2449 1146 mouchoir — 15, Boutonnière — 16, Bouquet pour semé — 17 et 18, Col et manchette — 19, I. B. — 20 et 21, Bouquets
298 1113 2446 1216 pour semé — 22, A. D. — 23, Ecusson — 24, J. F. — 25, Chausson pour enfant — 26, T. G. —27, Dessus de pelote
295 1163 2437 1266 28, Boutonnière — 29, L. L. enlacés — 30, M. H. — 31, J. L.— 32, Dessin pour manches bouillons — 33, Entre-deux
292 1222 2437 1313 — 34, Susanne — 35, Boutonnière — 36, Entre-deux — 37, Patron de mantelet pour une petite fille de trois à quatre
289 1274 2437 1377 ans — 38, Croquis du mantelet — 39 à 44, Patron de manche de robe — 42, Croouis de la manche — 43, Patron  de
292 1330 2404 1425 pantalon pour Lilie — 44, Ceinture du pantalon — 45 à 48, Camisole pour Lilien — 49, Croquis de la camisole -
287 1386 2435 1480 50, Rond pour bonnet — 51, Croquis d’un bonnet de nuit — 52 et 53, Manchette et col du matin — 54 et 55, Croqis de
287 1433 2437 1553 la manchette et du col — 56, Entre-deux — 57, Croquis d’une bourse — 58, Dessin du tricot dont l’explication a été
292 1491 1224 1564 donnée le mois dernier — 59 et 60, Épangle-frisette.
320 1542 1272 1642 La petite édition finit au numéro 16 inclusivement.
245 1700 1274 1823 Ta lettre de Genève a comme des senteurs alpes¬
200 1800 1269 1870 tres, ma Florence, et tes description sont des ta¬
200 1856 1274 1934 bleaux ; en les lisant, on se croit transporté sur les
200 1909 1272 1978 rives du Léman, aux ondes vertes et limpides, que
200 1964 1274 2037 traverse, sans s’y mêler, le courant bleu du Rhône;
200 2009 1277 2084 les glaciers, prismes digantesques, rayonnent à vos
200 2062 1272 2134 yeux; on s’élande dans les sentiers verticaux des
200 2123 1272 2195 montagnes; on voit les chevreuils bondir; on fran¬
200 2173 1269 2240 chit les ponts qui tremblent au-dessus des abîmes, et
195 2212 1272 2301 l’on sent courir entre ses deux épaules une espèce de
206 2271 1263 2346 léger frisson; puis, on redescend en ville, et, sautil¬
195 2318 1266 2410 lant, tant bien que mal, d’un pavé aigu sur un autre,
198 2373 1249 2465 l’on s’en vient assister à quelque raout. Ceci me rap
203 2426 1260 2510 pelle qu’en février dernier, lois d’une première excur¬
195 2496 1266 2557 sion que vous fites à Genève, tu me iaras des salons
198 2543 1260 2613 génevois, ornés exclusivement de dames avec leurs
195 2596 1258 2660 chaufferettes; un tel aspect, je l'avoue, n'aurait point
184 2635 1255 2721 manqué d’amener un imperceptible sourire sur les lè¬
195 2699 1252 2777 vres de ta servante, aussi j’admire fort le sérieux que tu
189 2744 1249 2835 gardas en cette occurrence; je l’admire et j’y applau¬
198 2805 1258 2869 dis, car je me dois cette justice de reconnaître que, si
195 2844 1252 2930 j’avais souri, je m’en serais aussitôt repentie, n’igno¬
186 2899 1252 2988 rant pas que la bienveillance nous fait une loi de res¬
198 2947 1252 3016 pecter les us et coutumes des pays que nous explo¬
195 3008 1252 3100 rons. Cependant, ce respect n'est exigible que jusqu'à
195 3052 1247 3141 un certain point; si, devant un dîner d'antropo¬
198 3097 1244 3194 phages, je pouvais me sentir aucune envie de rire,
195 3164 1247 3242 ce ne serait pas précisément la bienveillance qui me
181 3217 1247 3294 retiendrait. — Et penser que madame Pfeiffer a
192 3267 1252 3350 pu être témoin, non agissant, je le veux croire, de
189 3317 1244 3400 quelques-uns de ces dîners-là!... Mais peut-être ne
181 3370 1238 3456 sais-tu point qui est madame Pfeiffer? Madame Pfeif-
178 3417 1241 3500 fer est une Allemande, sur le crâne de laquelle la
186 3473 1238 3564 protubérance des voyages doit être développée prodi¬
181 3528 1244 3609 gieusement, et certes, chez l'illustre voyageuse, cette
178 3581 1230 3665 protubérance n'est point de celles qu'on appelle neu¬
170 3642 1241 3709 tres, parce qu’elles sont vides et ne prouvent rien; ce
178 3684 1235 3765 qui, soit dit en passant, laisse par trop les coudées
161 3729 1233 3837 franches à MM. les phrénologistes; non, la protubé¬
1358 1742 2429 1861 rance de madame Pfeiffer est une de celles, au con¬
1361 1825 2424 1917 traire, que les événements ultérieurs ont le plus glo¬
1352 1887 2424 1956 rifiées. Du reste, bien que dévorée du désir de con¬
1352 1937 2426 2012 naître, bien qu’elle eût mille fois tressailli devant une
1352 1987 2421 2065 carte et aux récits des voyageurs, et jeté un œil en¬
1358 2040 2415 2115 vieux par delà les horizons, madame Pfeiffer, néan¬
1347 2092 2418 2159 moins, a vécu quarante ans dans son pays natal,
1344 2154 2424 2220 comme toute autre bonne ménagère allemande l’eût
1352 2198 2424 2268 pu faire, accomplissant religieusement ses devoirs
1347 2251 2421 2329 d’épouse et de mère ; ce n’est que devenue veuve, et
1350 2304 2426 2382 ses fils devenus hommes, que madame Pfeiffer s’est
1350 2360 2412 2424 enfin laissée aller à l’irrésistible penchant qui l‘en¬
1347 2401 2418 2490 traînait ; elle en est aujourd’hui à son troisième tour
1336 2446 2276 2527 du monde ; voilà ce qu’est madame Pfeiffer !
1386 2507 2415 2585 Lorsque les Allemands sortent de leur placidité, il
1352 2552 2410 2627 paraît qu’ils deviennent excessifs et que leurs passions
1338 2629 2407 2688 sont de véritables possession; si madame Pfeipper en
1344 2663 2401 2741 est un exemple, en voici un autre : ces jours der¬
1330 2705 2407 2791 niers, un Allemand qui, lui, n’a point l'amour des
1344 2774 2401 2846 voyages, mais celui de la belle latinité, se trouve mal,
1336 2824 2401 2894 place Vendôme, au pied de la colonne; on le relève,
1330 2872 2401 2952 on le porte chez le charmacien le plus proche, et,
1344 2924 2404 3000 tout en lui prodiguant des soins empressés, on se livre
1324 2974 1800 3052 à mille commentaires.
1372 3002 2393 3100 « Le besoin ne saurait être la cause de cet évanouis¬
1327 3077 2396 3147 sement, dit l’un ; ce monsieur a un embonpoint qui
1336 3136 1937 3214 parle en faveur de sa cuisiné.
1422 3180 2396 3256 La cause de l'évanouissement de monsieur, dit
1322 3244 2390 3308 un autre, part d'une région plus noble que l'estomac;
1324 3286 2393 3358 monsieur est un Allemand (je ne sais à quelle partie
1324 3347 2385 3411 du vêtement se révélait ce mystère); monsieur est un
1316 3397 2387 3464 Allemand nouveau débarqué à Paris, qui se sera
1324 3448 2385 3517 trouvé pour la première fois ce matin vis-à-vis de la
1316 3503 2387 3578 colonne ; ce trophée glorieux, mais pour nous seuls,
1313 3564 2387 3626 lui aura rappelé les désastres de sa patrie et aura
1316 3606 2376 3670 rempli son cœur d'amertume; de là, sa pâmoison ! »
1358 3670 2376 3734 A ce speech, le sujet, comme disent les médecins,
1311 3720 2387 3790 sembla cligner de l'œil, et quelque chose comme un
1311 3765 2020 3851 sourire mailleur erra sur ses lèvres.
