2946 4158
1645 117 1736 212 280
551 187 1646 287 des prévenances : leur offrir votre place si elle est
553 277 1639 336 meilleure que la leur; les aider à descendre de voi¬
557 324 1642 389 ture; ne lever, ne baisser les glaces qu’après les avoir
553 380 1632 436 consultées; avoir soin d'elles à table, dans les hôtels
553 430 1640 490 tout cela n'est pas bien difficile et donne bonne opi¬
544 479 1553 544 nion du cœur et de l’éducation d’une jeune fille.
592 542 1635 595 Dans les hôtels, ne quittez pas votre famille, ou, si
550 585 1638 666 plus tard vous voyagiez seule, tâchez de vous placer à
547 648 1636 716 table à côté des femmes que vous aurez trouvées en
553 702 1635 755 voiture et que vous connaissez un peu, et vous servît¬
544 751 1636 819 on la cuisine la plus ostrogothe, ne blâmez pas les
544 809 1625 874 mets; laissez sur votre assiette ce qui vous déplaît,
544 865 1629 920 mais en silence et avec un vrai désir de ne pas atti¬
539 920 1640 983 rer l'attention. Jen reviens toujours là, comme vous
547 973 1625 1036 voyez : passer inaperçue, glisser, en quelque sorte,
535 1022 1633 1079 dans la vie, c'est un grand bien et un grand bonheur !
567 1081 1628 1143 Lorsque vous imez visiter les églises, tâchez de choi¬
539 1129 1632 1188 sir les heures où l’on n’y célèbre pas d’offices, et
535 1185 1633 1255 dans le saint lieu, parlez bas, marchez posément et
531 1235 1505 1310 conservez un maintien recueilli et respectueux.
583 1295 1619 1362 Quant aux détails matériels, je vous engage vive¬
532 1351 1619 1409 ment, chère Albertine, à vous habiller dès le matin
532 1405 1624 1462 d’une manière convenable pour toute la journée.
540 1447 1619 1529 Ayez une chaussure solide et commode, des gants de
540 1518 1621 1578 peau de Suède ou de fil d’Ecosse, une robe qui ne re¬
538 1574 1624 1635 doute pas la poussière, une ombrelle qui puisse ser¬
542 1617 1624 1672 vir en cas de pluie, grande et de couleur foncée; un
532 1663 1619 1732 crayon et un calepin dans votre poche. Je vous engage
535 1721 1622 1787 à emporter aussi un petit nécessaire garni de fil, de
535 1784 1617 1837 rubans, de boutons, etc., etc., pour réparer les ava¬
529 1833 1607 1894 ries de votre toilette, et à vous munir de deux livres
526 1881 1618 1945 de petitformat, un livre de prières et un livré d’agré¬
522 1945 1619 2000 ment, afin de vous en servir en voiture ou dans les
526 1987 1615 2057 heures d’attente, si longues dans une ville étrangère.
521 2048 1607 2107 Au fond de votre malle, une boîte contenant du pa¬
538 2092 1617 2168 pier, des plumes, un encrier, de la cire, vous serait
526 2147 1614 2217 bien commode, car les hôtels sont, en général, assez
526 2213 1614 2268 mal approvisionnés. Ai-je besoin de recommander à
526 2260 1613 2327 mon Albertine d’être en voyage ce qu’elle est toujours,
528 2307 1607 2383 douce, complaisante, dévouée? Non, mais pour l’a¬
524 2370 1611 2433 muser un peu, je mettrai sous ses yeux le portrait
521 2420 1614 2484 d’une voyageuse indolente, égoïste, tracé par une
522 2469 1490 2540 des plumes les plus spirituelles de notre temps :
574 2529 1606 2596 « Que j'aime à voyager! dit madame de Savigny,
519 2571 1614 2653 nonchalamment étendue sur son canapé. On ne me
526 2629 1606 2692 connaît pas quand on ne m'a pas rencontrée en
524 2688 1596 2746 voyage; j’aime tant à courir les montagnes, à voir
519 2729 1606 2810 lever le soleil dans les blanches tapeurs ; j'aime les
521 2795 1603 2862 orages, les coups de tonnerre que répètent les échos;
525 2838 1613 2906 j'aime les torrents, les précipices, etc., etc. Vous
522 2902 1610 2965 vous laissez entraîner par cet enthousiasme, et vous
512 2965 1601 3027 partez pour la Suisse avec madame de Savigny. Mais
514 3011 1600 3070 vous découvrez bientôt qu'elle n'aime ni les monta¬
514 3057 1596 3118 gnes, ni les orages, ni tes précipices, ni le¬ torrents.
517 3118 1599 3178 ni surtout le lever du soleil. Elle n’est jamais prête à
525 3171 1593 3236 partir pour une excursion avant midi ; les auberges
514 3228 1601 3284 sont exécrables, dit-elle; les lits sont si mauvais
507 3275 1600 3329 qu'elle n’a pu s’endormir avant deux heures du ma¬
511 3329 1599 3388 tin. S’il faut gravir une montagne, elle a des palpita¬
512 3384 1601 3459 tions; s’il faut descendre une colline, elle a un point
508 3431 1596 3512 de côté épouvantable; si l'on est au bord d'un préci¬
524 3480 1596 3563 pice, elle a des vertiges; si l'on passe sous une voûte,
514 3540 1600 3608 dans une galerie, elle dit qu'elle étouffe et qu'elle se
507 3587 1594 3666 sent mourir. Elle a peur de tout, des voleurs, du ton¬
510 3640 1599 3724 nerre, des bœufs, des grenouilles, des chauves-souris,
510 3689 1599 3783 des souris; elle craint d'avoir trop chaud, elle craint
1732 219 2838 284 d’avoir un peu froid, elle ne voudrait pas trop se fa¬
1735 270 2848 344 tiguer, elle ne peut pas rester trop longtemps sans
1734 329 2838 393 manger; et puis à table, tout la dégoûte, elle vous
1732 380 2835 454 dit à chaque plat : Comment pouvez-vous manger de
1727 434 2835 493 cela? Elle oublie quelque chose dans chaque au¬
1727 472 2835 556 berge ; ici son ombrelle, là sa montre, et son sac
1734 554 2837 624 partout, et la route est semée de petits messagers qui
1729 609 2838 664 courent chercher ce qu'elle a oublié. L'orage lui fait
1720 656 2839 720 mal aux nerfs, la pluie lui fait mal aux dents, la
1728 719 2835 783 poussière lui fait mal aux yeux, le pavé lui faits mal
1723 773 2831 845 aux pieds; elle se plaint toujours, elle gémit toujour,
1720 836 2831 902 elle crie toujours : elle appelle cela aimer à voyager.
1724 874 2825 944 Enfin, vous découvrez que cette parisienne char¬
1717 936 2835 997 mante est insupportable à deux cents lieues de Paris,
1718 987 2825 1064 et, désenchanté sur son compte, vous trouvez à votre
1714 1039 2828 1117 tour qu'elle avait bien raison de dire : « On ne me
1723 1086 2823 1163 connaît pas quand on ne m'a pas vue en voyage (1). »
1773 1139 2824 1217 Votre voyage se terminera par une visite à votre
1717 1206 2824 1273 aimable parente, madame de P... Vous jouriez là des
1723 1256 2820 1320 plaisirs de l’automne, et les vendanges et la chasse
1717 1308 2820 1377 auront amené sans doute à Clairmarais une société
1714 1366 2821 1426 nombreuse. Vous me demandez quelques conseils
1718 1420 2820 1490 pour vous diriger pendant ce séjour dans une maison
1720 1479 2804 1541 étrangère, me voici tout à vous, avec ma vieille expé¬
1716 1530 2813 1592 rience. D’abord, mon enfant, entrons dans la maison
1710 1583 2807 1656 où l’on nous invite avec un sentiment de bienveillance
1711 1639 2811 1711 qui nous dispose à trouver beau et bien tout ce qui s’of¬
1709 1688 2823 1762 frira à nos regards : le jardin, le château, la serre, les
1718 1750 2813 1810 points de vue; ne gâtons pas le plaisir de nos hôtes par
1710 1798 2820 1863 une critique déplacée des lieux qui les charment.
1707 1842 2810 1924 Ensuite, il faut être tout à fait à la disposition de la
1707 1913 2810 1975 maîtresse de la maison pour les heures des repas, les
1714 1969 2809 2027 parties de plaisir, etc., etc., et se faire à la vie et aux
1709 2023 2809 2076 goûts des autres, alors même qu’ils contrarieraient nos
1709 2065 2809 2128 habitudes et nos désirs. Cependant, évitons d’être à
1710 2122 2807 2202 charge à nos hôtes; il y a des heures où il faut leur
1703 2170 2810 2241 laisser leur liberté ; et pour cela, chère Albertine, je
1704 2235 2810 2299 vous engage à emporter quelques livres et du travail
1696 2278 2804 2352 à l'aiguille en quantité, afin de vous occuper, dans
1703 2337 2802 2402 votre chambre ou au Salon, les jours de pluie et pen¬
1706 2384 2802 2444 dant les moments que l’on ne consacre pas à la pro¬
1690 2447 2802 2520 menade. Vous pourriez faire une broderie ou une
1696 2494 2798 2561 tapisserie que vous laisseriez en partant à madame
1696 2559 2796 2614 de P...; ce serait un souvenir reconnaissant fort ai¬
1696 2598 2170 2674 mable et fort apprécié.
1738 2636 2792 2721 Peut-être vous trouverez-vous à Elairmarais avec
1696 2711 2800 2772 quelques-unes de ces personnes qui, sous le prétexte
1690 2771 2798 2825 de la liberté qui doit régner à la campagne, se per¬
1693 2817 2789 2876 mettent des divertissements aussi dangereux que tur¬
1693 2873 2800 2944 bulents. Elles se croient tout permis parce qu’on
1696 2933 2789 2992 est aux champs : faire chavirer une barque remplie
1693 2979 2798 3045 de monde, tirer des coups de fusil intempestifs, qui
1693 3038 2796 3111 ont mis parfois le feu aux granges ou aux moissons;
1686 3100 2796 3162 escalader les arbres, dévaliser le verger, fouler aux
1692 3150 2799 3221 pieds les plates-bandes, jouer à l'eau dans l'intérieur,
1685 3193 2785 3254 faire des niches aux nouveaux arrivés, voilà les spi¬
1686 3263 2786 3318 rituels plaisirs auxquels on se livre en pareil cas. Je
1693 3307 2785 3375 vous supplie, ma fille, de rester en dehors de ces
1685 3371 2784 3416 amusements, qui, d'ordinaire, ennuient fort les maî¬
1689 3409 2784 3487 tres de la maison et provoquent trop souvent des ac¬
1688 3481 2779 3520 cidents et des discussion. Veillez sur vous, à la cam¬
1693 3517 2781 3584 pagne plus qu’ailleurs, afin de n'être pas entraînée
1693 3580 2789 3676 par cette gaieté toute bruyante, toute en dehors, qui
1734 3717 2341 3813 (1) Madame Emile de Girardin.
