2897 4318
1276 261 1388 350 239
242 353 1280 447 » — Que veux-tu dire, citoyen? m'écriai-je fort
200 383 316 483 ému.
241 421 1268 548 » Il fit le geste de me coucher en joue; je ne com¬
211 521 1276 599 pris que trop bien cette affreuse pantamime. Il me
201 577 1277 641 sembla que tout mon sang se glaçait dans mes veines.
208 626 1277 702 Quoique bien jeune encore et assez pacifique de mon
201 682 1277 756 naturel, j’avais pris les armes de bon cœur pour la
204 730 1275 800 défense de mon pays, et la crainte d'être tué dans le
201 799 1269 852 combat ne m'avait pas trop préoccupé; mais je dois
196 833 1279 904 l’avouer, madame, je ne veux pas me faire plus
196 889 1265 950 brave que je ne le suis, l'idée d’être fusillé me rem¬
198 946 1273 1011 plissait de frayeur. Le marchand s'aperçut de mon
197 983 362 1063 trouble.
231 1049 306 1095 »
339 1038 1273 1124 Allons, pas de faiblesse, petiot, me dit-il d’une
196 1104 1266 1176 voix altérée, sachons mourir en vrais républicains;
198 1160 1272 1216 c'est peu agréable, j'en conviens, surtout quand on
196 1209 1259 1276 était comme moi sur le chemin des honneurs (il venait
191 1254 1258 1336 d’être nommé lieutenant dans la garde nationale);
189 1320 1259 1398 mais enfin montrons-nous les dignes descendants des
190 1359 648 1428 Brutus et des Scévola.
234 1415 1257 1489 » Le brave homme ne savait pas trop lui-même ce
193 1474 1257 1538 qu’il voulait dire par cette phrase pompeuse, mais je
185 1519 1247 1584 n’avais alors nulle envie de lui en demander l’expli¬
182 1573 321 1631 cation
320 1627 1257 1697 Oui, oui, pas de faiblesse, lui répondis-je en
186 1692 1254 1764 cachant mon visage dans mes mains pour lui dérober
186 1727 1024 1797 les larmes que je ne pouvais plus retenir.
217 1793 1258 1854 » Je regrettais la vie, qui me paraissait une si douce
181 1849 1254 1909 chose; je pensais au désespoir de ma pauvre mère
189 1893 1249 1968 lorsqu'elle apprendrait ma triste fin, puis mes senti¬
178 1956 1253 2007 ments religieux, depuis quelque temps endormis dans
174 2005 1251 2074 mon cœur, s’y réveillaient avec force; je me deman¬
178 2055 1247 2118 dais si j’étais en état de paraître devant Dieu. Ce fut
178 2107 1251 2174 un affreux quart d’heure, je vous assure, et il faut
189 2158 1251 2233 y avoir passé pour en comprendre les angoisses. La
174 2214 1249 2286 nuit cependant ne tarda pas à nous envelopper de
174 2271 1246 2334 ses ombres, et, en dépit de mon chagrin, l’excès de
171 2311 1239 2400 la fatigue me procura quelques heures d’assoupis¬
167 2369 1239 2437 sement; mais, dès le lendemain matin, un bruit de
171 2427 1243 2500 voix et de pas retentit dans les corridors et nous
175 2478 1242 2552 crûmes que l’on venait nous chercher pour nous
165 2529 1240 2601 conduire au supplice. Alors ceux qui se piquaient de
168 2580 1235 2663 stoïcisme redoublèrent de forfanterie et se mirent à
170 2630 1231 2699 entonner la Marseillaise. Pour moi, je fis mon acte
161 2684 1232 2751 de contrition et je priai le bon Dieu d’avoir pitié de
159 2745 1228 2810 ma pauvre mère et de la consoler quand je ne serais
165 2777 268 2843 plus.
204 2838 1224 2920 » Cependant le bruit de voix continuait près de nous,
164 2895 1228 2976 mais personne n’entrait encore dans notre réduit;
165 2931 1214 3021 j'étais couché près d’une cloison, et j’entendais dis¬
161 2995 1216 3069 tinctement des voix fortes et sonores qui sem¬
165 3041 1213 3129 blaient discuter dans l’ancien réfectoire des Ursulines.
159 3086 1213 3189 Je m’approchai davantage pour essayer de distinguer
159 3147 1212 3240 les paroles, et j’aperçus alors, au-dessus de ma tête,
159 3214 1216 3296 un châssis de bois fermant un juda pratiqué dans la
159 3256 1217 3344 cloison; je me levai et je le poussai avec précaution,
163 3300 1201 3400 de manière à le faire glisser un peu dans ses rainures
161 3364 1214 3449 alors, l’œil collé sur la fente, je vis cinq au six offi¬
159 3406 1216 3498 ciers vendéens assis autour d’une table et paraissant
161 3468 1212 3550 délibérer entre eux sur une affaire importante; je
159 3516 1209 3609 crus même comprendre qu'il s'agissait de notre sort,
156 3575 1216 3651 et, malgré les vives souffrances que je ressentais en
146 3621 1201 3715 me tenant debout, je regardais et j'écoutais en redou¬
146 3670 1206 3752 blant d'attention, lorsque la porte du réfectoire s’ou¬
153 3726 1216 3811 vrit et une dame, jeune encore, se précipita dans la
149 3776 1206 3863 salle, suivie de trois demoiselles dont l'aînée ne pa¬
1359 347 2456 435 raissait pas avoir plus de quinze à seize ans. A leur
1362 424 2445 501 aspect inattendu, les brigands se levèrent avec cour¬
1361 484 2263 552 toisie, et l’un d’eux allant à leur rencontre :
1402 540 2442 603 » — Notre aimable hôtesse! s'écria-t-il avec sur¬
1359 585 1486 663 prise.
1400 656 2438 722 » — Moi-même, dit la dame évidemment intimidée.
1407 708 2451 769 » — A cette heure et dans un pareil lieu ! reprit
1361 749 2440 830 celui qui avait le premier pris la parole, nous étions
1359 799 2436 877 loin de nous attendre à l’honneur d’une pareille
1358 848 1485 918 visite.
1400 905 2429 994 » — Ce lieu ne m'est que trop connu, monsieur, re¬
1359 945 2440 1037 prit la visiteuse avec un sourire triste et en refusant
1350 1009 2433 1093 le siége qu'on s'empressait de lui offrir, car hier ma¬
1355 1064 2425 1161 tin encore, mes filles et moi, nous y étions prison¬
1346 1119 2423 1201 nières avec plusieurs autres dames royalistes, et ce
1343 1173 2412 1259 n’est qu’au moment où notre brave armée s’ est ren¬
1351 1232 2415 1310 due maîtresse de la ville que les membres du comité
1340 1288 2410 1378 de surveillance, après s'être demandé en notre pré¬
1340 1335 2412 1429 sence s’il ne serait pas à propos de se défaire de nous,
1340 1391 2407 1481 ont fini par nous conduire sur la place des Jacobins,
1344 1428 1939 1504 où ils nous ont laissées libres.
1383 1491 2407 1569 » — Le bonheur de vous avoir rendu la liberté suf¬
1337 1536 2418 1625 firait seul pour nous faire chérir notre victoire, dit
1340 1593 2416 1692 un des brigands; mais peut-être, madame, avez-vous
1346 1655 2422 1730 quelque objet précieux dans ce triste séjour? Veuillez
1335 1713 2404 1790 nous dire ce que vous désirez, nous sommes trop re¬
1342 1761 2412 1849 connaissants du bon accueil que nous avons reçu
1336 1815 2410 1904 chez vous pour ne pas nous estimer tres-heureux de
1343 1861 1749 1927 vous rendre service.
1372 1925 2401 2007 » — Ah! messieurs, la grâce que je viens implorer
1331 1973 2399 2055 en ce moment est celle d’un grand nombre de mes
1335 2025 2400 2110 compatriotes prisonniers dans ces murs; on vient de
1328 2085 2404 2166 nous dire qu'on allait les fusiller, et nous accourons
1337 2126 2401 2209 pour vous crier merci. Ne souillez pas votre victoire
1335 2187 2389 2267 du sang de ces malheureux; la plupart sont des en¬
1331 2230 2392 2325 fants encore, auxquels la crainte seule du comité ré¬
1322 2288 2399 2369 volutionnaire a mis les armes à la main; grâce pour
1322 2355 2390 2418 eux, messieurs, nous vous le demandons à genoux!»
1368 2393 2389 2467 » Et la digne femme s'y était jetée en effet, et ses
1320 2442 2073 2515 trois filles avaient imité son exemple.
1359 2505 2388 2587 » — Madame, dit un des officiers en s'efforçant de la
1310 2559 2392 2632 relever, pensez-vous que si, au lieu d’avoir vaincu
1316 2609 2384 2683 les républicains, nous étions maintenant leurs prison¬
1310 2650 2379 2749 niers, notre tête tiendrait longtemps sur nos épaules?
1355 2709 2375 2794 »— Hélas! non, monsieur, je ne suis que trop per¬
1314 2760 2377 2854 suadée du contraire; mais vous, vous êtes les défen¬
1314 2818 2364 2902 seurs d’une noble cause, les enfants d‘un Dieu qu
1305 2868 2359 2955 mourut sur la croix en pardonnant à ses bourreaux
1352 2921 2374 3006 » — Ce que vous nous demandez pourrait avoir
1310 2972 2367 3055 pour nous et pour vous des conséquences funestes,
1309 3021 1878 3089 madame, reprit le Vendéen.
1351 3081 2373 3155 » — Grâce! grâce au nom de Jésus-Christ! dirent
1298 3130 1950 3200 en pleurant la mère et les filles.
1340 3193 2359 3255 » Et la plus jeune d’entre elles, âgée de douze ans à
1310 3240 2367 3319 peine, et qui était si fraîche et si jolie qu'on l'avait
1302 3304 2360 3365 surnommée bouton de rose, tendait ses petites mains
1299 3349 2353 3419 vers les royalistes en répétant de sa voix argentine :
1339 3402 2356 3471 » — Grâce, grâce , messieurs, au nom de Jésus¬
1296 3443 1452 3516 Christ !
1331 3505 2360 3580 » Cette charmante enfant, dont la prière naïve devait
1285 3545 2366 3639 attendrir le cœur des chefs vendéens, cette jeune fille
1287 3606 2362 3684 qui, à peine sortie de prison, demandait, à l’exemple
1295 3665 2355 3740 de sa noble mère, la grâce de ceux qu’elle devait croire
1285 3702 2353 3785 ses ennemis, ne l'avez-vous point deviné, madame?
1290 3758 2356 3834 c'était cette petite vieille que nous avons rencontrée
1290 3810 2341 3903 tout à l'heure. Soixante années ont alourdi sa dé¬
