2946 4158
1578 113 1694 185 302
493 218 1583 283 l’y trouvai. Il y avait quinze mois environ que nous
487 259 1586 333 ne nous étions vus. L'amitié est clairvoyante. Frédé¬
493 315 1583 378 rick ne put me tromper. Il y avait sur son front des
490 371 1583 438 ombres qui trahissaient clairement quelque préoccu¬
497 421 1590 494 pation secrète. Je devinai bien vite que l'impassibilité
490 473 1586 536 habituelle de son âme avait été troublée. Et, il faut
490 518 1586 592 lui rendre cette justice, il mit bientôt fin à cette froi¬
503 594 1589 655 deur qu’un secret contenu jette entre deux personnes
498 641 1588 711 amies. Il fit un acte de confiance, héroïque pour les
503 699 1590 769 gens de son pays; il m'avoua tout. Éloigné de sa
497 759 1583 822 famille, sans autre ami que moi, dans quel cœur
497 798 1263 872 eût-il versé ce qui débordait du sien?
532 869 1595 916 » C'était, du reste, la chose du monde la plus sim¬
500 913 1590 983 ple. Frédérick me raconta qu’un jour, à une vente
484 972 1589 1028 au profit des pauvres, il avait été frappé de la beauté
484 1011 1586 1091 d’un buvard d’une magnificence remarquable. Ce
490 1071 1588 1152 délicieux objet était retourné en tous sens par la mar¬
487 1126 1589 1204 chande, laquelle n’était autre que la marquise de G.,
500 1180 1586 1256 que Frédérick avait rencontrée plusieurs fois aux
490 1240 1588 1298 bals de l’ambassade de Hollande. L’idée lui vint de
490 1295 1581 1365 faire à cette jeune dame la galanterie d’acheter ce
503 1348 1583 1408 luxueux objet, et déjà il s’apprêtait à tirer de sa bourse
490 1401 1575 1460 six ou sept louis (car j’ai oublié de dire en commen¬
500 1456 1590 1523 çant que mon ami est opulent et généreux, et j’ai
503 1511 1583 1575 toujours considéré comme une singularité que l'iné¬
500 1561 1590 1630 galité de nos fortunes n'ait jamais altéré l’égalité
497 1620 1589 1681 nos relations). Mais, ô contre-temps! le buvard était
490 1669 1589 1730 marchandé. Frédériok eut un moment de mauvaise
493 1729 1586 1782 humeur ; mais il fut bientôt désarmé en apercevant
490 1782 1589 1844 la plus gracieuse physionomie de jeune fille qu’il eût
493 1834 883 1896 jamais rencontrée.
528 1891 1588 1953 » Elle continuait de marchander le buvard, et Fré¬
490 1942 1588 1996 dérick ne pouvait détacher ses yeux de ce frais visage
490 1996 1351 2057 animé de tant de douceur et de gaieté.
526 2054 1589 2110 » Quelques jours après cette vente, un de nos amis
497 2108 1583 2166 communs vint chercher Frédérick pour une repré¬
493 2170 1590 2218 sentation extraordinaire aux Italiens. Le premier acte
484 2212 1586 2269 allait finir, lorsque les yeux de mon ami tombèrent
497 2276 1589 2331 sur une jeune fille toute vêtue de rose; auprès d’elle
501 2317 1581 2393 était une dame âgée; un homme décoré, qui parais¬
493 2374 1586 2437 sait être le père de la jeune fille, et une vieille pa¬
491 2432 1586 2489 rente tenaient le second plan. C’était un fort joli ta¬
493 2486 1589 2558 bleau de famille. Mais mon ami ne voyait que la jeune
498 2537 1590 2612 fille en rose, dans laquelle il avait retrouvé la belle
487 2586 913 2661 inconnue du buvard.
533 2612 1579 2724 » L’ami qui accompagnait Frédérick devinant bien¬
491 2703 1585 2779 tôt quel pouvait être le sujet de sa préoccupation,
503 2762 1589 2813 prévint son plus cher souhait en lui disant : J’ai
498 2814 1586 2888 justement avec cette famille des relations assez sui¬
503 2869 1589 2936 vies; le frère aîné de la jeune personne a épousé
493 2915 1593 2995 tout récemment une de mes cousines Germaines, et
484 2976 1588 3044 nous nous trouvons ainsi à moitié parents. Il se passe
487 3037 1588 3100 rarement une quinzaine que je n’aille dans cette mai¬
493 3076 1586 3146 son, où l’on recoit tous les huit jours. C’est une fa¬
487 3139 1585 3206 mille charmante et fort riche. Nous aurons un bal la
483 3195 1583 3268 semaine prochaine, il ne tient absolument qu'à toi de
490 3248 1527 3319 t’y faire présenter. Tu me trouveras à tes ordres.
529 3305 1585 3381 » Frédérick accepta, mais froidement, sans enthou¬
479 3356 1593 3413 siasme, et de cet air solennel et réfléchi qu’il avait
490 3410 1585 3487 toujours et partout. Dans le cours de la soirée, notre
484 3466 1585 3543 ami entraîna presque de force dans la loge de ces
490 3503 1582 3594 dames mon timide Hollandais, qui, suivant la résis¬
496 3559 1589 3655 tance qu'il avait coutume d'opposer aux prévenances
489 3616 1583 3696 du destin, refusait de se laisser conduire. Il fut pré¬
489 3672 1585 3763 senté d'une part, et reçu de l'autre, comme on pré¬
477 3742 1586 3825 sente et comme on reçoit un étranger à Paris, où
1681 193 2793 266 l’hospitalité est si aimable et si délicate à la fois.
1681 252 2793 319 D’ailleurs, mon noble ami est un homme de fort
1679 302 2793 382 bonne mine, et la franche cordialité de ses fraits et de
1679 363 2790 440 ses façons n'ôte rien à son bon air ni à sa distinction
1684 413 1862 496 parfaite.
1726 426 2793 533 » Huit jours après, Frédérick était présenté officiel¬
1673 519 2793 602 lement chez madame R., toujours à titre d’étranger,
1673 589 2793 654 ce qui vaut en France tous les marquisats du monde.
1721 637 2790 711 « Tel est donc le récit que j’arrachai à la confiance
1681 689 2790 760 de Frédérick. Je m'attendais qu'une description pom¬
1687 752 2794 813 peuse et un long éloge de la jeune fille allaient suivre.
1684 808 2796 869 Il n'en fut rien. Frédérick garda sur cet intéressant
1679 864 2786 931 chapitre de tous les romans, le plus obstiné silence.
1679 916 2793 987 Je m'expliquai cette bizarrerie en songeant à la froi¬
1681 970 2790 1033 deur de sa nature, si opposée à l’exaltation française.
1688 1030 2793 1092 Quand un Hollandais a fait choix d’une femme dans
1673 1078 2796 1145 son cœur, tous les éloges du monde sont contenus à
1684 1134 2793 1197 ses yeux dans ce seul choix. Il ne saurait rien dire
1674 1198 2794 1266 d’elle de plus, sinon qu’il l’a trouvée digne de porter
1677 1246 1876 1302 son nom.
1726 1301 2793 1358 » Tout ce que je pus savoir sur le compte de made¬
1669 1352 2794 1418 moiselle R. fut qu’elle s’appelait Eveline, — qu'elle
1676 1413 2794 1467 était âgée de dix-neuf ans, et qu’elle avait des yeux
1666 1462 2792 1522 noirs avec des cheveux blonds, ce qui n'était pas un
1673 1525 2796 1585 mince mérite pour Frédérick, habitué à ne voir dans
1673 1575 2796 1635 sa nébuleuse Hollande qu’un ciel noir et des yeux
1680 1623 1806 1695 bleus.
1723 1667 2796 1737 » Les choses avaient pris une tournure sérieuse et
1673 1737 2796 1789 solennelle qui annonçait clairement un mariage assez
1679 1785 1889 1863 prochain.
1719 1851 2796 1903 » — Sais-tu, dis-je à Frédérick, que ta discrétion
1681 1896 2793 1961 pique singulièrement ma curiosité? Je crois que les
1681 1950 2793 2013 salons de la chaussée d’Antin ne dédaignent pas les
1694 1999 2792 2085 jeunes gens de bonne maison. Aux termes où tu en es,
1673 2057 2792 2121 il ne tient qu’à toi de me présenter. Cela fera un dan¬
1676 2118 2790 2185 seur de plus, et j’en apprendrai plus par mes yeux,
1690 2178 2295 2236 que tu ne m’en diras jamais.
1723 2211 2135 2289 » — Eh bien! soit !
1723 2274 2786 2338 » Madame R. donnait un bal brillant le surlende¬
1673 2344 2786 2394 main. Frédérick demanda et obtint facilement la fa¬
1679 2390 2799 2458 veur de me présenter; et, au jour convenu, j'étais
1679 2442 2302 2507 chez lui à dix heures sonnant.
1726 2492 2783 2556 » Un coupé de louage nous déposa au pied du ves¬
1681 2548 2790 2608 tibule étroit et coquet d’un des plus élégants hôtels du
1679 2596 2790 2666 quartier d'Antin. Inutile de dire que Frédérick n'avait
1687 2668 2786 2724 pas ouvert la bouche de la soirée, si ce n'est pour crier
1673 2712 2785 2778 au cocher l'adresse de madame R., et pour me de¬
1679 2765 2793 2835 mander l’heure en bâillant. Sans doute, il ne voulait
1687 2814 2786 2881 pas influencer mon jugement, et il trouvait convenable
1679 2873 2783 2951 de me laisser complètement seul avec ma conscience,
1673 2941 2547 3002 et mon esprit d'observation en sentinelle.
1723 2989 2790 3051 » La maison de madame R. était une maison
1680 3037 2793 3107 riche apparence, où le luxe surabondait, et je ne pus
1676 3097 2796 3149 m'empêcher d'y remarquer cet encombrement confus
1677 3146 2789 3216 de belles choses mal assorties, qui décèle le mauvais
1684 3207 2793 3259 goût, ou simplement quelquefois, l’absence du goût et
1684 3258 2790 3321 qui indique presque toujours une fortune récente et
1673 3314 2695 3388 rapide, pressée d’étaler son chiffre au grand jour.
1715 3374 2785 3426 » Madame R. faisait dans son grand Salon les hon¬
1679 3419 2780 3496 neurs de la soirée. Elle nous reçut avec une politesse
1687 3478 2773 3536 presque affectueuse. Ses manières n’étaient point no¬
1676 3529 2773 3592 bles, mais fort aisées. Son mari donnait quelques or¬
1679 3585 2783 3646 dres à tout un bataillon de domestiques rangés entre
1666 3636 2771 3706 l’antichambre et la salle à manger; et sa fille aînée,
1673 3700 2780 3763 la belle Eveline, folâtrait non loin de sa mère, au
1679 3748 2776 3821 centre d'un bruyant essaim de jeunes filles. Passez¬
