2822 3966
1570 92 1655 176 70
634 139 1093 225 Dame, en la vostre baillie
630 212 1167 272 Ai mis mon cœur et ma vie a
627 255 1163 314 Pour Dieu! ne m’oubliez mie :
627 298 1081 371 Là où fin cœur s’umelie,
703 351 983 414 Doit-on trouver
702 382 1060 480 Merci et aïe (aide),
695 438 898 521 Pour confe-
548 524 1552 618 Et le disciple des troubadours continue d’arranger
512 589 1538 662 de la sorte, un jour l’un, un jour l‘autre, ses inter-
505 634 1545 706 minables bouquets à Chloris ; il se laisse doucement
505 695 1540 749 aller au courant de cette poésie mièvre et facile. Mais
505 745 1540 810 patience ! A l’exemple de son devancier, le châtelain
509 801 1533 857 de Coucy, Thibaut ne tardera pas à entonner des re-
500 855 1538 920 frains plus sévères. Lui aussi, la croisade l’appelle;
499 898 1536 980 lui aussi veut aller délivrer la Terre-Sainte, le pays
500 936 753 1011 du Seigneur.
536 1008 1532 1060 Arrière, désormais, les chansons efféminées, les
492 1034 1538 1115 fades roucoulements de la galanterie! Canto l’armi
497 1101 1541 1176 pietose... Il s’agit maintenant de chanter les armes
497 1149 676 1220 pieuses :
565 1229 1416 1325 Seigneurs, sachiez qui or (à présent) ne s’en ira
570 1300 1379 1377 En celle terre où Dieu fu mors et vis (vivant),
569 1347 1259 1414 Et qui la croix d’outremer ne prendra,
566 1391 1385 1487 A peine mais (à peine un jour) ira en paradis.
570 1440 1182 1503 Qui a en soi pitié et ramembrance
565 1483 1362 1552 Du haut Seigneur, doit querre sa vengeance
565 1528 1146 1613 Et délivrer sa terre et son pays.
558 1618 1217 1700 Tous li mauvais demorront par deça,
558 1666 1391 1772 Qui n’aiment Dieu, bien, ne honneur, ne prix;
552 1725 1248 1782 Et chacun dit : « Ma femme que fera ?
1394 1716 1523 1794 amis.»
557 1769 1525 1843 Je ne lairrais (laisserais) à nul fuer (à aucun prix) mes
556 1813 1415 1902 Cils (ceux-là) sont assis en trop folle attendance,
548 1855 1399 1928 Qu’il (car il) n’est ami que celui, sans doutance,
558 1908 1267 1995 Qui pour nous fut en la vraie croix mis.
556 1997 1399 2084 Or s’en ira tout vaillant bacheler (jeune écuyer)
557 2058 1519 2134 Qui aime Dieu et l’honour de cest mont (de ce monde),
556 2094 1249 2163 Qui sagement prétend vers Dieu aller;
556 2142 1313 2203 Et li morveux, li cendreux (1) demourront.
549 2179 1190 2253 Aveugle est-il, et je n’en doute mie,
549 2232 1190 2304 Qui Dieu ne veut secourir en sa vie,
540 2290 1475 2358 Et pour si peu perd la gloire del mont (du monde).
544 2369 1265 2447 Dieu se laissa pour nous en croix peiner,
540 2431 1232 2491 Et nous dira au jour où tous viendront :
550 2484 1257 2541 «Vous qui ma croix m’aidâtes à porter,
545 2519 1176 2578 » Vous en irez là où les Anges sont;
545 2565 1182 2637 » Là me verrez,, et ma Mère Marie.
544 2603 1342 2678 » Et vous par qui je n’eus onques aïe (aide),
552 2656 1404 2743 » Descendez tous en enfer le parfond (profond) ! »
497 2736 1509 2836 Mettez à part les rudesses de ce vieux style, — que
456 2804 1499 2889 cependant nous avons rajeuni autant que possible,
451 2851 1503 2934 afin de le rendre plus clair et plus abordable; — n’est-
454 2902 1503 2987 il pas vrai qu’on sent courir dans ces strophes du roi
451 2963 1501 3030 de Navaire, un souffle d'enthousiasme religieux et
454 3009 1499 3090 guerrier qui nous enlève, qui noue transporte malgré
454 3068 1503 3137 nous en plein moyen âge, en pleine féodalité du
451 3102 1508 3200 treizième siècle? Cette prosopopée hardie où Dieu
454 3166 1487 3261 nous apparaît, opérant de sa grande voix le discerne-
451 3219 1496 3306 ment des bons et des mauvais (pour parler comme
450 3261 1492 3359 Thibaut), envoyant les uns du côté des anges, et,
446 3317 1479 3411 d’un seul mot plongeant les autres dans les incom-
479 3438 1489 3550 (1) Les laches, ceux qui aiment à garder la cendre, le
438 3489 1481 3603 coin du feu. Le mot est d’une énergie vraiment pittoresque.
1634 163 2698 265 mensurables profondeurs de l’enfer, ne rappelle-t-elle
1643 239 2687 309 pas, sans trop de désavantage, la célèbre apostrophe
1642 290 2692 375 de Massillon, dans le Sermon sur le petit nombre des
1637 332 1747 395 élus ?
1679 382 2684 466 La pièce du roi de Navarre que nous avons citée
1634 444 2664 515 tout à l’heure, inaugure, dans le recueil de ses poé-
1638 497 2674 566 sies, une seconde série qui nous semble trancher vi-
1631 557 2687 613 goureusement avec la première. La voix du chanteur
1627 607 2690 674 s’élève, son inspiration s’agrandit et s‘épure, son style
1635 651 2680 728 s’empreint d’une gravité, d‘une solennité que rien,
1627 702 2675 773 jusqu’à présent, ne pouvait nous faire prévoir. Sou¬
1627 745 2682 826 tenu, fortifié, transfiguré en quelque sorte par la pen-
1629 810 2678 886 sée religieuse qui maintenant le domine et l’exalte,
1629 854 2687 932 Thibaut n’est plus le faiseur de petits vers que nous
1627 908 2659 983 avons vu coquettement à l’œuvre, rivalisant de sou
1629 959 2671 1030 plesse de gosier avec le rossignol, son confrère des
1622 1004 2672 1081 bois. C’est un véritable Tyrtée féodal, et parfois il
1625 1066 2668 1150 chante comme saint Bernard lui-même a dû prêcher.
1666 1105 2656 1194 Ecoutons-le, par exemple, déclamer contre la cor-
1617 1162 2670 1239 ruption de son siècle, en imitant, à son insu peut-être,
1617 1207 2675 1282 les sirventes saliriques des poètes provençaux. A quoi
1617 1256 2675 1341 bon, dit-il, aller au secours de la Terre-Sainte, si les
1615 1321 2676 1394 hommes ne se corrigent pas? Des mains impures ne
1615 1381 2671 1451 sont pas dignes de s’armer pour la défense du Christ;
1619 1426 2671 1488 et, certes! il vaut encore mieux demeurer dans son
1613 1479 2670 1544 pays, que de faire un voyage dont, à coup sûr, Dieu
1613 1528 2668 1592 ne peut savoir gré aux profanes qui l’entreprennent.
1768 1590 2252 1683 Au temps plein de félonie,
1764 1659 2186 1719 D’envie et de trahison,
1764 1702 2228 1769 De tort et de mesprison,
1765 1751 2296 1813 Sans bien et sans courtoisie,
1769 1801 2289 1874 Qu’entre nous barons faisons
1765 1845 2186 1914 Tout le siégle empirer,
1768 1863 2446 1963 Que je vois escumenier (excommunier)
1769 1932 2292 2001 Ceux qui plus offrent raison,
1761 1987 2280 2040 Lors veuil dire une chanson.
1646 2074 2646 2143 Arrêtons-nous un instant, pour une remarque his-
1597 2119 2645 2196 torique. On peut croire que Thibaut parle ici de l’ex-
1601 2178 2654 2237 communication lancée par le pape Grégoire IX. contre
1597 2223 2652 2294 l’empereur Frédéric ‘II‘, dit Barberousse. Personne
1597 2272 2651 2357 n’ignore que le départ des croisés en fut interrompu,
1598 2325 2658 2426 et l’on comprend alors la mauvaise humeur du roi
1597 2367 1833 2438 de Navarre.
1641 2401 2649 2521 Cela dit, nous reprenons notre citation où nous
1597 2463 1915 2548 l’avons laissée :
1748 2544 2268 2625 Li royaume de Surie (Syrie)
1748 2610 2244 2668 Nous dit et crie à haut ton,
1748 2652 2240 2714 Si nous ne nous amendons,
1752 2700 2343 2764 Pour Dieu! que n’y allions mie ;
1751 2749 2500 2816 Nous n’y ferions se mal non (que du mal).
1749 2792 2314 2859 Dieu aime fin cœur droiturier,
1749 2843 2253 2902 De telle gent se veut aidier;
1752 2889 2428 2963 Cils essauceront (relèveront) son nom
1743 2934 2220 3003 Et conquerront sa maison.
1743 3000 2281 3077 Encor vault mieux toute voie
1741 3058 2147 3118 Demorer en son pays,
1744 3102 2239 3167 Que d’aller pauvres chétifs
1739 3160 2412 3227 Où n’y a solas (amusement) ne joie.
1739 3200 2206 3257 On doit paradis
1739 3247 2615 3328 Conquerre par mal avoir (à force de souffrances);
1739 3293 2491 3386 Car vous n’y trouverez (1) voir (vraiment)
1622 3401 2626 3480 (1) Dans la croisade, et non au paradis. La langue de
1580 3436 2625 3524 Thibaut n’est pas toujours parfaitement claire; mais on
1577 3504 2627 3586 voit bien qu’il n’a pas voulu confondre ici le moyen avec
1562 3548 1708 3621 le but.
