2897 4318
1228 273 1336 361 285
190 356 1252 431 brides; il en faut un mètre cinquante; quant à la cou¬
193 424 1248 484 lisse dederrière, elle prend quatre-vingts centimètres de
183 479 1245 528 ruban, un mètre trente de la petite dentelle et quatre¬
195 535 1251 601 vingt-dix de la grande. Si je te recommande ce bon¬
190 584 1252 638 net, c’est que sa forme n’ est point ordinaire. Quelques
190 637 1259 700 femmes d'un certain âge le font en tulle et dentelle
190 690 1252 742 noire, avec doublure de crêpe de couleur assortie à
193 742 1251 797 celle des rubans. Pour ceux en mousseline, les den¬
193 790 1251 844 telles se trouvent parfois remplacées par une ruche
190 851 1253 911 pareille au fond, bordée de chaque côté d'une petite
195 895 1248 962 valencienne ou d’une simpleimitation; il est inutile
195 942 860 1007 que le bord de la passe soit brodé.
222 996 789 1065 8, M. G., enlacés, plumetis.
225 1047 794 1113 9, G. V., enlacés, plumetis.
218 1153 716 1221 Ici finit la petite édition
225 1243 671 1323 10, Zénobie, plumetis.
226 1300 943 1367 11, A. X., plumetis et points sablés.
223 1367 618 1419 12, Irène, plumetis.
227 1415 836 1470 13, J. L. C., enlacés plumetis.
227 1459 647 1526 14, Angéle, plumetis.
218 1510 1236 1572 15,MANCHETTE à broder au plumetis, allant avec le
175 1564 536 1626 col du numéro 17.
217 1610 667 1684 16, Rose, plumetis fin.
218 1672 1226 1732 17, COL PiERROT pour petit garçon de trois à cinq
171 1728 1236 1784 ans : tout plumetis ou avec mélange de points de
179 1771 326 1830 plume.
215 1830 1233 1890 18, 19, COL ETMANCHETTE; ce col, dit col parisien,
171 1878 1224 1939 se brode aussi bien sur batiste de fil que sur mousse¬
178 1923 1229 1984 line claire; autour du feston du bord, une petite va¬
182 1981 1236 2050 lencienne ou tout autre dentelle ferait très-bien. Le
177 2033 1233 2104 dessin, comme tu peux en juger, se fait compléte¬
170 2085 1233 2153 ment au plumetis, avec un point d’échelle en dessous
179 2144 1225 2206 de la rangée de pois ou d’œillets. La manchette, cou¬
171 2188 1236 2250 sue à un poignet brisé, s'adapte à un bouillonné; les
170 2242 1229 2306 mesures que je t’ai données le mois dernier pour les
178 2298 1225 2354 manches du numéro 53 pourront te servir à faire
179 2335 356 2403 celles-ci.
214 2399 1230 2473 20, 0. L. enlacés, plumetis feudu et œillets doubles
170 2442 381 2498 au feston.
207 2504 782 2560 21, E. E. enlacés, plumetis.
213 2552 639 2611 22, Léonie, plumetis.
211 2600 1142 2658 23, M. E. enlacés, plumetis et œillets ou pois.
206 2647 674 2714 24, Marcelle, plumetis.
207 2699 1226 2774 25, QUART D'UN MOUCHOIR SIMPLE; ce dessin doit être
175 2745 1218 2829 fait au plumetis et placé mi-partie sur l’ourlet et mi¬
178 2807 1224 2878 partie sur le fond du mouchoir, de manière à ce que
171 2854 1229 2926 l’espèce de feston que forme le dessin se trouve en
170 2909 1237 2973 dedans de l’ourlet. On le pourrait mettre encore tout
174 2955 1229 3024 au bord du mouchoir, qu'alors on terminerait par un
179 3009 1224 3084 point d’échelle et par une petite dentelle, mais la
177 3060 1217 3138 première manière indiquée me semble préférable;
171 3111 1216 3190 elle est d’une simplicité de bon goût; je t'engage
174 3167 1208 3245 même à te broder ainsi une demi-douzaine de mou¬
173 3202 1209 3286 choirs à dessins variés, avec ton nom, ou mieux en¬
174 3255 603 3328 core, avec ton chiffre.
211 3308 1217 3389 26, DESSIN POUR AUBE : Ce magnifique dessin, dont
170 3358 1217 3436 l’heureuse disposition peut, sans exiger beaucoup de
167 3415 1214 3490 travail, produire un grand effet, s'exécute en appli¬
165 3468 1216 3543 cation de nansouk sur tulle ; celles de nos amies qui
162 3526 1214 3595 s’effrayeraient par la quantité de jours, substitueront
162 3568 1214 3659 à plusieurs de ces jours du tulle à réseaux variés. Si
165 3622 1212 3713 tu te mets à l’œuvre dès aujourd’hui, ton ouvrage
169 3679 1011 3737 pourra être terminé pour les fêtes de Noël.
203 3725 980 3808 27, Emma, plumetis et æillets doubles.
1371 374 1954 447 28, P. C. enlacés, plumetis.
1371 421 1902 498 29, A. D., plumetis riche.
1371 484 2386 574 30, COL SIMPLE, composé de plumetis, de roues,
1331 527 2383 623 d'œillets et de festons feuille de rose. Ce dessin exi¬
1331 593 2382 667 geant peu de travail ferait bien sur crêpe noir. Beau¬
1329 638 2387 710 coup de nos amies nous demandent fréquemment des
1332 697 2389 769 dessins pour cols de deuil; pour ces sortes de cols et
1329 752 2391 812 de manches les mêmes dispositions sont bonnes ; après
1336 801 2387 853 cela, viennent les cols brodés en soutache, pour les¬
1332 851 2389 915 quels nous avons envoyé et enverrons encore des
1323 900 1507 966 modèles.
1366 964 2389 1038 31, DESSIN pour la manche de l’aube qui se trouve
1323 1004 1630 1077 au numéro 26.
1364 1065 2385 1137 32, EUTRE-DEUX au plumetis, qui peut servir pour
1325 1126 2375 1188 devant de camisole, brandebourgs de robes d’en¬
1319 1173 2385 1256 fants, bonnets du matin et pour une foule d’autres
1324 1236 2081 1293 objets de layettes et de trousseaux.
1367 1288 2387 1350 33, BOUTONNIÈRE pour chemises d’homme, plumetis
1317 1324 1400 1386 fin.
1362 1378 2375 1459 34, Deux FESTONS, pouvant être employés pour gar¬
1313 1430 2386 1509 nitures de taies d'oreiller, draps de bercelonnette et
1320 1485 1836 1546 volants de robes d’enfant.
1363 1545 2385 1608 35, ENTRE-DEUX très-fin, se brodant au plumetis et
1317 1606 2387 1664 que l’on pourrait mélanger avec des entre-deux de
1319 1653 2373 1703 valencienne ou de guipure; on fait ainsi de très¬
1316 1701 2386 1774 jolis bonnets qui coûtent fort cher lorsqu’on les
1317 1760 2386 1814 achète et que l’on peut confectionner soi-même à
1324 1807 2387 1871 très-peu de frais, la main d’œuvre étant ce qui se
1320 1852 1580 1929 paye le plus.
1363 1909 2375 1978 36, Autre ENTRE-DEUX ayant le même emploi que
1316 1970 2370 2050 celui du numéro 32, et se brodant également au plu¬
1312 2014 1449 2082 metis.
1354 2061 2375 2147 37, MOUCHOIR POUR MADEMOISELLE LILIE; il se brode
1315 2132 2365 2185 au plumetis simple; les pois pourront être rem¬
1312 2187 2377 2246 placés par des œillets; au bord, un feston feuille de
1312 2244 2374 2302 rose; le nom se fera soit au feston, soit an plumetis.
1305 2291 2369 2353 Pour rendre ce mouchoir tout à fait simple, il fau¬
1315 2345 2367 2395 drait suprimer la guirlande et ne laisser que le fes¬
1311 2387 1605 2456 ton et le nom.
1354 2438 2370 2513 38, 39, DEUX ALPHABETS; le premier pouvant servir
1308 2513 2370 2564 pour marquer les mouchoirs, le linge de table et les
1308 2557 2367 2617 taies d’oreiller. Les deux réunis composeront de jolis
1305 2601 2295 2676 noms, d’un dessin aussi original que gracieux.
1354 2670 2365 2743 40, ENTRE-DEUX pour poignets de manches bouil¬
1304 2710 2367 2807 lons, à broder au plumetis sur jaconas ou ba¬
1311 2769 1406 2844 tiste.
1352 2787 2370 2889 41 et 42, MANTeAU D'AUTOMNE avec capuchon; ce
1303 2878 2371 2936 manteau, sorte de burnous dont je t’avais annoncé
1307 2925 2373 2989 le patron, est de plus en plus à la mode et convient
1305 2977 2367 3040 particulièrement à la saison fraîche dans laquelle
1300 3043 2369 3091 nous allons entrer; il se fait généralement en taffetas
1296 3079 2362 3131 noir garni d’un large plissé à la vieille, que l’on
1300 3123 2355 3193 remplace quelquefois par une garniture de velours
1300 3190 2353 3247 disposés en bandes d’inégales grandeurs ou en lo¬
1296 3237 2359 3293 sanges; d’autres fois, ce sont des rubans de velours
1307 3282 2358 3353 qui, en partant de dessous le capuchon, descendent
1303 3337 2353 3397 en éventail jusqu’au bord du manteau; la garniture
1303 3395 2354 3452 du capuchon doit rappeler celle du burnous; on
1299 3433 2355 3502 ajoute un nœud de ruban ou un gland à la pointe de
1305 3488 2354 3554 ce capuchon. Si tu voulais porter ce vêtement lors
1303 3546 2355 3598 des froids, il faudrait le doubler de soie d'une couleur
1293 3591 2355 3655 un peu foncée. Cette même forme convient encore aux
1293 3639 2350 3706 manteaux de voyage ; on trouve des étoffes faites ex¬
1299 3701 2355 3762 près, en laine rayée, genre algérien, en drap léger
1293 3753 2353 3831 ou en étoffe anglaise dite imperméable. Pour ces
