2907 4318
1347 193 1400 284 5
260 275 1330 353 Celui-ci, certain d’avance de son fait, crut devoir
221 346 1332 410 prendre l’air brusque et répondre assez haut pour
213 403 872 478 être entendu de l’antichambre.
270 466 1332 527 « Qu’est-ce, Simonne? Vous savez que je n’aime
215 520 1322 607 pas à être dérangé à cette heure-ci. Quel est ce visi¬
215 570 332 645 teur?
267 645 303 708 —
320 626 1322 688 Une ancienne connaissance, M. Quantin Matsys.
268 699 309 734 —
314 687 1315 749 Ah! ah!... un garçon qui ne dessinait pas trop
213 739 1137 795 mal... pour un forgeron. Faites-le entrer. »
263 771 1322 856 Quentin parut, le visage coloré par l’émotion. A
213 847 1319 913 peine osait-il avancer, et ses salutations multipliées
213 903 727 972 décelaient son embarras.
254 941 1316 1019 A l’aspect du jeune homme, Gertrude rougit et,
215 1012 1319 1066 confuse, baissa la tête. Tout intimidé qu’il était,
224 1065 1325 1131 Quentin s’aperçut de ce mouvement et il en conçut
207 1126 467 1195 bon augure.
254 1163 1323 1238 « Bonsoir, Quentin, dit Van Hoëf. A quel motif
210 1234 862 1308 dois-je attribuer votre visite? »
254 1283 1325 1348 Et comme celui-ci hésitait à répondre, le peintre
214 1350 375 1416 ajouta:
260 1382 1187 1458 « Seriez-vous devenu muet, par aventure? »
260 1443 1309 1511 C’en était fait, il fallait parler. Quantin sentait ce¬
215 1514 1319 1572 pendant que la présence de Gertrude était un obstacle
210 1562 897 1625 à la franchise de sa déclaration.
254 1618 1307 1683 « Monsieur, dit-il, l’objet qui m’amène est délicat
213 1671 1143 1732 et je ne dois le communiquer qu’à vous seul.
314 1724 1315 1789 Ah! ah! ma fille est de trop... Gertrude, ma
215 1772 1034 1835 chère enfant, passe dans ta chambre. »
257 1833 1309 1904 Gertrude s’inclina avec soumission, salua l’étranger
207 1889 400 1956 et sortit.
257 1959 1312 2010 « Nous voici seuls, dit le peintre. Expliquez-vous
210 1999 917 2067 sans retard. J’aime la franchise. »
257 2057 919 2120 Quentin balbutia quelques mots.
254 2107 1316 2170 « Tenez, dit Van Hoëf, je vais vous épargner le
213 2171 1307 2237 reste. Votre visite m’était annoncée par un de vos
215 2217 1272 2282 parents, — assez peu favorablement, il est vrai;
207 2280 1311 2348 mais je n’écoute pas les propos, et en toute chose, je
207 2325 845 2396 juge volontiers par moi-même.
267 2387 1297 2452 — Ah! monsieur, je ne sollicite que votre indul-
211 2434 952 2513 gence, moi qui ai eu la témérité....
257 2483 1312 2548 — D’avoir des yeux pour ma Gertrude, je le sais
202 2540 364 2606 encore.
302 2580 1158 2669 — Moi qui ose venir demander sa main !....
314 2649 1056 2719 Très-bien; la demande était prévue.
303 2704 1312 2767 Croyez, monsieur, que ce n’est point par
207 2754 1106 2822 orgueil.... Je me suis combattu longtemps.
317 2809 1301 2886 Oui, sans trop avoir le désir de vous vaincre
213 2870 459 2937 vous-même.
240 2930 297 2975 —
309 2926 1304 2984 Eh bien, monsieur, excusez-vous un modeste
204 2977 1308 3037 artisan qui espérait avoir auprès de vous l’appui de
200 3030 877 3097 son oncle maître Krukker?...... »
254 3082 1302 3148 Van Hoëf aspira fortement la fumée de sa pipe, se
202 3144 1145 3200 leva et dit en prenant une pose majestueuse :
254 3201 1307 3257 « Un autre que moi, vu la différence de rang et de
207 3246 1301 3308 fortune, eût pu s’offenser de la proposition que vous
213 3300 1295 3362 venez de me faire et la considérer comme une mauvaise
210 3354 1298 3425 plaisanterie. Mais non, vous avez parlé sérieusement;
214 3411 1293 3482 vous êtes un honnête garçon, et votre démarche est
200 3457 835 3518 inspirée par un bon sentiment.
314 3513 1302 3588 O ciel! s’écria Quantin, joignant les mains avec
202 3571 1080 3628 ardeur, vous me permettriez d’espérer......
254 3635 292 3672 —
307 3629 1291 3696 Halte-là! ne traduisez point ainsi mon langage.
200 3674 1294 3739 J’ai commencé par vous exprimer mon estime, afin
207 3728 1298 3795 de vous consoler ; quant à vous accorder la main de
202 3788 1301 3846 ma Gertrude, c’est autre chose! D’abord, vous êtes un
202 3839 1305 3898 forgeron — habile, il se peut, — mais au demeurant
1430 270 2523 367 vous n’êtes qu’un forgeron.... Ensuite, vous êtes
1422 345 2527 416 dénué de fortune, et jusqu’ici votre fer ne s’est pas
1412 404 2524 482 changé en or. Enfin — et voilà la considération capi¬
1419 459 2521 528 tale — jamais je ne marierai ma Gertrude qu’à un
1423 521 2516 595 peintre. J’en ai fait le serment, un serment irrévo¬
1418 581 2516 655 cable. Désolé d’avoir à vous refuser. Bien le bonjour,
1414 628 2448 689 mon cher ami. Simonne, reconduisez monsieur. »
1461 681 2520 746 Opposer la moindre objection à un refus si péremp¬
1416 728 2520 799 toire, c’eût été folie. Quantin le sentit, et sans pro¬
1416 787 2513 848 noncer un mot, — ce qui d’ailleurs lui eût été impos-
1422 849 2531 917 sible, — il s’éloigna de cette maison où il était venu
1409 895 2526 973 chercher le bonheur, et d’où il emportait le désespoir.
1462 951 2523 1026 Ses trois compagnons, impatients de connaître son
1411 1006 2022 1073 sort, attendaient dans la rue.
1458 1054 2300 1126 « Eh bien?......» dirent-ils en le voyant.
1454 1113 2527 1195 Incapable de leur répondre autrement que par des
1411 1183 2521 1250 sanglots, Quantin s’élança vers eux. Son morne silence
1407 1218 1903 1287 leur révélait son échec.
1940 1348 2000 1422 III
1450 1444 2516 1550 L’atteinte portée aux espérances de Quantin Matsys
1405 1533 2513 1597 avait été trop brusque et trop profonde pour ne pas
1411 1589 2157 1653 réagir dangereusement sur sa santé.
1450 1642 2520 1700 Cloué dans son lit par la fièvre, le jeune homme
1409 1686 2515 1758 semblait étranger, indifférent au mal qui le consu¬
1414 1753 2505 1820 mait. Une idée qu’il gardait au-dedans de lui-même
1407 1808 2517 1885 une idée fixe occupait seule son âme qui tirait de la
1403 1857 2317 1921 faiblesse du corps une activité surnaturelle.
1450 1913 2520 1979 Ses compagnons se relayaient auprès de lui avec
1412 1967 2503 2049 tout le dévouement de l’amitié fraternelle; à peine
1411 2025 2508 2086 cependant paraissait-il les remarquer. Jamais une
1401 2086 2138 2150 parole ne s’échappait de ses lèvres.
1450 2127 2505 2198 Lorsque Quantin fut convalescent, il dit à ses amis :
1450 2189 2505 2248 « J’ai besoin de me distraire dans cette chambre
1404 2232 2505 2298 d’où il m’est défendu de sortir encore.... Ne pour¬
1401 2288 2505 2380 riez-vous pas une procurer du papier et des crayons?
1450 2355 1493 2407 —
1511 2345 1754 2421 C’est facile.
1447 2389 1865 2466 — Et des couleurs ?
1450 2474 1486 2508 —
1508 2442 2502 2541 Vraiment!.... s’écria Claude Kluyt en haussant
1396 2494 2508 2569 légèrement les épaules. Eh bien! soit, des couleurs.
1407 2566 2125 2658 La commission sera bientôt faite. »
1436 2806 2492 2875 Deux mois après avait lieu à Anvers la grande pro-
1398 2873 2495 2927 cession du premier dimanche qui suit la fête de l’As¬
1398 2936 2489 2987 somption. Les six confréries de la Circoncision, de
1398 2983 2496 3044 Sainte-Croix, de la Chapelle Notre-Dame, du Saint-
1393 3043 2498 3096 Sacrement, de Saint-Antoine et de Saint¬Roch; les
1391 3087 2488 3157 six confréries des Armes, les trois confrériés de la
1394 3148 2495 3214 Rhétorique, les vingt-sept métiers de la ville, tous
1393 3197 2471 3258 avec leurs bannières et enseignes, formaient un bril
1393 3247 2487 3314 lant cortége où l’on voyait marcher les magistrats
1393 3305 2487 3365 accompagnés de leurs officiers. C’était à la fois une
1393 3351 2487 3414 solennité émouvante pour le cœur et un spectacle
1390 3407 2487 3474 éblouissant pour les yeux, tant était immense la foule
1382 3464 2489 3526 accourue de Malines, de Bruxelles, de Louvain, de
1390 3522 2489 3581 Gand et même des îles de la Zélande. Plus d’un en
1393 3579 2496 3636 cette circonstance remarqua une bannière qui offrait
1384 3636 2483 3699 un rare éclat de coloris. A ceux qui l’admiraient,
1384 3683 2496 3742 Claude Kluyt, le porteur de la bannière, disait avec
1383 3729 1690 3806 complaisance :
1430 3788 2483 3860 « C’est l’œuvre de notre compagnon Quantin Matsys
1398 3838 2191 3924 un simple forgeron comme nous!.... »
