2822 3966
1612 26 1716 131 148
1226 142 1877 210 Un jour que l’aube était sereine,
1221 198 1695 260 Sur la prairie aérienne,
1221 252 1811 310 Des pleurs riants étincelaient,
1224 299 1802 360 Et, dans les brises matinales,
1224 349 1802 413 De ces gazons, de ces pétales
1215 392 1871 483 Mille frais parfums s’exhalaient.
1209 469 1793 561 Je voulus écarter la mousse,
1209 540 1805 611 Enveloppe brillante et douce,
1212 601 1871 671 Pour voir le cœur du monument,
1202 640 1866 730 Mais je n’aperçus que souillures,
1210 702 1844 782 Noires fourmis, larves impures,
1210 754 1827 846 Terrain gras, fétide et fumant.
1204 839 1788 931 Effrayé de mes découvertes,
1207 920 1811 991 Je regrettais les herbes vertes,
1198 970 1832 1050 Les fleurs d’azur et de carmin,
1206 1012 1715 1090 Et les plantes déracinées,
1199 1065 1738 1146 Et ces mousses infortunées
1196 1132 1816 1215 Que venait de briser ma main,
1190 1227 1855 1299 Lorsque j’entendis un murmure,
1199 1282 1698 1357 Voix intime de la nature.
1191 1335 1793 1410 Qui me disait en légers sons :
1202 1388 1858 1458 Veux-tu que, pour toi, l’existence
1187 1442 1858 1526 Ait toujours brillante apparence?
1184 1492 1810 1572 Ne fouille pas sous les gazons.
1673 1550 1984 1651 JULES CANONGE.
998 1936 2252 2056 LETREES A UNE JEUNE BILLE
1441 2084 1796 2160 (Troisième lettre.)
639 2296 994 2381 Ma chère enfant,
545 2394 1568 2480 Votre dernière lettre me met aux prises avec une
509 2466 1570 2532 question bien grave, et je serais tentée de me ré¬
498 2512 1567 2582 cuser, si je ne sentais qu’une direction, fût-elle in¬
508 2567 1567 2642 complète, vous est trop nécessaire pour que je sois en
506 2609 1570 2694 droit de vous la refuser. Vous me dites : « L’hiver est
511 2654 1567 2744 fini, nous ne voyons plus personne, nos amis partent
506 2719 1558 2805 pour la campagne ou pour de longs voyages ; je pour¬
500 2774 1562 2869 rai disposer de beaucoup de temps, et je désirerais
500 2822 1558 2925 consacrer à la lecture quelques-unes des heures qui
492 2881 1561 2950 me seront laissées durant cet été. Je voudrais lire...
495 2931 1564 3004 mais que lire? Quels sont les ouvrages sérieux qui
486 2989 1561 3054 me conviennent? quels sont les livres d’agrément
487 3034 1550 3115 que je pourrai parcourir? m’est-il permis de lire des
484 3093 1542 3154 romans ? éclairez-moi, guidez-moi, je vous en prie
487 3140 1540 3212 faites-moi, s’il est possible, un petit catalogue des li¬
484 3191 1558 3293 vres qui conviennent à une jeune fille. Toutes mes
480 3246 1170 3328 amies vous en seront obligées... »
525 3291 1551 3388 J’ai remarqué dans votre enfance, chère Albertine,
484 3339 1553 3448 que vous aviez le goût de la lecture, et je m’en suis
478 3381 1550 3493 souvent félicitée ; vous dévoriez les contes de Schmidt;
478 3441 1545 3537 les petits journaux destinés au jeune âge étaient at¬
466 3479 1553 3607 tendus avec impatience, et vous lisiez, non pas des
1660 2247 2726 2367 doigts, mais des yeux et de l’esprit, vos livres de
1656 2350 2718 2420 classe et les Abrégés que l’on met entre les mains
1660 2388 2719 2473 des pensionnaires. C’est un heureux penchant, lors-
1663 2456 2715 2522 qu’il est guidé par le goût et la raison. «Un bon livre,
1660 2504 2716 2568 dit le P. Lacordaire, est pour l’homme vertueux un
1651 2539 2719 2613 être dévoué avec lequel il converse, un ami du soir
1653 2612 2713 2674 qu’on admet aux plus familiers épanchements. Penser
1654 2662 2721 2723 en lisant un vrai livre, le prendre, Ie poser sur la
1648 2704 2704 2768 table, s’enivrer de son parfum, en aspirer la sub-
1651 2754 2712 2835 stance, c’est pour les âmes initiées aux jouissances
1643 2821 2710 2878 de cet ordre, une naive et pure volupté. Le temps
1643 2872 2707 2939 coule, dans ces charmants entretiens de la pensée
1638 2927 2710 2989 avec une pensée supérieure; les larmes viennent aux
1649 2969 2707 3040 yeux, on remercie Dieu qui a été assez bon pour don-
1638 3028 2707 3084 ner aux rapides effusions de l’esprit la durée de l'ai-
1638 3064 2212 3131 rain et la vie de la vérité. »
1682 3113 2696 3191 Qu’ajouter après un pareil éloge? Oui, chère Al-
1638 3146 2701 3251 bertine, le goût de la lecture est une grâce et un bon¬
1643 3221 2704 3307 heur, car c’est un précieux avantage de trouver hors
1632 3279 2701 3347 de nous un intérêt innocent et facile, qui nous enlève
1632 3346 2694 3402 aux peines inséparables de l’existence; c’est un pré¬
1643 3394 2704 3447 cieux avantage de trouver sous la main, au coin du
1632 3451 2702 3517 feu, un plaisir qui remplace et qui surpasse souvent
1638 3492 2693 3578 tous les autres plaisirs; c’est une grande grâce que
1628 3540 2685 3649 d’aimer l’entretien des esprits élevés de tous les âges,
