2897 4318
1214 301 1329 386 345
166 404 1216 467 dernière faurette qui chante et la dernière fleur qui s’ou¬
174 460 1225 521 vre. Ainsi, nous avons eu à l'Opéra-Comique Don Pèdre,
174 508 1218 559 composition en deux actes et trois tableaux, paroles de
169 560 1218 608 MM. Common et Grangé, musique de M. Poise. Des ré¬
169 597 1218 657 silles, des balcons, des tuteurs, des duègnes et des fan¬
166 649 1216 698 dangos nous transportent immédiatement sous le ciel par¬
165 698 1212 753 fumé de Tolède. Heureusement pour les auteurs de la
174 741 1218 801 pièce , le Parisien est bon prince; il entend beaucoup de
169 785 1212 850 bruit, il voit beaucoup de lumière, il se soustrait aux
166 830 1216 894 premiers froids de l’automne, voici déjà trois conditions
160 892 1216 938 de salut pour l’œuvre nouvelle, qui manque cependant de
158 927 1216 994 bon goût et d’originalité. La musique est simple, et c’est à
160 976 1212 1032 notre avis son plus grand mérite. Nous avons déjà exprimé
160 1021 1218 1075 notre opinion sur l’excès qu’on fait aujourd'hui des triples
160 1072 1212 1112 croches et des fioritures; mais plusieurs motifs semblent
169 1113 1209 1166 être des réminiscences de vieux airs dont nous avons été
169 1162 1209 1212 bercés, et c’est en cela qu’ils manquent de cachet individuel.
162 1209 1206 1256 Cependant nous avons remarqué divers morceaux qui mé¬
154 1262 1212 1305 ritent d’être cités. Les couplets de Fabio (Jourdan), dont
160 1302 1216 1362 le refrain, repris en chœur, produit un excellent effet, le
166 1350 1206 1402 duo : On n’entre pas dans ma maison, et enfin un terzetto
162 1395 1206 1444 fort élégant, sont ce qui doit être signalé dans le premier
154 1443 1205 1491 acte. Le deuxième acte s’ouvre par un joli trio : Il est
150 1483 1202 1536 mort, auquel succèdent des couplets qu’on a applaudis.
157 1531 1202 1592 Un fabliau chanté par Neredha (mademoiselle Boulart) et
153 1581 1204 1637 orné de quelques broderies que la cantatrice fait valoir avec
157 1631 1213 1684 infiniment de talent, sont les seuls morceaux dont on puisse
166 1669 477 1726 parler avec éloge.
190 1716 1213 1772 L’événement de ce mois a été la rentrée de Mme Lauters
149 1774 1202 1815 après une absence de six mois, causée par une douloureuse
150 1814 1200 1858 maladie. La foule s’est empressée d’aller applaudir, à l’O¬
148 1855 1200 1910 péra, l’héroîne du Trovatore français. On a retrouvé ma¬
149 1906 1201 1963 dame Lauters ce qu’on l’avait connue, une artiste pleine de
1307 402 2355 485 chaleur, possédant cet organe onctueux et sympathique, qui
1307 463 2354 533 remue toutes les cordes de l’âme; aussi, les bravos ne lui
1309 512 2361 583 ont-ils pas manqué, et l’actrice a-t-elle retrouvé sa verve et
1301 572 2349 636 sa force accoutumées, malgré les fatigues de la scène, après
1309 604 1786 664 une longue convalesence.
1347 628 2351 718 On a repris aussi le Prophète à notre Académie impé¬
1297 704 2354 769 riale de musique. Roger remplissait le rôle de Jean de
1306 745 2353 813 Leyde, l'une de ses plus belles créations; il y a déployé,
1302 789 2353 853 comme toujours, ses excellentes qualités d’artiste drama¬
1302 835 2359 895 tique et de chanteur passionné. Madame Borghi-Mamo s’est
1299 886 2359 939 fait vivement applaudir dans le rôle de Fidès. Belval et
1294 930 2185 987 madame Poinsot ont obtenu leur part de succès.
1330 970 2353 1027 La salle Ventadour a de nouveau ouvert ses portes avec I
1297 1016 2354 1077 Trovatore; l'œuvre de Verdi a été interprétée d'une façon
1293 1069 2353 1121 remarquable par Mario, Graziani, madame Steffenone et
1297 1109 1734 1166 madame Nantier-Didiée.
1330 1162 2346 1208 On écrit de Naples que les Vêpres Siciliennes ont été re¬
1294 1196 2343 1262 présentées au théâtre San-Carlo sons le titre de : Batilda de
1287 1258 2346 1309 Turenna. A cause des exigences de la censure italienne, les
1297 1310 2343 1355 plus beaux morceaux se trouvent supprimés, ce qui cause
1290 1354 2342 1411 de légitimes regrets parmi les nombreux admirateurs du
1286 1395 1557 1452 maestro Verdi.
1327 1432 2343 1492 Nous apprenons que madame Cambardi est engagée au
1290 1491 2343 1536 Théâtre-Lyrique. Quoique cette scène nous semble bien
1290 1539 2350 1579 étroite pour le talent plutôt sérieux que léger de la canta¬
1290 1583 2350 1636 trice, nous félicitons l’administration de cette aequisition
1282 1632 2351 1680 nouvelle. Madame Cambardi rendra aux magnifiques ou¬
1287 1677 2346 1726 vrages de Weber ce cachet de grandeur et d’élévation qui
1287 1720 2350 1782 manque trop souvent à ses interprètes du boulevard. Son
1282 1770 2341 1818 admirable organe, la pureté inaltérable de sa voix, le senti¬
1286 1819 2335 1869 ment de la grande musique qu’elle possède au premier de¬
1286 1859 2335 1911 gré, donneront un nouvel attrait aux représentations d'Obe¬
1277 1903 2068 1967 ron, dans lesquelles nous devons l'entendre.
2161 1907 2284 1970 M. L.
279 2193 2193 2273 ÉCONOMIE DOMESTIQUE.
356 2347 982 2418 POT AGE AU LAIT D'AMANDES.
192 2401 1189 2471 Ayez vingt amandes pour deux litres de lait. Fai¬
148 2464 1192 2531 tes-les tremper, épluchez-les, et pilez-des dans un
142 2519 1193 2583 mortier de marbre, en les arrosant de temps en temps
145 2564 1194 2621 d’une cuillerée de lait, jusqu’à ce que le tout forme
149 2613 1190 2689 une bouillie claire. Mêlez cette bouillée au reste de
148 2669 1196 2736 votre lait, faites bouillir assez longtemps, et passez
150 2723 1188 2782 cette émulsion à travers un linge ou tamis clair.
145 2776 1181 2838 Ajoutez-y une cuillerée de fleur d’oranger, une cuil¬
148 2818 1190 2882 lerée de sucre en poudre, une cuillerée de fécule de
146 2879 1181 2945 pommes de terre et quatre jaunes d’œufs bien dé¬
141 2923 1192 2990 layés, faites cette liaison avec soin en laissant jeter un
150 2974 1192 3043 seul bouillon ; cassez dans la soupière des morceaux
145 3032 1185 3102 de brioche ou des biscottes de Bruxelles; versez des¬
145 3090 754 3157 sus le lait d'amandes et servez.
178 3188 1181 3270 MANIÈRE D'EMPLOYER LES BlANES D’oeurs. —On
134 3232 1188 3312 bat ces blancs en neige, on ajoute une cuillerée à
134 3294 1185 3362 bouche de sucre râpé par blanc d’œuf, puis une seule
136 3345 1193 3407 cuillerée de rhum, de marasquin ou de curaçao. On
141 3385 1176 3470 bat encore, puis on place les blancs dans un compotier
136 3450 1180 3507 de faïence ou de porcelaine, et l’on fait cuire pen¬
134 3483 876 3560 dant un quart d’heure au bain-marie.
182 3555 1182 3614 On peut aussi utiliser les blancs d’œufs en les
137 3591 1185 3672 battant en neige et en y mêlant un pot ou deux de
141 3654 1180 3723 gelée de groseilles. Cinq minutes de cuisson au bain¬
134 3696 278 3755 marie.
1330 2358 2270 2418 GATEAU DE POMMES DE TERRE (entremets).
1277 2418 2322 2476 Pelez des pommes de terre rondes, essuyez-les et mettez¬
1277 2462 2322 2526 les dans une casserole avec assez de lait pour qu’elles
1282 2519 2329 2576 baignent; faites-les cuire. Passez-les, ajoutez à la purée
1279 2568 2329 2625 trois jaunes d'œufs, du sucre en poudre, de la vanille
1279 2617 2326 2681 en poudre, un peu de sel, un bon morceau de beurre
1278 2673 2331 2738 frais, une cuillerée de fécule. Mêlez bien. Garnissez
1277 2719 2329 2789 votre moule de beurre et de chapelure; battez les trois
1270 2770 2329 2837 blancs d’œufs en neige ferme, mêlez cette neige aux
1279 2832 2326 2889 pommes de terre, versez le tout dans le moule, qui
1270 2882 2326 2943 ne doit pas être rempli. Garnissez un fourneau de
1274 2934 2320 2992 cendres rouges mêlées de braise, faites un trou au
1279 2979 2317 3046 milieu, placez-y le moule, couvrez-le avec le four de
1277 3027 2310 3095 campagne, laissez cuire pendant trois-quarts d’heure.
1277 3082 2270 3151 Saupoudrez de sucre râpé, et servez chaud ou froid.
1309 3253 2314 3313 GATEAU DE ROGENON DE VEAU. — Prenez le rognon,
1274 3305 2312 3365 garni de sa graisse, d'un rôti de veau cuit et froid.
1270 3345 2308 3413 Pilez-le jusqu’à ce qu’il soit réduit à l’état de pâte fine.
1265 3413 2306 3467 Faites tremper 200 grammes de pain dans du lait;
1277 3466 2310 3523 pilez-le avec le rognon, ajoutez 250 grammes de sucre
1265 3505 2314 3562 en poudre, trois œufs, blanc et jaune, et du zeste de
1265 3559 2317 3619 citron. Mélangez avec le plus grand soin. Beurrez un
1265 3608 2314 3671 moule, placez-y le mélange, faites cuire au four, ou
1270 3661 2317 3717 dans un fourneau garni en cendres rouges, pendant
1265 3707 1955 3771 trois quarts d'heure. Servez chaud.
