2897 4318
1244 288 1362 377 199
198 389 1236 457 » Mais bientôt, quel changement! l’arbuste épi¬
153 457 1238 514 neux commença à bourgeonner, et ne tarda pas à se
156 500 1240 557 couvrir d’un beau feuillage vert, de tendres boutons
156 556 1236 623 poussèrent à ses branches et devinrent toujours de
160 610 1237 674 plus en plus gros. Et après que les auricules, les tu¬
156 666 1230 727 lipes et les narcisses eurent cessé de fleurir, les bou¬
156 716 1240 778 tons de rose s’ouvrirent enfin, et l'arbuste se montra
153 770 1238 822 couvert d'une multitude de fleurs, dont la magnifique
153 822 1231 879 couleur pourpre et l’agréable parfum faisaient l‘ad¬
151 877 834 947 miration de la jeune Marguerite.
193 918 1236 991 » — Oh ! comme elles sont belles! quelle douce
156 985 1231 1046 odeur elles ont! ne cessait de s’écrier la petite fille.
148 1031 1225 1100 Elles sont plus belles que toutes les autres fleurs.
148 1089 1231 1154 Leur parfum est le plus agréable. Assurément ce ro¬
148 1143 1143 1206 sier est le plus riche ornement de notre jardin !
190 1199 1241 1259 » — Tu vois maintenant, dit le père, comment les
148 1259 1236 1305 roses peuvent fleurir au milieu des épines? Il t'a
153 1303 1233 1375 fallu attendre, à la vérité, pendant tout le printemps,
153 1362 1234 1427 et plus d'une fois tu as été sur le point de perdre pa¬
155 1408 1236 1472 tience. Mais en ce moment, tu comprends combien
153 1467 1230 1534 est vrai ce proverbe : le temps amène lesGoses. La
153 1523 1231 1575 vie humaine peut être justement comparée à ces ar¬
141 1572 1229 1642 bustes épineux qui produisent des roses ; elle a des
1325 384 2405 468 épines, c'est-à-dire des contrariétés, qui finissent sou¬
1332 439 2224 524 vent par être pour nous des causes de joie. »
1364 507 2406 578 Je ne sais si je m'abus, mais il me semble que
1325 568 2399 629 cette candeur et cette simplicité conviennent aux en¬
1326 602 2399 674 fants, et qu'à une époque où tout ce qui les environne
1317 662 2394 727 respire le luxe et l’ambition, les mères prudentes se¬
1317 707 2403 777 ront heureuses de pouvoir offrir à leurs fils et à leur s
1321 760 2405 837 filles un livre écrit avec tant de bonhomie et de
1336 819 2406 883 pieuse ingénuité, et qui n’enseigne rien que l'amour
1326 879 2118 952 de Dieu, de la famille et de la nature.
1366 925 2411 994 Les Violettes sont un petit bouquet composé de
1324 982 2409 1048 quatre nouvelles empreintes de l’esprit romanesque
1326 1040 2405 1104 des Allemands. Les enfants liront avec un grand plai¬
1326 1094 2403 1165 sir ces merveilleuses a blntures, et ils les liront sans
1326 1145 2411 1206 danger. Je ne répondrais pas qu'une grande personne,
1322 1206 2403 1269 une grande demoiselle ne prît plaisir à lire le petit
1326 1256 2399 1313 Bonnet, et je connais beaucoup de romans, qui n'of¬
1324 1311 2403 1367 trent pas tant d'intérêt et de péripéties touchantes.
1316 1351 2401 1425 Madame Braquaval, en traduisant ces deux ouvrages,
1317 1415 2403 1472 a rendu un vrai service à la jeunesse, et elle semble
1316 1472 2403 1520 avoir reproduit dans notre langue la fraîcheur et l’a¬
1317 1520 2407 1573 mabilité des écrits originaux. Nous l'en félicitons sin¬
1321 1571 1537 1649 cèrement.
2121 1566 2250 1641 M. F.
883 1992 1510 2139 RACHEL
679 2293 713 2324 I
189 2375 1223 2449 C’était à l’époque du Rhamadan de l‘année 1835;
141 2430 1226 2485 Maures et Arabes se livraient au sommeil, les uns
148 2482 1218 2554 dans l’intérieur du harem, les autres devant les por¬
151 2543 1227 2589 tes des maisons; ils attendaient ainsi sans impatience
141 2589 1225 2651 le coup de canon qui, au déclin du jour, permet aux
141 2645 1226 2710 fidèles croyants de prendre leur nourriture (1). Le
145 2699 1223 2760 silence et la paix régnaient donc dans les murs de
148 2757 1218 2807 Constantine. Une seule rue de cette ville étrange con¬
152 2813 1210 2875 servait son aspect accoutumé ; rue longue, tortueuse
153 2858 1210 2920 et étroite, qu’une couverture de roseaux et de plan¬
153 2911 1211 2972 ches raboteuses préserve presque entièrement des
152 2962 1206 3029 rayons du soleil. Là, les Juifs, accroupis sur la de¬
163 3018 1219 3079 vanture de leurs boutiques, répondaient aux demandes
164 3057 1208 3137 des acheteurs, tout en déployant lentement les in¬
155 3107 1208 3186 diennes à raies rouges, les tissus de Tunis, les étoffes
152 3171 1211 3235 brochées d'or et d’argent, tout cela sans presque bou¬
159 3214 1210 3307 ger de leur place, tant leurs magasins sont petits, et
152 3281 1206 3351 tant leur nonchalance est grande. D'autres confec¬
159 3317 1212 3414 tionnaient les larges tabouches de maroquin jaune,
161 3376 1211 3463 chaussure habituelle de ceux des Arabes qui en por¬
160 3429 1215 3514 tent (2), ou les petites sandales de velours rouge brodé
186 3568 1211 3654 (1) Pendant les quarante jours que dure le rhamadan, les
140 3632 1212 3709 musulmans ne peuvent manger, boire et fumer que depuis
140 3667 1214 3774 le coucher du soleil jusqu'à minuit précis; tout le reste du
152 3720 1051 3793 temps doit se passer dans une abstinance complète.
183 3765 1207 3852 (2) Un grand nombre d’Arabes et presque tous les Bédouins
151 3799 1210 3890 marchent pieds nus. Quelques-uns s'entortillent les piede de
148 3854 997 3936 peau de chevreau attachée par des bandelettes.
1314 2272 2386 2327 d’or des riches Mauresques. Quelques-uns encore dévi¬
1311 2323 2395 2372 daient adroitement les écheveaux de soie qui devaient
1306 2372 2394 2437 servir à fabriquer diverses passementeries, s’aidant
1309 2422 2394 2491 également pour cela de leurs mains et de leur pieds
1355 2477 2382 2538 Au fond d'une de ces boutiques de modeste appa¬
1306 2533 2384 2593 rence, accroupi sur des ballots de toile, un homme à
1309 2585 2387 2643 barbe blanche, au front chauve et sévère, se tenait
1299 2638 2372 2695 immobile, la pipe à la bouche, évidemment préoc¬
1309 2703 2386 2750 cupé d’une pensée pénible. Ce vieillard était Abraham
1298 2745 2384 2820 ben Churchchouch, connu par l’austérité de ses
1298 2799 2382 2859 mœurs, la sagesse de ses discours, et son zèle ardent
1309 2851 2387 2921 pour la religion de ses ancêtres ; déjà plusieurs fois des
1299 2909 2383 2958 chalands lui avaient adressé la parole sans pouvoir
1299 2957 2379 3020 le tirer de sa profonde rêverie. Après deux gran¬
1302 3015 2379 3071 des heures de réflexion, Abraham se leva, s'enve¬
1298 3068 2379 3137 loppa d’un léger burnous qui couvrit entièrement sa
1297 3118 2371 3172 veste et son pantalon d'une étoffe brune, seule cou¬
1290 3165 2372 3233 leur que les Arabes permissent aux juifs de porter, et
1297 3216 2378 3290 fermant soigneusement sa boutique, il s'enfonça d'un
1293 3288 2372 3355 pas lent et solennel dans un des mille détours que
1294 3351 1925 3400 forment les rues transversales.
1344 3393 2369 3454 Arrivé devant la porte basse et étroite d'une maison
1295 3426 2373 3517 décrépite, il frappa quelques-uns de ces petits coups
1294 3492 2211 3571 précipités particuliers aux habitants du pays.
1344 3545 2372 3616 Une jeune fille vint ouvrir aussitôt, et salua le vieil-
1294 3598 2076 3675 lard en portant la main sur son cœur.
1343 3648 2368 3727 « Où est ta maîtresse? demanda Abraham en en¬
1294 3703 2372 3772 trant dans une cour carrée, pavée de marbre blanc,
1299 3760 2378 3826 entourée de galeries et ornée de colonnes, le tout
1294 3822 2364 3876 beaucoup plus propre et plus gracieux que ne l'an¬
1294 3878 2161 3940 nonçait l'extérieur misérable de la façade.
