<?xml version="1.0" encoding="UTF-8" standalone="yes"?><PcGts xmlns="http://schema.primaresearch.org/PAGE/gts/pagecontent/2013-07-15"><Metadata><Creator>prov=READ-COOP:name=TrHtr:version=2.43.0:model_id=51170:date=20_05_2026_17:41</Creator><Created>2026-05-12T17:15:45.279069</Created><LastChange>2026-06-20T13:24:25.133+02:00</LastChange><TranskribusMetadata docId="14756063" pageId="115166741" pageNr="194" userId="187713" imgUrl="https://files.transkribus.eu/Get?fileType=view&amp;id=NOUKEEGBTDCPGEPSBEGUBSUM" imageId="97254284"/></Metadata><Page imageFilename="115166741.jpg" imageWidth="2822" imageHeight="3966"><ReadingOrder><OrderedGroup><RegionRefIndexed index="0" regionRef="tr_1778599020"/><RegionRefIndexed index="1" regionRef="tr_1778599018"/><RegionRefIndexed index="2" regionRef="tr_1778599019"/><RegionRefIndexed index="3" regionRef="tr_1778599015"/><RegionRefIndexed index="4" regionRef="tr_1778599014"/><RegionRefIndexed index="5" regionRef="tr_1778599016"/><RegionRefIndexed index="6" regionRef="tr_1778599017"/></OrderedGroup></ReadingOrder><TextRegion id="tr_1778599020" custom="readingOrder {index:0;} structure {score:0.96; type:page-number;}"><Coords points="1520,43 1674,43 1674,137 1520,137"/><TextLine id="tr_1778599020_tl_1" custom="readingOrder {index:1;}"><Coords points="1484,133 1542,140 1594,123 1634,123 1645,113 1687,115 1687,57 1641,69 1629,58 1599,54 1588,65 1575,57 1557,62 1535,80 1512,64 1497,77 1482,77"/><Baseline points="1490,104 1535,107 1579,107 1624,107 1669,107 1690,104"/><TextEquiv><Unicode>— 176 —</Unicode></TextEquiv></TextLine><TextEquiv><Unicode></Unicode></TextEquiv></TextRegion><TextRegion id="tr_1778599018" custom="readingOrder {index:1;} structure {score:0.99; type:heading;}"><Coords points="1275,288 1897,288 1897,468 1275,468"/><TextLine id="tr_1778599018_tl_1" custom="readingOrder {index:1;}"><Coords points="1313,430 1419,461 1534,456 1603,420 1694,448 1861,449 1859,308 1311,319"/><Baseline points="1320,415 1364,412 1409,412 1454,412 1499,412 1543,415 1588,415 1633,415 1678,415 1723,415 1767,415 1812,415 1857,418 1863,421"/><TextEquiv><Unicode>ÉMILIENNE</Unicode></TextEquiv></TextLine><TextEquiv><Unicode></Unicode></TextEquiv></TextRegion><TextRegion id="tr_1778599019" custom="readingOrder {index:2;} structure {score:0.98; type:heading;}"><Coords points="933,581 1042,581 1042,671 933,671"/><TextEquiv><Unicode></Unicode></TextEquiv></TextRegion><TextRegion id="tr_1778599015" custom="readingOrder {index:3;} structure {score:0.99; type:paragraph;}"><Coords points="370,686 1570,686 1525,2261 370,2261"/><TextLine id="tr_1778599015_tl_1" custom="readingOrder {index:1;}"><Coords points="506,761 1526,778 1526,723 1474,717 506,722"/><Baseline points="513,761 558,758 603,758 648,755 692,755 737,755 782,752 827,752 872,749 916,749 961,749 1006,752 1051,752 1096,752 1140,752 1185,755 1230,755 1275,758 1320,758 1364,761 1409,761 1454,761 1499,761 1529,761"/><TextEquiv><Unicode>Assis au coin du feu, Valentin et moi, nous par¬</Unicode></TextEquiv></TextLine><TextLine id="tr_1778599015_tl_2" custom="readingOrder {index:2;}"><Coords points="464,825 1527,831 1514,774 464,769"/><Baseline points="471,809 516,809 561,809 606,806 651,806 695,803 740,803 785,803 830,800 875,800 919,800 964,800 1009,803 1054,803 1099,806 1143,806 1188,809 1233,809 1278,809 1322,812 1367,812 1412,812 1457,815 1502,815 1529,818"/><TextEquiv><Unicode>lions d’un homme comblé des bienfaits du ciel, et qui,</Unicode></TextEquiv></TextLine><TextLine id="tr_1778599015_tl_3" custom="readingOrder {index:3;}"><Coords points="464,869 1531,884 1531,829 464,825"/><Baseline points="471,860 516,857 561,857 606,854 651,854 695,851 740,851 785,854 830,854 875,854 919,854 964,854 1009,857 1054,857 1099,860 1143,860 1188,863 1233,863 1278,863 1322,866 1367,866 1412,866 1457,866 1502,866 1535,869"/><TextEquiv><Unicode>le matin de ce même jour, s'était plaint amèrement</Unicode></TextEquiv></TextLine><TextLine id="tr_1778599015_tl_4" custom="readingOrder {index:4;}"><Coords points="461,917 1417,943 1530,929 1531,886 460,868"/><Baseline points="468,907 513,907 558,904 603,904 648,901 692,901 737,904 782,904 827,904 872,907 916,907 961,907 1006,910 1051,910 1096,910 1140,913 1185,913 1230,913 1275,916 1320,916 1364,916 1409,919 1454,919 1499,919 1535,919"/><TextEquiv><Unicode>devant nous de la vie et de l'auteur de la rie. Les</Unicode></TextEquiv></TextLine><TextLine id="tr_1778599015_tl_5" custom="readingOrder {index:5;}"><Coords points="457,970 1528,979 1519,926 457,929"/><Baseline points="465,958 510,958 555,955 600,952 645,949 689,952 734,955 779,958 824,958 869,958 913,961 958,961 1003,964 1048,964 1093,964 1137,967 1182,967 1227,967 1272,967 1317,970 1361,970 1406,970 1451,970 1496,967 1532,967"/><TextEquiv><Unicode>murmures dans la prospérité m'ont toujours causé</Unicode></TextEquiv></TextLine><TextLine id="tr_1778599015_tl_6" custom="readingOrder {index:6;}"><Coords points="454,1028 1528,1047 1510,981 454,968"/><Baseline points="462,1009 507,1009 552,1006 597,1006 642,1006 686,1006 731,1009 776,1012 821,1012 866,1012 910,1015 955,1015 1000,1018 1045,1018 1090,1018 1134,1018 1179,1021 1224,1021 1269,1021 1314,1021 1358,1021 1403,1021 1448,1021 1493,1024 1532,1030"/><TextEquiv><Unicode>une indignation qu'il m'est difficile de contenir; aussi,</Unicode></TextEquiv></TextLine><TextLine id="tr_1778599015_tl_7" custom="readingOrder {index:7;}"><Coords points="457,1071 1528,1088 1528,1044 1406,1036 457,1028"/><Baseline points="465,1063 510,1063 555,1063 600,1063 645,1063 689,1063 734,1063 779,1066 824,1066 869,1069 913,1069 958,1069 1003,1069 1048,1072 1093,1072 1137,1072 1182,1072 1227,1072 1272,1072 1317,1072 1361,1075 1406,1075 1451,1075 1496,1075 1532,1078"/><TextEquiv><Unicode>en rappelant ce que j’avais entendu quelques heures</Unicode></TextEquiv></TextLine><TextLine id="tr_1778599015_tl_8" custom="readingOrder {index:8;}"><Coords points="448,1127 1528,1143 1527,1084 446,1082"/><Baseline points="453,1113 498,1113 543,1113 588,1113 633,1113 677,1116 722,1116 767,1116 812,1119 857,1119 901,1119 946,1122 991,1122 1036,1122 1081,1122 1125,1122 1170,1122 1215,1125 1260,1125 1305,1125 1349,1125 1394,1125 1439,1125 1484,1128 1529,1131 1532,1131"/><TextEquiv><Unicode>auparavant, ne pouvais-je me défendre d’une sévérité</Unicode></TextEquiv></TextLine><TextLine id="tr_1778599015_tl_9" custom="readingOrder {index:9;}"><Coords points="454,1187 1524,1194 1523,1143 453,1130"/><Baseline points="462,1170 507,1167 552,1167 597,1167 642,1167 686,1167 731,1167 776,1167 821,1170 866,1173 910,1173 955,1173 1000,1176 1045,1176 1090,1176 1134,1176 1179,1179 1224,1179 1269,1176 1314,1179 1358,1179 1403,1179 1448,1179 1493,1182 1526,1182"/><TextEquiv><Unicode>peut-être excessive. Mon ami me le fit remarquer en</Unicode></TextEquiv></TextLine><TextLine id="tr_1778599015_tl_10" custom="readingOrder {index:10;}"><Coords points="456,1230 1183,1265 1504,1252 1522,1206 454,1188"/><Baseline points="462,1218 507,1218 552,1218 597,1221 642,1221 686,1221 731,1221 776,1224 821,1224 866,1224 910,1224 955,1227 1000,1230 1045,1230 1090,1230 1134,1230 1179,1233 1224,1230 1269,1233 1314,1233 1358,1233 1403,1233 1448,1233 1493,1233 1526,1236"/><TextEquiv><Unicode>souriant, et comme il était plus sage que moi, bien</Unicode></TextEquiv></TextLine><TextLine id="tr_1778599015_tl_11" custom="readingOrder {index:11;}"><Coords points="456,1293 1526,1311 1524,1242 454,1249"/><Baseline points="462,1272 507,1272 552,1275 597,1272 642,1275 686,1275 731,1275 776,1278 821,1278 866,1278 910,1281 955,1281 1000,1281 1045,1281 1090,1284 1134,1284 1179,1284 1224,1284 1269,1284 1314,1287 1358,1287 1403,1287 1448,1287 1493,1287 1529,1290"/><TextEquiv><Unicode>que plus jeune de quatre ou cinq années, sa bonté</Unicode></TextEquiv></TextLine><TextLine id="tr_1778599015_tl_12" custom="readingOrder {index:12;}"><Coords points="446,1352 1503,1366 1523,1306 445,1297"/><Baseline points="453,1325 498,1322 543,1325 588,1325 633,1328 677,1328 722,1328 767,1328 812,1331 857,1331 901,1334 946,1331 991,1334 1036,1334 1081,1334 1125,1334 1170,1337 1215,1337 1260,1337 1305,1337 1349,1340 1394,1340 1439,1340 1484,1340 1526,1340"/><TextEquiv><Unicode>naturelle eut bientôt raison de la critique un peu</Unicode></TextEquiv></TextLine><TextLine id="tr_1778599015_tl_13" custom="readingOrder {index:13;}"><Coords points="446,1382 1301,1412 1299,1367 1236,1352 446,1354"/><Baseline points="453,1379 498,1379 543,1382 588,1382 633,1379 677,1382 722,1379 767,1382 812,1385 857,1385 901,1385 946,1385 991,1385 1036,1385 1081,1385 1125,1388 1170,1388 1215,1388 1260,1388 1302,1391"/><TextEquiv><Unicode>acerbe qui s’était mêlée à notre entretien.</Unicode></TextEquiv></TextLine><TextLine id="tr_1778599015_tl_14" custom="readingOrder {index:14;}"><Coords points="488,1450 1512,1451 1511,1410 487,1400"/><Baseline points="495,1427 540,1433 585,1433 630,1433 674,1433 719,1433 764,1436 809,1436 854,1436 898,1436 943,1439 988,1439 1033,1439 1078,1439 1122,1439 1167,1442 1212,1442 1257,1442 1302,1442 1346,1442 1391,1442 1436,1445 1481,1442 1514,1439"/><TextEquiv><Unicode>« Comme vous, dit-il, je ne puis voir sans une cer¬</Unicode></TextEquiv></TextLine><TextLine id="tr_1778599015_tl_15" custom="readingOrder {index:15;}"><Coords points="450,1504 1514,1508 1478,1451 449,1450"/><Baseline points="456,1481 501,1481 546,1484 591,1484 636,1484 680,1484 725,1484 770,1487 815,1487 860,1487 904,1487 949,1487 994,1490 1039,1490 1084,1490 1128,1490 1173,1490 1218,1493 1263,1493 1308,1496 1352,1496 1397,1496 1442,1496 1487,1496 1514,1493"/><TextEquiv><Unicode>taine irritation faire d’un malheur imaginaire ou pué¬</Unicode></TextEquiv></TextLine><TextLine id="tr_1778599015_tl_16" custom="readingOrder {index:16;}"><Coords points="446,1546 1523,1560 1523,1518 1469,1510 446,1504"/><Baseline points="453,1535 498,1535 543,1535 588,1535 633,1535 677,1538 722,1538 767,1538 812,1538 857,1538 901,1541 946,1541 991,1541 1036,1541 1081,1543 1125,1543 1170,1543 1215,1543 1260,1546 1305,1549 1349,1546 1394,1549 1439,1549 1484,1549 1526,1549"/><TextEquiv><Unicode>ril une accusation contre la Providence. Mais c’est</Unicode></TextEquiv></TextLine><TextLine id="tr_1778599015_tl_17" custom="readingOrder {index:17;}"><Coords points="448,1609 1501,1629 1523,1560 446,1546"/><Baseline points="453,1591 498,1588 543,1588 588,1588 633,1585 677,1588 722,1588 767,1591 812,1591 857,1591 901,1591 946,1594 991,1594 1036,1594 1081,1594 1125,1597 1170,1597 1215,1597 1260,1600 1305,1600 1349,1600 1394,1600 1439,1603 1484,1603 1526,1603"/><TextEquiv><Unicode>justement à cause de cette impression pénible qu'il</Unicode></TextEquiv></TextLine><TextLine id="tr_1778599015_tl_18" custom="readingOrder {index:18;}"><Coords points="437,1648 1508,1670 1508,1629 435,1604"/><Baseline points="444,1636 489,1639 534,1639 579,1639 624,1639 668,1639 713,1639 758,1642 803,1642 848,1642 892,1642 937,1642 982,1645 1027,1645 1072,1645 1116,1645 1161,1648 1206,1651 1251,1648 1296,1651 1340,1651 1385,1651 1430,1654 1475,1654 1511,1654"/><TextEquiv><Unicode>me paraît inutile, une fois délivré de celui qui l’a pro¬</Unicode></TextEquiv></TextLine><TextLine id="tr_1778599015_tl_19" custom="readingOrder {index:19;}"><Coords points="434,1695 1489,1733 1501,1665 433,1649"/><Baseline points="441,1687 486,1690 531,1690 576,1690 621,1690 665,1690 710,1693 755,1693 800,1693 845,1693 889,1693 934,1696 979,1696 1024,1696 1069,1699 1113,1699 1158,1699 1203,1699 1248,1702 1293,1702 1337,1705 1382,1705 1427,1705 1472,1705 1505,1705"/><TextEquiv><Unicode>duite, de m’y arrêter longtemps. Pourquoi nous com¬</Unicode></TextEquiv></TextLine><TextLine id="tr_1778599015_tl_20" custom="readingOrder {index:20;}"><Coords points="448,1758 1501,1770 1500,1731 446,1697"/><Baseline points="453,1741 498,1741 543,1741 588,1741 633,1741 677,1741 722,1741 767,1741 812,1741 857,1744 901,1747 946,1747 991,1747 1036,1747 1081,1747 1125,1750 1170,1750 1215,1753 1260,1753 1305,1753 1349,1753 1394,1756 1439,1756 1484,1756 1505,1756"/><TextEquiv><Unicode>plaire à des pensées humiliantes pour la race hu¬</Unicode></TextEquiv></TextLine><TextLine id="tr_1778599015_tl_21" custom="readingOrder {index:21;}"><Coords points="429,1798 1321,1832 1478,1828 1516,1782 427,1771"/><Baseline points="436,1788 480,1791 525,1791 570,1791 615,1794 660,1791 704,1794 749,1791 794,1794 839,1794 883,1794 928,1797 973,1797 1018,1797 1063,1800 1107,1800 1152,1800 1197,1800 1242,1803 1287,1803 1331,1806 1376,1806 1421,1806 1466,1806 1511,1809 1520,1812"/><TextEquiv><Unicode>maine, quand partout, dans le monde, à côté des</Unicode></TextEquiv></TextLine><TextLine id="tr_1778599015_tl_22" custom="readingOrder {index:22;}"><Coords points="429,1857 1425,1882 1514,1873 1514,1816 427,1807"/><Baseline points="436,1842 480,1842 525,1842 570,1842 615,1845 660,1842 704,1842 749,1845 794,1845 839,1845 883,1848 928,1848 973,1851 1018,1851 1063,1851 1107,1851 1152,1854 1197,1854 1242,1854 1287,1857 1331,1857 1376,1857 1421,1860 1466,1860 1511,1863 1517,1860"/><TextEquiv><Unicode>travers qui nous affligent, se montrent les vertus les</Unicode></TextEquiv></TextLine><TextLine id="tr_1778599015_tl_23" custom="readingOrder {index:23;}"><Coords points="439,1918 1508,1937 1485,1876 439,1858"/><Baseline points="447,1896 492,1896 537,1896 582,1899 627,1896 671,1896 716,1896 761,1896 806,1899 851,1899 895,1902 940,1902 985,1902 1030,1902 1075,1905 1119,1905 1164,1908 1209,1908 1254,1908 1299,1908 1343,1911 1388,1914 1433,1914 1478,1914 1511,1920"/><TextEquiv><Unicode>plus opposées à ces travers? Nous sommes d’accord,</Unicode></TextEquiv></TextLine><TextLine id="tr_1778599015_tl_24" custom="readingOrder {index:24;}"><Coords points="429,1971 1515,1973 1432,1923 429,1919"/><Baseline points="436,1947 480,1950 525,1947 570,1950 615,1950 660,1950 704,1953 749,1953 794,1953 839,1953 883,1953 928,1956 973,1956 1018,1956 1063,1959 1107,1959 1152,1959 1197,1962 1242,1959 1287,1962 1331,1962 1376,1962 1421,1962 1466,1965 1511,1968 1517,1968"/><TextEquiv><Unicode>vous et moi, pour flétrir l’ingratitude envers Dieu</Unicode></TextEquiv></TextLine><TextLine id="tr_1778599015_tl_25" custom="readingOrder {index:25;}"><Coords points="425,2010 1500,2043 1510,1994 423,1965"/><Baseline points="430,2000 474,2000 519,2003 564,2003 609,2003 654,2003 698,2003 743,2003 788,2003 833,2006 878,2006 922,2009 967,2006 1012,2009 1057,2009 1101,2012 1146,2012 1191,2012 1236,2012 1281,2015 1325,2015 1370,2015 1415,2015 1460,2018 1505,2021 1514,2021"/><TextEquiv><Unicode>comme envers les hommes; eh bien ! cherchons un</Unicode></TextEquiv></TextLine><TextLine id="tr_1778599015_tl_26" custom="readingOrder {index:26;}"><Coords points="429,2067 1515,2104 1514,2043 427,2026"/><Baseline points="436,2054 480,2054 525,2054 570,2057 615,2057 660,2057 704,2057 749,2057 794,2057 839,2060 883,2060 928,2060 973,2063 1018,2063 1063,2063 1107,2066 1152,2066 1197,2066 1242,2066 1287,2069 1331,2069 1376,2069 1421,2072 1466,2072 1511,2075 1517,2075"/><TextEquiv><Unicode>exemple de la vertu contraire, et cela nous profitera</Unicode></TextEquiv></TextLine><TextLine id="tr_1778599015_tl_27" custom="readingOrder {index:27;}"><Coords points="419,2112 1499,2135 1499,2095 1439,2086 419,2080"/><Baseline points="427,2108 471,2105 516,2108 561,2108 606,2111 651,2111 695,2111 740,2111 785,2111 830,2114 875,2114 919,2114 964,2114 1009,2117 1054,2117 1099,2117 1143,2120 1188,2120 1233,2120 1278,2120 1322,2120 1367,2123 1412,2126 1457,2126 1502,2129"/><TextEquiv><Unicode>mieux à l’un et à l'autre qu’une censure chagrine.</Unicode></TextEquiv></TextLine><TextLine id="tr_1778599015_tl_28" custom="readingOrder {index:28;}"><Coords points="416,2166 1504,2196 1504,2152 415,2117"/><Baseline points="424,2159 468,2162 513,2162 558,2162 603,2165 648,2165 692,2165 737,2168 782,2168 827,2168 872,2168 916,2168 961,2168 1006,2171 1051,2171 1096,2171 1140,2171 1185,2174 1230,2174 1275,2174 1320,2177 1364,2177 1409,2177 1454,2180 1499,2186 1508,2189"/><TextEquiv><Unicode>Pour ma part, j’ai une histoire toute prête. Voyons,</Unicode></TextEquiv></TextLine><TextLine id="tr_1778599015_tl_29" custom="readingOrder {index:29;}"><Coords points="419,2238 1320,2257 1320,2185 418,2178"/><Baseline points="427,2215 471,2215 516,2215 561,2218 606,2218 651,2218 695,2221 740,2221 785,2221 830,2221 875,2221 919,2221 964,2224 1009,2224 1054,2224 1099,2227 1143,2224 1188,2227 1233,2227 1278,2227 1322,2233"/><TextEquiv><Unicode>ranimez le feu qui s'éteint, et je commence.</Unicode></TextEquiv></TextLine><TextEquiv><Unicode></Unicode></TextEquiv></TextRegion><TextRegion id="tr_1778599014" custom="readingOrder {index:4;} structure {score:0.99; type:heading;}"><Coords points="890,2277 1024,2277 1024,2356 890,2356"/><TextEquiv><Unicode></Unicode></TextEquiv></TextRegion><TextRegion id="tr_1778599016" custom="readingOrder {index:5;} structure {score:0.99; type:paragraph;}"><Coords points="357,2372 1524,2372 1524,3665 357,3665"/><TextLine id="tr_1778599016_tl_1" custom="readingOrder {index:1;}"><Coords points="461,2441 1462,2466 1499,2413 614,2403 460,2352"/><Baseline points="468,2424 513,2427 558,2427 603,2430 648,2430 692,2430 737,2433 782,2433 827,2433 872,2433 916,2433 961,2436 1006,2436 1051,2436 1096,2439 1140,2439 1185,2439 1230,2439 1275,2439 1320,2439 1364,2439 1409,2442 1454,2442 1499,2445 1502,2445"/><TextEquiv><Unicode>« Vous n’avez pas oublié l’époque où nous nous</Unicode></TextEquiv></TextLine><TextLine id="tr_1778599016_tl_2" custom="readingOrder {index:2;}"><Coords points="416,2477 1500,2516 1500,2462 415,2448"/><Baseline points="424,2475 468,2478 513,2481 558,2481 603,2484 648,2484 692,2484 737,2484 782,2487 827,2487 872,2487 916,2487 961,2487 1006,2490 1051,2490 1096,2490 1140,2490 1185,2493 1230,2493 1275,2493 1320,2493 1364,2496 1409,2496 1454,2496 1499,2499 1502,2499"/><TextEquiv><Unicode>vîmes pour la première fois. C’était à Brest, votre</Unicode></TextEquiv></TextLine><TextLine id="tr_1778599016_tl_3" custom="readingOrder {index:3;}"><Coords points="426,2547 1497,2571 1496,2514 1444,2502 426,2501"/><Baseline points="433,2529 477,2532 522,2535 567,2535 612,2535 657,2538 701,2538 746,2538 791,2538 836,2538 881,2541 925,2541 970,2541 1015,2544 1060,2544 1104,2544 1149,2547 1194,2547 1239,2547 1284,2547 1328,2547 1373,2550 1418,2550 1463,2550 1499,2550"/><TextEquiv><Unicode>ville natale, que vous avez quittée cinq ou six mois</Unicode></TextEquiv></TextLine><TextLine id="tr_1778599016_tl_4" custom="readingOrder {index:4;}"><Coords points="427,2597 1499,2611 1453,2566 426,2552"/><Baseline points="433,2583 477,2583 522,2583 567,2583 612,2586 657,2589 701,2589 746,2589 791,2589 836,2592 881,2592 925,2595 970,2595 1015,2598 1060,2598 1104,2598 1149,2598 1194,2601 1239,2601 1284,2601 1328,2601 1373,2604 1418,2604 1463,2604 1502,2607"/><TextEquiv><Unicode>plus tard pour venir vous fixer ici. Je n’étais qu’un</Unicode></TextEquiv></TextLine><TextLine id="tr_1778599016_tl_5" custom="readingOrder {index:5;}"><Coords points="420,2653 1493,2668 1432,2619 419,2605"/><Baseline points="427,2631 471,2634 516,2634 561,2634 606,2637 651,2637 695,2637 740,2640 785,2643 830,2645 875,2645 919,2648 964,2648 1009,2648 1054,2651 1099,2651 1143,2651 1188,2651 1233,2654 1278,2654 1322,2654 1367,2657 1412,2654 1457,2654 1496,2651"/><TextEquiv><Unicode>oiseau de passage dans la ville marine; je n’y con¬</Unicode></TextEquiv></TextLine><TextLine id="tr_1778599016_tl_6" custom="readingOrder {index:6;}"><Coords points="411,2698 1496,2721 1495,2665 410,2660"/><Baseline points="418,2684 462,2687 507,2687 552,2687 597,2687 642,2687 686,2690 731,2690 776,2693 821,2696 866,2699 910,2699 955,2702 1000,2702 1045,2702 1090,2702 1134,2705 1179,2705 1224,2705 1269,2705 1314,2705 1358,2705 1403,2705 1448,2705 1493,2708 1496,2708"/><TextEquiv><Unicode>naissais presque personne; et comme j’avais été élevé</Unicode></TextEquiv></TextLine><TextLine id="tr_1778599016_tl_7" custom="readingOrder {index:7;}"><Coords points="418,2744 1485,2778 1484,2725 416,2698"/><Baseline points="424,2738 468,2738 513,2738 558,2738 603,2741 648,2741 692,2741 737,2744 782,2744 827,2747 872,2750 916,2750 961,2753 1006,2756 1051,2756 1096,2756 1140,2759 1185,2759 1230,2759 1275,2759 1320,2759 1364,2762 1409,2759 1454,2762 1487,2762"/><TextEquiv><Unicode>à la campagne par mon aïeule, que j’étais d’une na¬</Unicode></TextEquiv></TextLine><TextLine id="tr_1778599016_tl_8" custom="readingOrder {index:8;}"><Coords points="419,2801 1497,2833 1496,2786 418,2756"/><Baseline points="427,2792 471,2789 516,2792 561,2792 606,2792 651,2792 695,2792 740,2792 785,2795 830,2798 875,2801 919,2801 964,2804 1009,2807 1054,2807 1099,2807 1143,2810 1188,2810 1233,2810 1278,2813 1322,2813 1367,2813 1412,2816 1457,2816 1499,2816"/><TextEquiv><Unicode>ture un peu sauvage, que je me trouvais enfin plus</Unicode></TextEquiv></TextLine><TextLine id="tr_1778599016_tl_9" custom="readingOrder {index:9;}"><Coords points="411,2855 1493,2873 1477,2833 410,2797"/><Baseline points="418,2846 462,2843 507,2846 552,2846 597,2846 642,2846 686,2846 731,2846 776,2846 821,2849 866,2852 910,2852 955,2852 1000,2855 1045,2855 1090,2858 1134,2861 1179,2861 1224,2864 1269,2864 1314,2866 1358,2866 1403,2866 1448,2866 1493,2869 1496,2869"/><TextEquiv><Unicode>étourdi que charmé par le milieu tout nouveau dans</Unicode></TextEquiv></TextLine><TextLine id="tr_1778599016_tl_10" custom="readingOrder {index:10;}"><Coords points="414,2908 1493,2934 1492,2878 412,2860"/><Baseline points="421,2899 465,2899 510,2899 555,2899 600,2899 645,2899 689,2899 734,2899 779,2899 824,2902 869,2902 913,2905 958,2905 1003,2905 1048,2908 1093,2908 1137,2911 1182,2911 1227,2914 1272,2917 1317,2917 1361,2917 1406,2917 1451,2920 1496,2920"/><TextEquiv><Unicode>lequel il me fallait vivre, je ne cherchai pas d’abord à</Unicode></TextEquiv></TextLine><TextLine id="tr_1778599016_tl_11" custom="readingOrder {index:11;}"><Coords points="414,2965 1478,2989 1477,2935 1378,2925 414,2908"/><Baseline points="421,2953 465,2953 510,2953 555,2953 600,2953 645,2953 689,2953 734,2953 779,2953 824,2956 869,2956 913,2956 958,2959 1003,2959 1048,2959 1093,2962 1137,2962 1182,2965 1227,2965 1272,2968 1317,2968 1361,2968 1406,2968 1451,2971 1481,2968"/><TextEquiv><Unicode>étendre mes relations. Un de mes plaisirs était de fré¬</Unicode></TextEquiv></TextLine><TextLine id="tr_1778599016_tl_12" custom="readingOrder {index:12;}"><Coords points="418,3024 1488,3031 1435,2982 416,2977"/><Baseline points="424,3007 468,3007 513,3007 558,3010 603,3010 648,3007 692,3010 737,3007 782,3007 827,3007 872,3010 916,3010 961,3010 1006,3013 1051,3010 1096,3013 1140,3013 1185,3016 1230,3019 1275,3019 1320,3019 1364,3022 1409,3022 1454,3022 1490,3025"/><TextEquiv><Unicode>quentes promenades dans les environs, lorsque les</Unicode></TextEquiv></TextLine><TextLine id="tr_1778599016_tl_13" custom="readingOrder {index:13;}"><Coords points="404,3065 1478,3096 1477,3034 1416,3023 404,3033"/><Baseline points="412,3058 456,3061 501,3061 546,3061 591,3064 636,3064 680,3064 725,3064 770,3064 815,3064 860,3064 904,3064 949,3064 994,3064 1039,3067 1084,3067 1128,3070 1173,3070 1218,3070 1263,3070 1308,3070 1352,3073 1397,3073 1442,3076 1481,3076"/><TextEquiv><Unicode>cours de l’école de médecine me le permettaient. Ra¬</Unicode></TextEquiv></TextLine><TextLine id="tr_1778599016_tl_14" custom="readingOrder {index:14;}"><Coords points="414,3125 1482,3146 1481,3102 1415,3087 414,3080"/><Baseline points="421,3108 465,3111 510,3114 555,3114 600,3117 645,3117 689,3117 734,3117 779,3117 824,3117 869,3117 913,3120 958,3120 1003,3120 1048,3120 1093,3123 1137,3123 1182,3123 1227,3123 1272,3123 1317,3126 1361,3126 1406,3126 1451,3126 1484,3123"/><TextEquiv><Unicode>cine et La Fontaine m’accompangnaient dans mes ex¬</Unicode></TextEquiv></TextLine><TextLine id="tr_1778599016_tl_15" custom="readingOrder {index:15;}"><Coords points="411,3178 1488,3197 1488,3140 1406,3134 411,3137"/><Baseline points="418,3159 462,3165 507,3168 552,3168 597,3168 642,3171 686,3171 731,3171 776,3171 821,3174 866,3174 910,3174 955,3174 1000,3174 1045,3174 1090,3174 1134,3177 1179,3177 1224,3177 1269,3177 1314,3177 1358,3180 1403,3180 1448,3177 1490,3180"/><TextEquiv><Unicode>censions champêtres; et quand un rocher des grèves</Unicode></TextEquiv></TextLine><TextLine id="tr_1778599016_tl_16" custom="readingOrder {index:16;}"><Coords points="411,3222 1495,3239 1493,3193 1439,3186 410,3179"/><Baseline points="418,3213 462,3216 507,3219 552,3222 597,3225 642,3225 686,3228 731,3228 776,3228 821,3228 866,3228 910,3228 955,3228 1000,3231 1045,3231 1090,3231 1134,3231 1179,3234 1224,3234 1269,3234 1314,3234 1358,3234 1403,3234 1448,3234 1493,3237 1496,3237"/><TextEquiv><Unicode>du Portzic, un tertre au bord de l'Elorn, m'invitaient</Unicode></TextEquiv></TextLine><TextLine id="tr_1778599016_tl_17" custom="readingOrder {index:17;}"><Coords points="404,3270 1489,3297 1488,3248 404,3246"/><Baseline points="412,3264 456,3267 501,3273 546,3273 591,3276 636,3279 680,3279 725,3279 770,3282 815,3282 860,3285 904,3285 949,3285 994,3285 1039,3285 1084,3288 1128,3288 1173,3288 1218,3288 1263,3288 1308,3288 1352,3288 1397,3288 1442,3288 1487,3288 1493,3288"/><TextEquiv><Unicode>au repos, il m'arrivait souvent de passer là des heures</Unicode></TextEquiv></TextLine><TextLine id="tr_1778599016_tl_18" custom="readingOrder {index:18;}"><Coords points="414,3321 1210,3365 1434,3361 1480,3316 412,3290"/><Baseline points="421,3314 465,3317 510,3320 555,3323 600,3326 645,3329 689,3332 734,3332 779,3335 824,3335 869,3335 913,3338 958,3338 1003,3338 1048,3338 1093,3341 1137,3341 1182,3341 1227,3341 1272,3341 1317,3341 1361,3341 1406,3341 1451,3341 1484,3344"/><TextEquiv><Unicode>entières, Hsorbé dans la lecture de mes poètes favoris.</Unicode></TextEquiv></TextLine><TextLine id="tr_1778599016_tl_19" custom="readingOrder {index:19;}"><Coords points="404,3380 1466,3415 1465,3350 795,3364 403,3319"/><Baseline points="412,3365 456,3365 501,3371 546,3374 591,3377 636,3380 680,3383 725,3383 770,3386 815,3389 860,3389 904,3389 949,3392 994,3395 1039,3395 1084,3395 1128,3395 1173,3395 1218,3395 1263,3395 1308,3395 1352,3395 1397,3395 1442,3395 1469,3392"/><TextEquiv><Unicode>J’errais donc à travers les campagnes sans but déter¬</Unicode></TextEquiv></TextLine><TextLine id="tr_1778599016_tl_20" custom="readingOrder {index:20;}"><Coords points="407,3437 1478,3460 1477,3419 1424,3406 1036,3426 406,3380"/><Baseline points="415,3416 459,3419 504,3422 549,3425 594,3425 639,3428 683,3431 728,3434 773,3437 818,3443 863,3443 907,3446 952,3446 997,3449 1042,3449 1087,3449 1131,3452 1176,3452 1221,3452 1266,3452 1311,3452 1355,3452 1400,3452 1445,3452 1481,3452"/><TextEquiv><Unicode>miné, et c'est ainsi que je me trouvai un jour dans</Unicode></TextEquiv></TextLine><TextLine id="tr_1778599016_tl_21" custom="readingOrder {index:21;}"><Coords points="404,3472 1481,3517 1467,3458 403,3437"/><Baseline points="412,3470 456,3473 501,3473 546,3473 591,3476 636,3479 680,3482 725,3485 770,3488 815,3491 860,3494 904,3497 949,3497 994,3500 1039,3503 1084,3503 1128,3506 1173,3506 1218,3506 1263,3506 1308,3506 1352,3506 1397,3506 1442,3506 1484,3506"/><TextEquiv><Unicode>un petit vallon où coulait un ruisseau que je crois</Unicode></TextEquiv></TextLine><TextLine id="tr_1778599016_tl_22" custom="readingOrder {index:22;}"><Coords points="406,3543 1476,3570 1473,3522 1382,3511 403,3490"/><Baseline points="412,3518 453,3524 498,3524 543,3524 588,3526 633,3529 677,3532 722,3532 767,3535 812,3541 857,3544 901,3547 946,3550 991,3553 1036,3556 1081,3556 1125,3559 1170,3559 1215,3559 1260,3559 1305,3559 1349,3559 1394,3562 1439,3559 1478,3559"/><TextEquiv><Unicode>être une des sources de la Penfeld. Bordé à droite par</Unicode></TextEquiv></TextLine><TextLine id="tr_1778599016_tl_23" custom="readingOrder {index:23;}"><Coords points="407,3595 1413,3650 1473,3623 1470,3567 404,3543"/><Baseline points="415,3577 459,3580 504,3580 549,3580 594,3580 639,3583 683,3583 728,3586 773,3589 818,3592 863,3595 907,3601 952,3604 997,3604 1042,3610 1087,3610 1131,3613 1176,3613 1221,3616 1266,3616 1311,3616 1355,3616 1400,3616 1445,3616 1475,3619"/><TextEquiv><Unicode>des prairies, à gauche par un taillis en pente rapide</Unicode></TextEquiv></TextLine><TextEquiv><Unicode></Unicode></TextEquiv></TextRegion><TextRegion id="tr_1778599017" custom="readingOrder {index:6;} structure {score:0.99; type:paragraph;}"><Coords points="1612,582 2726,614 2689,3671 1552,3661"/><TextLine id="tr_1778599017_tl_1" custom="readingOrder {index:1;}"><Coords points="1622,669 2688,701 2687,660 2569,625 1621,618"/><Baseline points="1630,654 1675,657 1720,657 1764,657 1809,660 1854,660 1899,660 1944,660 1988,662 2033,662 2078,665 2123,665 2168,665 2212,668 2257,668 2302,668 2347,668 2392,671 2436,671 2481,671 2526,674 2571,677 2616,680 2660,683 2690,686"/><TextEquiv><Unicode>où les chênes n’avaient pu réussir encore à dépasser</Unicode></TextEquiv></TextLine><TextLine id="tr_1778599017_tl_2" custom="readingOrder {index:2;}"><Coords points="1617,715 2684,746 2683,700 2466,679 1617,670"/><Baseline points="1624,710 1669,710 1714,710 1759,713 1803,713 1848,713 1893,713 1938,713 1983,716 2027,716 2072,716 2117,719 2162,719 2206,719 2251,719 2296,719 2341,719 2386,722 2430,722 2475,725 2520,725 2565,728 2610,731 2654,737 2687,740"/><TextEquiv><Unicode>les noisetiers, le ruisseau se divisait en deux chutes</Unicode></TextEquiv></TextLine><TextLine id="tr_1778599017_tl_3" custom="readingOrder {index:3;}"><Coords points="1614,778 2687,810 2685,749 2641,741 1614,726"/><Baseline points="1621,764 1666,764 1711,764 1756,764 1800,767 1845,767 1890,767 1935,767 1980,770 2024,770 2069,770 2114,770 2159,770 2203,770 2248,773 2293,773 2338,773 2383,776 2427,776 2472,779 2517,779 2562,782 2607,785 2651,788 2690,794"/><TextEquiv><Unicode>d'eau par la rencontre d'une sorte de petit îlot ayant</Unicode></TextEquiv></TextLine><TextLine id="tr_1778599017_tl_4" custom="readingOrder {index:4;}"><Coords points="1610,831 2687,859 2687,810 1609,789"/><Baseline points="1618,815 1663,815 1708,815 1753,818 1797,818 1842,818 1887,821 1932,821 1977,818 2021,824 2066,824 2111,824 2156,824 2201,824 2245,824 2290,827 2335,827 2380,827 2424,830 2469,833 2514,833 2559,833 2604,836 2648,839 2690,848"/><TextEquiv><Unicode>au plus quatre ou cinq mètres de circonférence. Une</Unicode></TextEquiv></TextLine><TextLine id="tr_1778599017_tl_5" custom="readingOrder {index:5;}"><Coords points="1619,877 2687,905 2685,863 2567,841 1618,830"/><Baseline points="1627,869 1672,869 1717,869 1762,869 1806,872 1851,872 1896,875 1941,875 1985,875 2030,875 2075,875 2120,875 2165,878 2209,878 2254,881 2299,881 2344,881 2389,883 2433,883 2478,886 2523,886 2568,886 2613,889 2657,892 2690,898"/><TextEquiv><Unicode>de ces chutes, glissant sur une pente large et assez</Unicode></TextEquiv></TextLine><TextLine id="tr_1778599017_tl_6" custom="readingOrder {index:6;}"><Coords points="1610,933 2685,970 2684,911 2637,898 1609,873"/><Baseline points="1618,919 1663,922 1708,922 1753,922 1797,922 1842,925 1887,925 1932,925 1977,928 2021,928 2066,928 2111,928 2156,928 2201,928 2245,931 2290,931 2335,931 2380,934 2424,937 2469,937 2514,937 2559,937 2604,940 2648,946 2687,952"/><TextEquiv><Unicode>douce, ressemblait à tous les déversoirs; mais l’autre,</Unicode></TextEquiv></TextLine><TextLine id="tr_1778599017_tl_7" custom="readingOrder {index:7;}"><Coords points="1618,994 2681,1014 2653,953 1617,939"/><Baseline points="1624,973 1669,973 1714,973 1759,976 1803,976 1848,979 1893,979 1938,979 1983,979 2027,979 2072,982 2117,982 2162,982 2206,982 2251,985 2296,985 2341,985 2386,988 2430,988 2475,991 2520,991 2565,994 2610,997 2654,997 2684,1000"/><TextEquiv><Unicode>beaucoup plus pittoresque, s'échappait en petites cas¬</Unicode></TextEquiv></TextLine><TextLine id="tr_1778599017_tl_8" custom="readingOrder {index:8;}"><Coords points="1615,1039 2670,1071 2684,1016 1614,994"/><Baseline points="1621,1027 1666,1027 1711,1024 1756,1024 1800,1027 1845,1027 1890,1030 1935,1030 1980,1030 2024,1030 2069,1036 2114,1036 2159,1036 2203,1036 2248,1039 2293,1039 2338,1039 2383,1039 2427,1039 2472,1042 2517,1042 2562,1045 2607,1048 2651,1051 2687,1054"/><TextEquiv><Unicode>cades des fissures de plusieurs quartiers de roches</Unicode></TextEquiv></TextLine><TextLine id="tr_1778599017_tl_9" custom="readingOrder {index:9;}"><Coords points="1604,1090 2680,1116 2646,1058 1603,1038"/><Baseline points="1612,1078 1657,1081 1702,1078 1747,1078 1791,1078 1836,1081 1881,1081 1926,1081 1971,1084 2015,1084 2060,1087 2105,1087 2150,1090 2195,1090 2239,1090 2284,1093 2329,1093 2374,1093 2419,1093 2463,1096 2508,1096 2553,1099 2598,1101 2643,1104 2684,1107"/><TextEquiv><Unicode>mal liées par des touffes d'herbes, tandis qu'une nappe</Unicode></TextEquiv></TextLine><TextLine id="tr_1778599017_tl_10" custom="readingOrder {index:10;}"><Coords points="1610,1139 2676,1164 2675,1124 2559,1105 1609,1089"/><Baseline points="1618,1131 1663,1131 1708,1134 1753,1134 1797,1134 1842,1134 1887,1134 1932,1137 1977,1137 2021,1137 2066,1137 2111,1140 2156,1140 2201,1143 2245,1143 2290,1143 2335,1146 2380,1146 2424,1146 2469,1146 2514,1149 2559,1152 2604,1155 2648,1155 2678,1155"/><TextEquiv><Unicode>transparente et arrondie descendait mollement du pre¬</Unicode></TextEquiv></TextLine><TextLine id="tr_1778599017_tl_11" custom="readingOrder {index:11;}"><Coords points="1604,1194 2680,1218 2670,1158 1604,1157"/><Baseline points="1612,1182 1657,1185 1702,1185 1747,1185 1791,1188 1836,1188 1881,1188 1926,1191 1971,1191 2015,1191 2060,1191 2105,1194 2150,1194 2195,1194 2239,1197 2284,1197 2329,1197 2374,1200 2419,1200 2463,1200 2508,1200 2553,1203 2598,1206 2643,1206 2684,1212"/><TextEquiv><Unicode>mier lit de la petite rivière sur toutes ces gerbes qui</Unicode></TextEquiv></TextLine><TextLine id="tr_1778599017_tl_12" custom="readingOrder {index:12;}"><Coords points="1607,1248 2680,1278 2679,1227 2563,1210 1606,1196"/><Baseline points="1615,1239 1660,1239 1705,1239 1750,1239 1794,1239 1839,1242 1884,1242 1929,1245 1974,1245 2018,1245 2063,1245 2108,1245 2153,1248 2198,1248 2242,1248 2287,1251 2332,1251 2377,1251 2422,1251 2466,1254 2511,1257 2556,1257 2601,1257 2645,1260 2684,1263"/><TextEquiv><Unicode>se heurtaient, se mêlaient, bouillonnaient et roulaient</Unicode></TextEquiv></TextLine><TextLine id="tr_1778599017_tl_13" custom="readingOrder {index:13;}"><Coords points="1599,1313 2550,1329 2677,1321 2677,1279 1598,1260"/><Baseline points="1606,1290 1651,1293 1696,1293 1741,1293 1785,1293 1830,1293 1875,1293 1920,1296 1965,1296 2009,1299 2054,1299 2099,1299 2144,1302 2189,1302 2233,1305 2278,1305 2323,1305 2368,1305 2413,1305 2457,1308 2502,1308 2547,1308 2592,1311 2637,1311 2681,1314 2684,1311"/><TextEquiv><Unicode>capricieuses et bondissantes, sur de nouvelles pierres</Unicode></TextEquiv></TextLine><TextLine id="tr_1778599017_tl_14" custom="readingOrder {index:14;}"><Coords points="1600,1354 2677,1379 2676,1330 1599,1313"/><Baseline points="1606,1343 1651,1343 1696,1343 1741,1343 1785,1343 1830,1346 1875,1346 1920,1349 1965,1349 2009,1349 2054,1352 2099,1352 2144,1352 2189,1355 2233,1358 2278,1355 2323,1355 2368,1358 2413,1358 2457,1361 2502,1361 2547,1361 2592,1364 2637,1364 2681,1367"/><TextEquiv><Unicode>couvertes de mousse. Plus bas, les eaux retombaient</Unicode></TextEquiv></TextLine><TextLine id="tr_1778599017_tl_15" custom="readingOrder {index:15;}"><Coords points="1602,1405 2675,1432 2675,1381 1600,1355"/><Baseline points="1609,1397 1654,1397 1699,1397 1744,1397 1788,1397 1833,1400 1878,1400 1923,1400 1968,1403 2012,1403 2057,1403 2102,1406 2147,1406 2192,1406 2236,1409 2281,1409 2326,1409 2371,1412 2416,1412 2460,1412 2505,1412 2550,1415 2595,1415 2640,1418 2678,1418"/><TextEquiv><Unicode>encore, rejaillissaient en pluie, et, refoulées par la</Unicode></TextEquiv></TextLine><TextLine id="tr_1778599017_tl_16" custom="readingOrder {index:16;}"><Coords points="1602,1454 2669,1481 2668,1427 1600,1405"/><Baseline points="1609,1448 1654,1448 1699,1448 1744,1451 1788,1451 1833,1451 1878,1454 1923,1454 1968,1454 2012,1457 2057,1457 2102,1457 2147,1457 2192,1460 2236,1460 2281,1460 2326,1460 2371,1463 2416,1463 2460,1466 2505,1466 2550,1466 2595,1466 2640,1469 2672,1469"/><TextEquiv><Unicode>force du choc, se partageaient en trois tourbillons</Unicode></TextEquiv></TextLine><TextLine id="tr_1778599017_tl_17" custom="readingOrder {index:17;}"><Coords points="1599,1511 2677,1527 2676,1477 1599,1463"/><Baseline points="1606,1499 1651,1499 1696,1499 1741,1502 1785,1502 1830,1505 1875,1505 1920,1505 1965,1505 2009,1508 2054,1508 2099,1508 2144,1508 2189,1508 2233,1511 2278,1514 2323,1514 2368,1514 2413,1514 2457,1517 2502,1517 2547,1517 2592,1517 2637,1520 2681,1520"/><TextEquiv><Unicode>d’écume dont la blancheur éblouissante contrastait</Unicode></TextEquiv></TextLine><TextLine id="tr_1778599017_tl_18" custom="readingOrder {index:18;}"><Coords points="1592,1569 2672,1580 2670,1527 1591,1507"/><Baseline points="1600,1552 1645,1552 1690,1552 1735,1552 1779,1552 1824,1555 1869,1555 1914,1555 1959,1558 2003,1558 2048,1558 2093,1561 2138,1561 2183,1561 2227,1564 2272,1567 2317,1567 2362,1567 2407,1567 2451,1567 2496,1570 2541,1570 2586,1567 2631,1570 2675,1573"/><TextEquiv><Unicode>avec la teinte sombre de quelques branches mortes</Unicode></TextEquiv></TextLine><TextLine id="tr_1778599017_tl_19" custom="readingOrder {index:19;}"><Coords points="1596,1617 2646,1637 2668,1591 1595,1580"/><Baseline points="1603,1603 1648,1603 1693,1603 1738,1606 1782,1606 1827,1609 1872,1609 1917,1609 1962,1609 2006,1612 2051,1612 2096,1612 2141,1615 2186,1615 2230,1615 2275,1615 2320,1618 2365,1618 2410,1621 2454,1621 2499,1621 2544,1621 2589,1621 2634,1621 2672,1624"/><TextEquiv><Unicode>retenues par les pierres et toujours agitées par le cou¬</Unicode></TextEquiv></TextLine><TextLine id="tr_1778599017_tl_20" custom="readingOrder {index:20;}"><Coords points="1592,1678 2657,1693 2669,1632 1591,1634"/><Baseline points="1600,1657 1645,1657 1690,1657 1735,1660 1779,1660 1824,1660 1869,1663 1914,1663 1959,1663 2003,1663 2048,1663 2093,1666 2138,1666 2183,1669 2227,1669 2272,1669 2317,1672 2362,1672 2407,1672 2451,1672 2496,1672 2541,1672 2586,1675 2631,1675 2672,1678"/><TextEquiv><Unicode>rant. Là, il ne fallait qu’un bond pour franchir le</Unicode></TextEquiv></TextLine><TextLine id="tr_1778599017_tl_21" custom="readingOrder {index:21;}"><Coords points="1599,1717 2581,1747 2660,1733 2660,1691 1598,1679"/><Baseline points="1606,1708 1651,1708 1696,1711 1741,1711 1785,1711 1830,1711 1875,1711 1920,1714 1965,1717 2009,1717 2054,1717 2099,1717 2144,1720 2189,1720 2233,1720 2278,1723 2323,1723 2368,1723 2413,1723 2457,1726 2502,1726 2547,1726 2592,1726 2637,1726 2663,1726"/><TextEquiv><Unicode>ruisseau, très-resserré entre l’ilot et la prairie. Cela fut</Unicode></TextEquiv></TextLine><TextLine id="tr_1778599017_tl_22" custom="readingOrder {index:22;}"><Coords points="1590,1779 2641,1801 2657,1747 1588,1724"/><Baseline points="1597,1762 1642,1762 1687,1762 1732,1764 1776,1764 1821,1764 1866,1764 1911,1764 1956,1767 2000,1767 2045,1770 2090,1770 2135,1770 2180,1770 2224,1770 2269,1773 2314,1773 2359,1776 2404,1776 2448,1776 2493,1776 2538,1776 2583,1779 2628,1779 2660,1776"/><TextEquiv><Unicode>bientôt fait; et je ne sais, en vérité, comment expri¬</Unicode></TextEquiv></TextLine><TextLine id="tr_1778599017_tl_23" custom="readingOrder {index:23;}"><Coords points="1595,1817 2669,1846 2668,1788 1595,1779"/><Baseline points="1603,1815 1648,1812 1693,1812 1738,1815 1782,1815 1827,1815 1872,1818 1917,1818 1962,1818 2006,1821 2051,1821 2096,1821 2141,1821 2186,1824 2230,1824 2275,1827 2320,1827 2365,1827 2410,1827 2454,1830 2499,1830 2544,1830 2589,1830 2634,1830 2672,1830"/><TextEquiv><Unicode>mer le sentiment de plaisir que j’éprouvai en prenant</Unicode></TextEquiv></TextLine><TextLine id="tr_1778599017_tl_24" custom="readingOrder {index:24;}"><Coords points="1595,1884 2665,1892 2631,1839 1594,1834"/><Baseline points="1603,1872 1648,1863 1693,1863 1738,1866 1782,1866 1827,1866 1872,1869 1917,1869 1962,1872 2006,1872 2051,1872 2096,1875 2141,1875 2186,1878 2230,1875 2275,1878 2320,1878 2365,1878 2410,1881 2454,1881 2499,1881 2544,1881 2589,1881 2634,1884 2669,1887"/><TextEquiv><Unicode>possession de l’ile dont je venais de faire la découverte.</Unicode></TextEquiv></TextLine><TextLine id="tr_1778599017_tl_25" custom="readingOrder {index:25;}"><Coords points="1587,1919 2672,1945 2670,1892 1585,1891"/><Baseline points="1594,1917 1639,1917 1684,1917 1729,1917 1773,1920 1818,1920 1863,1920 1908,1920 1953,1923 1997,1923 2042,1926 2087,1926 2132,1926 2177,1926 2221,1926 2266,1929 2311,1929 2356,1932 2401,1932 2445,1932 2490,1935 2535,1932 2580,1935 2625,1935 2669,1938 2675,1938"/><TextEquiv><Unicode>Je me couchai à demi au pied d'un chêne qui s'élevait</Unicode></TextEquiv></TextLine><TextLine id="tr_1778599017_tl_26" custom="readingOrder {index:26;}"><Coords points="1590,1983 2665,1999 2628,1945 1590,1938"/><Baseline points="1597,1971 1642,1971 1687,1971 1732,1971 1776,1971 1821,1974 1866,1974 1911,1974 1956,1974 2000,1974 2045,1977 2090,1977 2135,1977 2180,1977 2224,1980 2269,1980 2314,1983 2359,1983 2404,1983 2448,1985 2493,1985 2538,1985 2583,1985 2628,1988 2669,1988"/><TextEquiv><Unicode>orgueilleusement au milieu de cette terre que des saules</Unicode></TextEquiv></TextLine><TextLine id="tr_1778599017_tl_27" custom="readingOrder {index:27;}"><Coords points="1587,2029 2660,2052 2611,1996 1587,1994"/><Baseline points="1594,2021 1639,2021 1684,2021 1729,2024 1773,2024 1818,2024 1863,2024 1908,2027 1953,2027 1997,2027 2042,2027 2087,2030 2132,2030 2177,2030 2221,2033 2266,2033 2311,2033 2356,2033 2401,2036 2445,2036 2490,2036 2535,2039 2580,2039 2625,2039 2663,2042"/><TextEquiv><Unicode>et des noisetiers entouraient d'un frais rideau. Nulle</Unicode></TextEquiv></TextLine><TextLine id="tr_1778599017_tl_28" custom="readingOrder {index:28;}"><Coords points="1590,2093 2650,2108 2650,2062 2449,2045 1590,2049"/><Baseline points="1597,2081 1642,2078 1687,2078 1732,2078 1776,2078 1821,2078 1866,2081 1911,2081 1956,2081 2000,2081 2045,2081 2090,2084 2135,2084 2180,2084 2224,2084 2269,2087 2314,2087 2359,2087 2404,2090 2448,2090 2493,2090 2538,2093 2583,2093 2628,2093 2654,2093"/><TextEquiv><Unicode>part la lecture ne pouvait être plus agréable; pour¬</Unicode></TextEquiv></TextLine><TextLine id="tr_1778599017_tl_29" custom="readingOrder {index:29;}"><Coords points="1587,2136 2662,2165 2646,2105 1587,2095"/><Baseline points="1594,2126 1639,2129 1684,2132 1729,2132 1773,2132 1818,2132 1863,2132 1908,2135 1953,2135 1997,2135 2042,2135 2087,2135 2132,2138 2177,2138 2221,2138 2266,2138 2311,2138 2356,2138 2401,2141 2445,2144 2490,2141 2535,2144 2580,2144 2625,2144 2666,2147"/><TextEquiv><Unicode>tant, s’il m’en souvient bien, je restai là plus d’une</Unicode></TextEquiv></TextLine><TextLine id="tr_1778599017_tl_30" custom="readingOrder {index:30;}"><Coords points="1590,2192 2654,2212 2653,2167 2607,2154 1590,2139"/><Baseline points="1597,2183 1642,2183 1687,2183 1732,2183 1776,2183 1821,2186 1866,2186 1911,2186 1956,2186 2000,2189 2045,2189 2090,2189 2135,2192 2180,2189 2224,2189 2269,2189 2314,2189 2359,2192 2404,2192 2448,2192 2493,2195 2538,2195 2583,2195 2628,2198 2657,2198"/><TextEquiv><Unicode>heure sans avoir rien lu. Le bruit des eaux, même</Unicode></TextEquiv></TextLine><TextLine id="tr_1778599017_tl_31" custom="readingOrder {index:31;}"><Coords points="1588,2245 2651,2266 2650,2212 1587,2196"/><Baseline points="1594,2233 1639,2233 1684,2236 1729,2236 1773,2236 1818,2236 1863,2236 1908,2239 1953,2239 1997,2239 2042,2239 2087,2242 2132,2242 2177,2242 2221,2242 2266,2242 2311,2242 2356,2242 2401,2245 2445,2248 2490,2248 2535,2248 2580,2248 2625,2248 2654,2248"/><TextEquiv><Unicode>lorsqu'il n'est qu'un léger clapotement, qu' un mur¬</Unicode></TextEquiv></TextLine><TextLine id="tr_1778599017_tl_32" custom="readingOrder {index:32;}"><Coords points="1575,2295 2654,2322 2634,2260 1575,2254"/><Baseline points="1582,2287 1627,2287 1672,2287 1717,2290 1762,2290 1806,2290 1851,2290 1896,2290 1941,2293 1985,2293 2030,2293 2075,2293 2120,2293 2165,2293 2209,2296 2254,2296 2299,2296 2344,2296 2389,2296 2433,2299 2478,2299 2523,2296 2568,2299 2613,2299 2657,2302"/><TextEquiv><Unicode>mure justement comparé au gazouillement des oi¬</Unicode></TextEquiv></TextLine><TextLine id="tr_1778599017_tl_33" custom="readingOrder {index:33;}"><Coords points="1577,2350 2661,2369 2661,2325 2562,2312 1577,2304"/><Baseline points="1585,2341 1630,2341 1675,2341 1720,2341 1764,2344 1809,2344 1854,2344 1899,2344 1944,2344 1988,2344 2033,2344 2078,2347 2123,2347 2168,2347 2212,2347 2257,2347 2302,2347 2347,2347 2392,2350 2436,2350 2481,2350 2526,2353 2571,2353 2616,2353 2660,2359 2663,2359"/><TextEquiv><Unicode>seaux, me cause toujours, dans les premiers moments,</Unicode></TextEquiv></TextLine><TextLine id="tr_1778599017_tl_34" custom="readingOrder {index:34;}"><Coords points="1587,2402 2664,2424 2664,2371 2540,2360 1587,2367"/><Baseline points="1594,2392 1639,2392 1684,2395 1729,2395 1773,2395 1818,2395 1863,2398 1908,2398 1953,2395 1997,2398 2042,2398 2087,2398 2132,2398 2177,2401 2221,2401 2266,2401 2311,2401 2356,2401 2401,2404 2445,2404 2490,2404 2535,2404 2580,2404 2625,2407 2666,2410"/><TextEquiv><Unicode>une sorte d’étourdissement de la pensée. Le sentiment</Unicode></TextEquiv></TextLine><TextLine id="tr_1778599017_tl_35" custom="readingOrder {index:35;}"><Coords points="1580,2447 2650,2479 2635,2418 1580,2410"/><Baseline points="1588,2445 1633,2445 1678,2445 1723,2448 1767,2448 1812,2451 1857,2451 1902,2451 1947,2451 1991,2451 2036,2451 2081,2451 2126,2451 2171,2451 2215,2451 2260,2454 2305,2454 2350,2454 2395,2454 2439,2457 2484,2454 2529,2457 2574,2457 2619,2460 2654,2457"/><TextEquiv><Unicode>vague que j’éprouve alors est comme un demi-som¬</Unicode></TextEquiv></TextLine><TextLine id="tr_1778599017_tl_36" custom="readingOrder {index:36;}"><Coords points="1575,2516 2634,2528 2634,2482 2573,2472 1575,2462"/><Baseline points="1582,2499 1627,2499 1672,2499 1717,2499 1762,2499 1806,2502 1851,2502 1896,2502 1941,2502 1985,2502 2030,2502 2075,2505 2120,2505 2165,2505 2209,2505 2254,2505 2299,2505 2344,2508 2389,2508 2433,2508 2478,2508 2523,2508 2568,2511 2613,2511 2637,2514"/><TextEquiv><Unicode>meil traversé de rêves souriants mais insaisissables.</Unicode></TextEquiv></TextLine><TextLine id="tr_1778599017_tl_37" custom="readingOrder {index:37;}"><Coords points="1622,2566 2628,2584 2651,2535 1621,2514"/><Baseline points="1630,2553 1675,2553 1720,2553 1764,2553 1809,2553 1854,2553 1899,2553 1944,2556 1988,2556 2033,2556 2078,2556 2123,2556 2168,2556 2212,2556 2257,2559 2302,2559 2347,2559 2392,2559 2436,2562 2481,2559 2526,2559 2571,2562 2616,2562 2654,2565"/><TextEquiv><Unicode>J’étais sous cette impression difficile à rendre, lors¬</Unicode></TextEquiv></TextLine><TextLine id="tr_1778599017_tl_38" custom="readingOrder {index:38;}"><Coords points="1580,2623 2660,2634 2643,2577 1580,2576"/><Baseline points="1588,2604 1633,2604 1678,2607 1723,2604 1767,2607 1812,2607 1857,2607 1902,2607 1947,2607 1991,2607 2036,2607 2081,2607 2126,2607 2171,2607 2215,2607 2260,2607 2305,2610 2350,2610 2395,2610 2439,2610 2484,2613 2529,2613 2574,2616 2619,2616 2663,2619"/><TextEquiv><Unicode>qu'un nouveau bruit me fit lever la tète et attira mes</Unicode></TextEquiv></TextLine><TextLine id="tr_1778599017_tl_39" custom="readingOrder {index:39;}"><Coords points="1575,2662 2660,2684 2639,2627 1575,2632"/><Baseline points="1582,2657 1627,2657 1672,2657 1717,2657 1762,2654 1806,2657 1851,2657 1896,2657 1941,2660 1985,2660 2030,2660 2075,2660 2120,2660 2165,2660 2209,2660 2254,2660 2299,2660 2344,2660 2389,2660 2433,2663 2478,2666 2523,2666 2568,2666 2613,2669 2657,2672 2660,2672"/><TextEquiv><Unicode>regards vers le point où la haie d’arbustes laissait un</Unicode></TextEquiv></TextLine><TextLine id="tr_1778599017_tl_40" custom="readingOrder {index:40;}"><Coords points="1575,2711 2647,2741 2657,2685 1573,2681"/><Baseline points="1582,2708 1627,2711 1672,2711 1717,2711 1762,2708 1806,2711 1851,2711 1896,2711 1941,2711 1985,2711 2030,2711 2075,2711 2120,2714 2165,2711 2209,2714 2254,2714 2299,2714 2344,2714 2389,2714 2433,2717 2478,2720 2523,2720 2568,2720 2613,2723 2657,2726 2660,2726"/><TextEquiv><Unicode>étroit passage. Je vis au-dessus du ruisseau, dont l'eau</Unicode></TextEquiv></TextLine><TextLine id="tr_1778599017_tl_41" custom="readingOrder {index:41;}"><Coords points="1575,2780 2654,2786 2630,2733 1575,2727"/><Baseline points="1582,2762 1627,2762 1672,2762 1717,2762 1762,2762 1806,2762 1851,2765 1896,2765 1941,2765 1985,2765 2030,2765 2075,2765 2120,2768 2165,2765 2209,2768 2254,2768 2299,2768 2344,2768 2389,2768 2433,2771 2478,2771 2523,2771 2568,2774 2613,2774 2657,2777 2660,2774"/><TextEquiv><Unicode>lui mouillait les pieds, une petite fille couchée sur le</Unicode></TextEquiv></TextLine><TextLine id="tr_1778599017_tl_42" custom="readingOrder {index:42;}"><Coords points="1573,2840 2657,2847 2656,2788 1572,2782"/><Baseline points="1579,2813 1624,2816 1669,2816 1714,2816 1759,2816 1803,2819 1848,2819 1893,2816 1938,2819 1983,2819 2027,2819 2072,2816 2117,2819 2162,2819 2206,2819 2251,2822 2296,2822 2341,2822 2386,2822 2430,2822 2475,2825 2520,2825 2565,2828 2610,2825 2654,2828 2660,2831"/><TextEquiv><Unicode>dos d’un chien de Terre-Neuve qui la transportait</Unicode></TextEquiv></TextLine><TextLine id="tr_1778599017_tl_43" custom="readingOrder {index:43;}"><Coords points="1572,2881 2650,2894 2650,2852 2573,2833 1572,2839"/><Baseline points="1579,2864 1624,2869 1669,2869 1714,2869 1759,2869 1803,2869 1848,2869 1893,2869 1938,2872 1983,2869 2027,2869 2072,2869 2117,2869 2162,2872 2206,2872 2251,2872 2296,2872 2341,2872 2386,2872 2430,2875 2475,2875 2520,2878 2565,2878 2610,2878 2654,2881"/><TextEquiv><Unicode>dans mon île. La tête de l’enfant reposait sur le large</Unicode></TextEquiv></TextLine><TextLine id="tr_1778599017_tl_44" custom="readingOrder {index:44;}"><Coords points="1573,2932 2660,2944 2658,2894 1572,2890"/><Baseline points="1579,2920 1624,2920 1669,2920 1714,2923 1759,2923 1803,2923 1848,2923 1893,2923 1938,2923 1983,2923 2027,2923 2072,2923 2117,2923 2162,2926 2206,2923 2251,2926 2296,2926 2341,2926 2386,2929 2430,2929 2475,2929 2520,2932 2565,2932 2610,2932 2654,2935 2663,2935"/><TextEquiv><Unicode>cou de l’animal et ses cheveux blonds, s'échappant</Unicode></TextEquiv></TextLine><TextLine id="tr_1778599017_tl_45" custom="readingOrder {index:45;}"><Coords points="1572,2988 2650,3003 2650,2944 1572,2935"/><Baseline points="1579,2974 1624,2971 1669,2974 1714,2974 1759,2974 1803,2974 1848,2974 1893,2977 1938,2974 1983,2974 2027,2977 2072,2977 2117,2977 2162,2977 2206,2977 2251,2980 2296,2980 2341,2980 2386,2983 2430,2983 2475,2983 2520,2986 2565,2986 2610,2986 2654,2989"/><TextEquiv><Unicode>en boucles soyeuses d'un modeste honnet de serge</Unicode></TextEquiv></TextLine><TextLine id="tr_1778599017_tl_46" custom="readingOrder {index:46;}"><Coords points="1565,3046 2565,3057 2642,3052 2642,3014 1564,2989"/><Baseline points="1573,3025 1618,3025 1663,3025 1708,3028 1753,3025 1797,3028 1842,3028 1887,3028 1932,3031 1977,3028 2021,3031 2066,3031 2111,3031 2156,3031 2201,3031 2245,3031 2290,3034 2335,3034 2380,3037 2424,3037 2469,3037 2514,3037 2559,3040 2604,3040 2645,3037"/><TextEquiv><Unicode>bleue, se mêlaient aux poils frisés de son robuste com¬</Unicode></TextEquiv></TextLine><TextLine id="tr_1778599017_tl_47" custom="readingOrder {index:47;}"><Coords points="1575,3095 2651,3106 2650,3052 1573,3047"/><Baseline points="1582,3082 1627,3079 1672,3079 1717,3079 1762,3079 1806,3079 1851,3079 1896,3082 1941,3082 1985,3082 2030,3082 2075,3082 2120,3084 2165,3084 2209,3084 2254,3087 2299,3087 2344,3090 2389,3090 2433,3093 2478,3093 2523,3093 2568,3093 2613,3093 2654,3096"/><TextEquiv><Unicode>pagnon. Celui-ci prit terre sans se préoccuper de moi.</Unicode></TextEquiv></TextLine><TextLine id="tr_1778599017_tl_48" custom="readingOrder {index:48;}"><Coords points="1564,3137 2647,3168 2646,3104 1562,3091"/><Baseline points="1570,3129 1615,3129 1660,3132 1705,3132 1750,3132 1794,3132 1839,3132 1884,3135 1929,3135 1974,3135 2018,3138 2063,3138 2108,3138 2153,3138 2198,3141 2242,3141 2287,3144 2332,3144 2377,3147 2422,3147 2466,3147 2511,3147 2556,3150 2601,3150 2645,3147 2651,3144"/><TextEquiv><Unicode>Pourtant, quand je m’approchai de la petite fille, qui</Unicode></TextEquiv></TextLine><TextLine id="tr_1778599017_tl_49" custom="readingOrder {index:49;}"><Coords points="1572,3195 2608,3221 2639,3168 1571,3138"/><Baseline points="1579,3183 1624,3183 1669,3186 1714,3183 1759,3186 1803,3186 1848,3186 1893,3189 1938,3189 1983,3189 2027,3192 2072,3192 2117,3195 2162,3195 2206,3195 2251,3198 2296,3198 2341,3198 2386,3198 2430,3201 2475,3201 2520,3201 2565,3201 2610,3198 2643,3198"/><TextEquiv><Unicode>s'était laissée déposer au milieu des touffes de nar¬</Unicode></TextEquiv></TextLine><TextLine id="tr_1778599017_tl_50" custom="readingOrder {index:50;}"><Coords points="1572,3243 2654,3271 2637,3210 1572,3201"/><Baseline points="1579,3240 1624,3240 1669,3240 1714,3240 1759,3240 1803,3240 1848,3243 1893,3246 1938,3246 1983,3246 2027,3246 2072,3249 2117,3249 2162,3249 2206,3249 2251,3249 2296,3252 2341,3252 2386,3255 2430,3255 2475,3255 2520,3255 2565,3255 2610,3252 2654,3252 2657,3252"/><TextEquiv><Unicode>cisses, le fidèle gardien fit entendre un marmure assez</Unicode></TextEquiv></TextLine><TextLine id="tr_1778599017_tl_51" custom="readingOrder {index:51;}"><Coords points="1565,3298 2645,3316 2612,3262 1565,3243"/><Baseline points="1573,3294 1618,3294 1663,3294 1708,3294 1753,3297 1797,3297 1842,3297 1887,3300 1932,3300 1977,3303 2021,3303 2066,3303 2111,3303 2156,3303 2201,3305 2245,3305 2290,3305 2335,3305 2380,3308 2424,3308 2469,3308 2514,3308 2559,3305 2604,3305 2648,3305"/><TextEquiv><Unicode>significatif et qui exprimait le soupçon. L'enfant, bien</Unicode></TextEquiv></TextLine><TextLine id="tr_1778599017_tl_52" custom="readingOrder {index:52;}"><Coords points="1569,3358 2353,3385 2588,3376 2642,3328 1568,3304"/><Baseline points="1576,3341 1621,3344 1666,3347 1711,3347 1756,3350 1800,3350 1845,3350 1890,3350 1935,3353 1980,3353 2024,3356 2069,3356 2114,3356 2159,3356 2203,3359 2248,3359 2293,3359 2338,3359 2383,3362 2427,3362 2472,3362 2517,3359 2562,3359 2607,3356 2645,3356"/><TextEquiv><Unicode>qu'elle essayât de sourire, me parut à son tour peu</Unicode></TextEquiv></TextLine><TextLine id="tr_1778599017_tl_53" custom="readingOrder {index:53;}"><Coords points="1565,3403 2627,3431 2645,3376 1564,3369"/><Baseline points="1573,3401 1618,3401 1663,3401 1708,3401 1753,3401 1797,3404 1842,3404 1887,3404 1932,3407 1977,3407 2021,3410 2066,3410 2111,3410 2156,3413 2201,3413 2245,3413 2290,3413 2335,3416 2380,3413 2424,3416 2469,3413 2514,3413 2559,3410 2604,3407 2648,3407"/><TextEquiv><Unicode>satisfaite de ma présence, et, d’un peu pâle qu’elle</Unicode></TextEquiv></TextLine><TextLine id="tr_1778599017_tl_54" custom="readingOrder {index:54;}"><Coords points="1557,3456 2523,3483 2641,3477 2642,3423 1556,3422"/><Baseline points="1564,3452 1609,3452 1654,3452 1699,3452 1744,3455 1788,3455 1833,3458 1878,3458 1923,3461 1968,3461 2012,3461 2057,3464 2102,3464 2147,3464 2192,3467 2236,3467 2281,3470 2326,3470 2371,3467 2416,3467 2460,3467 2505,3467 2550,3464 2595,3461 2640,3464 2645,3461"/><TextEquiv><Unicode>m'avait semblée tout à l'heure, elle devint toute rose</Unicode></TextEquiv></TextLine><TextLine id="tr_1778599017_tl_55" custom="readingOrder {index:55;}"><Coords points="1565,3515 2235,3549 2642,3518 2607,3469 1564,3471"/><Baseline points="1573,3509 1618,3506 1663,3509 1708,3509 1753,3509 1797,3512 1842,3512 1887,3512 1932,3515 1977,3515 2021,3518 2066,3518 2111,3521 2156,3521 2201,3524 2245,3524 2290,3521 2335,3521 2380,3521 2424,3521 2469,3518 2514,3515 2559,3512 2604,3512 2645,3515"/><TextEquiv><Unicode>en cherchant à ramener son jupon mouillé sur ses</Unicode></TextEquiv></TextLine><TextLine id="tr_1778599017_tl_56" custom="readingOrder {index:56;}"><Coords points="1569,3579 2315,3601 2639,3572 2639,3522 2242,3553 1568,3525"/><Baseline points="1576,3568 1612,3562 1657,3562 1702,3562 1747,3562 1791,3565 1836,3565 1881,3568 1926,3571 1971,3571 2015,3574 2060,3574 2105,3574 2150,3574 2195,3577 2239,3577 2284,3577 2329,3577 2374,3574 2419,3571 2463,3568 2508,3568 2553,3565 2598,3562 2643,3565"/><TextEquiv><Unicode>pieds nus. Je crus un instant que la peur l'empêchait</Unicode></TextEquiv></TextLine><TextLine id="tr_1778599017_tl_57" custom="readingOrder {index:57;}"><Coords points="1565,3628 1876,3667 2053,3635 2639,3662 2638,3583 2303,3613 1564,3578"/><Baseline points="1573,3616 1618,3616 1663,3616 1708,3619 1753,3619 1797,3622 1842,3622 1887,3625 1932,3625 1977,3628 2021,3628 2066,3631 2111,3631 2156,3631 2201,3631 2245,3631 2290,3631 2335,3631 2380,3628 2424,3625 2469,3622 2514,3619 2559,3619 2604,3619 2643,3619"/><TextEquiv><Unicode>de se lever : elle restait étendue, presque cachée</Unicode></TextEquiv></TextLine><TextEquiv><Unicode></Unicode></TextEquiv></TextRegion></Page></PcGts>