2939 4158
1583 140 1727 234 350
483 225 1605 295 lampe est un des plus jolis que j'aie vus depuis
481 292 1606 349 longtemps. Pour faire la paire, il faut quatre pièces
491 338 1599 398 de chenille laitonnée noire, six grenat, et huit paquets
486 401 1201 491 de graines noires pour les pistils.
541 448 1599 522 89, ABAT-JOUR-PLUME; cet ouvrage, que je t’avais
483 509 1603 580 annoncé le mois dernier, est la fureur du moment;
486 562 1602 633 on le retrouve de toutes les couleurs. Le nôtre est
491 619 1600 686 blanc et rose. Ces sortes d'abat-jour sont gracieux,
489 675 1599 746 légers, ainsi que l’indique leur nom, et projettent
496 729 1602 809 une clarté douce, moins triste que celle des abat-jour
489 780 1555 861 ordinaires; ils se placent sur le globe de la lampe.
538 836 1599 916 Commence par acheter un mètre quatre-vingts centi¬
483 911 1599 983 mètres de percaline lustrée, d'un rose très-vif, à 75
481 966 1599 1027 centimes le mètre, et vingt centimètres de percaline
475 1024 1602 1088 blanche; coupe le tout, dans la longueur, par bandes
483 1073 1599 1132 de trois centimètres; enlève les lisières, puis, effile
481 1130 1602 1189 ces bandes, de chaque côté également, dans toute leur
481 1184 1599 1249 longueur, en ne laissant au milieu que quatre fils; ici
481 1242 1593 1292 est la seule difficulté de cet ouvrage, par le soin qu'exi¬
488 1296 1599 1365 gent ces baudes, qui, une fois effilées, peuvent, au
481 1351 1596 1408 moindre faux mouvement, laisser échapper les quel¬
491 1399 1599 1465 ques fi's qui leur restent. Il faut donc, une fois
483 1459 1596 1518 la bande effilée, la prendre très-délicatement par les
481 1513 1599 1569 deux extrémités. A deux, cette petite opération se fera
483 1560 1599 1636 beaucoup mieux que seule; chacune prendra un
475 1617 1596 1679 bout, et toutes les deux, en même temps, tourneront
476 1683 1583 1750 la bande en dedans (comme pour une ganse) de ma¬
475 1731 1589 1789 nière à imprimer à cette bande une légère torsion
481 1784 1593 1848 qui retient les fils, et leur donne, avec une complète
481 1850 1587 1901 solidité, leur aspect de plumes et leur transparence
488 1891 1595 1953 diaphane. Les bandes une fois prêtes, tu les fixeras à
478 1945 1593 2007 un rond de carton, ayant vingt centimètres de cir¬
475 1997 1589 2064 conférence et deux de hauteur. Voici comment il faut
483 2058 1589 2127 procéder : tu placeras d’abord les bandes rose¬
483 2114 1587 2184 pliées, sur deux étages, l’un plus grand que l‘autre;
472 2166 1593 2235 le grand doit avoir vingt-cinq centimètres, le petit
483 2221 1589 2285 quinze; il faut neuf grandes bandes et sept petites.
469 2278 1595 2333 Entre chacun de ces doublees étages rose, tu en
483 2335 1587 2396 placeras un blanc, simple, ayant vingt centimètres
469 2386 1587 2450 de longueur. Préalablement, tu auras recouvert ton
469 2433 1583 2497 carton avec de la percaline rose. Quelques personnes
472 2489 1590 2553 ferment ce rond de carton à l’aide d’une agrafe, et
476 2550 1589 2611 préviennent ainsi un accident bien fréquent lorsqu’on
475 2604 1589 2667 pose son abat-jour sur une lampe allumée; avec ce
468 2659 1595 2736 système on évite de passer l'abat-jour par-dessus la
474 2713 1589 2790 cheminée. — Un bouchon assorti doit accompagner
475 2767 1595 2835 cet abat-jour. Prends un bouchon en liège dans
472 2814 1595 2898 les dimensions du verre de la lampe ; qu’il soit
462 2878 1580 2948 recouvert de percaline rose, et qu’une bande de sem¬
466 2925 1590 2989 blable percaline l’entoure dans le haut, où tu fixeras
472 2979 1585 3052 de petites bandes effilées; il en faut quatre roses
468 3038 1587 3115 doubles, ayant douze centimètres de longueur, et
471 3095 1593 3165 quatre blanches simples de huit centimètres; cela
474 3148 1582 3225 teminé, tu auras un anneau de rideau un peu grand,
466 3205 1589 3275 dissimulé sous un point de feston en coton rose, tu
469 3256 1583 3316 le coudras sur le milieu de ton bouchon, afin de le
475 3310 1375 3380 pouvoir mettre et ôter sans rien froisser.
519 3419 1592 3506 PRIE-DIEU EN TAPISSERIE; il se fait sur du canevas
474 3493 1586 3571 pénélope numéro 26 ; toutes lesnuances claires doi¬
482 3536 847 3626 vent être en soie.
526 3598 1596 3693 En supprimant les emblèmes religieux, ce dessin
482 3677 1589 3754 peut encore servir pour une chaise de Salon ou pour
474 3737 1587 3800 une chauffeuse. Il faut alors un canevas plus gros,
471 3791 1587 3888 numéro 22 ou 24. Entreprends bravement ce travail,
1696 220 2817 285 et tu auras à la fin une nouvelle preuve de cette vé¬
1694 290 2825 348 rité, qu'on s'expose à porter des jugements téméraires
1687 331 2820 404 en jugeant sur l'apparence. Au reste, je te promets
1682 385 2821 448 sous peu de mois de prendre de cet échec une écla¬
1686 441 2038 515 tante revanche.
1918 542 2596 632 DESCRIPATION DES GRAVUBES.
1730 672 2814 739 GRAVURE COLORIÉE. — Toilettes de visites. Robe nid
1692 720 2820 809 d'abeilles. Sur la jupe unie sont posés trois rubans
1687 789 2821 851 de velours, ayant un gland à chaque pointe. Corsage
1683 836 2817 919 sans basque, formant une pointe sur le devant, sur
1690 896 2815 973 les hanches et dans le bas du dos; la pèlerine berthe,
1693 960 2818 1030 est ornée de velours avec glands, et terminée par un
1690 1008 2817 1081 effilé en chenille. Les manches, composées d’un
1687 1064 2814 1135 bouffant et d’un volant très-haut, rappellent, par leur
1687 1125 2817 1191 garniture, le corsage et la jupe. Chapeau de velours
1690 1171 2820 1239 épinglé; au bord de la passe, une dentelle blanche
1684 1234 2817 1295 et une dentelle noire alternées; des velours, posés en
1687 1291 2807 1349 long, se perdent sous un chou dont les bouts retom¬
1684 1345 2814 1396 bent sur le bavolet, également garni de petites den¬
1682 1389 2825 1460 telles blanches et noires. Robe de laine épinglée, à
1682 1450 2817 1513 deux jupes; les velours qui se trouvent sur la jupe de
1682 1513 2821 1569 dessus ne sont point placés à plat sur l’étoffe, ni en
1684 1560 2820 1633 forme de quilles; ils sont là pour relier les lés, de
1682 1619 2821 1673 manière qu’entre chacun de ces velours, d’une largeur
1682 1672 2823 1744 de quatre centimètres et d'une longueur de huit, on
1690 1737 2824 1793 puisse apercevoir la jupe de dessous. Corsage à pointes
1682 1797 2814 1856 et sans basques; le revers est garni de velours;
1682 1834 2820 1903 manches grecques lacées de velours jusqu’à la sai¬
1687 1895 2813 1951 gnée. Chapeau de satin à fond fuyant, sur lequel est
1684 1955 2814 2011 une sorte de plateau formé par des carrés de velours
1676 2007 2815 2062 noirs, entourés de petites dentelles. En dessous de la
1687 2055 2408 2132 passe, fleurs éxotiques en velours.
1729 2145 2807 2214 GRAVURE NOIRE.—Toilettes de jeunes femmes pour la
1679 2206 2804 2261 ville et pour chez soi. Robe de satin à deux jupes gar¬
1684 2259 2807 2326 nies de ruches de ruban, de nœuds-papillon en ve¬
1677 2309 2811 2386 lours et de dentelle. Corsage à longues basques égale¬
1674 2369 2808 2437 ment ornées de dentelles. Manches cornes d'abon¬
1682 2413 2808 2477 dance, garnies de ruches et de nœuds de velours.
1676 2475 2807 2557 Chapeau de velours uni avec une touffe de plumes;
1677 2522 2637 2599 en dessous de la passe, des fleurs aquatiques.
1716 2586 2807 2656 Robe de chambre en cachemire, ornée d’un galon
1676 2619 2811 2714 et de boutons de velours; col et manchette en batiste
1684 2691 2811 2764 piquée, garnis d’une petite guipure; dans les cheveux,
1676 2748 2241 2833 nœuds de velours épinglé.
1904 2864 2576 2954 COIFFURE DE LA JEUNE PERSONNE.
1721 2961 2815 3046 Comme on le voit sur notre planche, la nouvelle
1674 3029 2808 3111 mode, la coiffure à frisures indéfrisables, com¬
1676 3096 2798 3155 mence à être adoptée par les jeunes personnes; pour
1677 3145 2798 3222 renseigner exactement nos abonnées, sur la manière
1679 3189 2807 3270 de la reproduire, nous ne saurions mieux faire que
1679 3249 2807 3323 de publier les instructions que M. Croisat, inventeur
1677 3296 2807 3389 de la frisette et créateur de la mode nouvelle, a bien
1680 3365 2322 3437 voulu nous donner; les voici :
1726 3422 2803 3486 « C'est un grand avantage que de pouvoir, à l’aide
1676 3477 2803 3553 des frisettes, boucler ses cheveux, tant longs soient-ils,
1677 3524 2804 3606 sans avoir besoin de les couper, ni de les épointer !
1680 3580 2804 3655 Ainsi, une jeune personne peut essayer de la mode
1677 3644 2801 3715 nouvelle, et reprendre, le lendemain, sa coiffure
1679 3698 2803 3757 ordinaire si le nouveau système ne lui convient pas,
1687 3750 2814 3805 puisqu'elle n'a pas eu à faire le sacrifice d'un seul
1683 3805 2807 3878 de ses cheveux. En outre l'invention des frisettes rend
