2897 4318
1246 271 1373 355 309
249 356 1256 416 « Mon Dieu ! mon Dieu! s'écriait-il dans son dé¬
213 410 1266 472 sespoir; qu'est-ce que j'ai donc fait à mademoiselle
210 469 1261 531 Rose pour qu’elle me rudoie ainsi ? Qu’est-ce qu‘on
207 520 1261 577 a donc pu lui dire contre moi qui obéis à toutes ses
213 569 1260 637 volontés? Il faudra que j’éclaircisse cela demain ma¬
215 626 1260 685 tin ; mais c’est bien injuste et il y a quelque chose
207 676 725 733 là-dessous, j’en suis sûr. »
249 725 1254 782 Pendant toule la nuit, Rose ne pensa qu’à la con¬
213 778 1262 837 versation qu'elle avait eue pendant la fête; elle ne
207 829 1254 892 rêva que de Paris, de son luxe, de ses fêtes, des suc¬
213 879 1257 936 cès qu'elle y obtiendrait ; l'amour-propre et la co¬
210 931 1250 986 quetterie, ces deux mauvais conseillers, lui mon¬
205 983 1261 1051 traient un avenir certain de plaisirs et de succès; on
207 1033 1254 1100 croit si facilement ce qu’on désire! Ce monsieur si
213 1089 1260 1150 poli, si galant, qui n’avait pu cacher son admiration
206 1142 1257 1198 en voyant la jolie fermière de Saint-Saturnin, serait
201 1194 1254 1249 un parti bien plus flatteur, bien plus avantageux
209 1246 1260 1306 pour elle que ce modeste Joseph, qui, au bout du
202 1298 1248 1347 compte, n’était qu’un petit fermier, qui ne pouvait
202 1347 1252 1408 offrir à sa femme qu’une existence monotone, calme,
207 1400 1257 1458 il est vrai, mais était-ce à comparer à la vie brillante
202 1446 1252 1500 de la capitale? C’est sur ce vaste théâtre qu’il serait
205 1494 1248 1551 beau, qu’il serait glorieux de se montrer avec tous
194 1560 1248 1620 ses avantages, et d’obtenir un triomphe d‘autant plus
205 1601 845 1665 précieux qu'il était plus difficile.
239 1656 1250 1714 Ce fut sous l’impression de ses illumins de la nuit
205 1712 1245 1772 que Rose sortit le matin de sa petite chambre; la pre¬
198 1762 1254 1817 mière personne qu’elle rencontra dans la cour, fut
201 1813 1252 1874 Joseph. Le pauvre garçon avait rôdé toute la matinée
196 1867 1242 1918 autour de la ferme en se torturant l’esprit pour dé¬
205 1921 1250 1972 couvrir la cause du dédain de Rose. Il s’approcha
202 1967 561 2030 timidement d’elle.
237 2018 1240 2089 « Mademoiselle Rose, qu’est-ce que vous aviez hier
202 2069 689 2128 contre moi aux Aubiers?
297 2119 1242 2177 Moi? et que voulez-vous que j’aie contre vous?
297 2175 1254 2234 Dame, il fallait bien que vous ayez quelque
205 2226 1248 2289 chose, car moi qui ai été pour ainsi dire élevé avec
205 2282 1238 2333 vous, vous m'avez rudoyé comme un étranger mal¬
196 2326 375 2393 honnête.
315 2373 1253 2447 Vous êtes venu me chercher pour danser quand
205 2427 1238 2492 j’étais priée, je vous ai refusé; je ne vous ni pas ru¬
201 2480 504 2547 doyé pour cela.
242 2540 1236 2591 —Vous ne vous en êtes pas aperçue, mademoiselle,
198 2594 1234 2663 mais moi ça m'a fait bien de la peine, allez! Je pen¬
196 2645 959 2699 sais qu'au point où nous en sommes...
251 2699 1246 2764 — Comment, au point où nous en sommes! mais il
196 2745 1242 2805 me semble que nous en sommes au point ou nous
194 2789 1253 2856 avons toujours été, nous étions voisins, nouS le
196 2848 774 2905 sommes encore, et voilà tout.
297 2891 1008 2971 Cependant, votre père m’avait dit...
291 2946 1241 3020 Mon père, mon père n'a rien pu vous promettre
196 3006 1242 3074 de positif, il ne s’engagera jamais sans me consulter;
196 3056 1232 3133 ne vous taguez donc pas de ce qu’il a pu vous dire.
258 3103 1234 3173 — Je ne me targue pas du tout, mademoiselle, seu¬
194 3144 1226 3225 lement j’avais cru que vous qui êtes si bonne, si ai-
207 3204 1240 3274 mable, quand vous le voulez, vous auriez pitié d'un
201 3247 1242 3338 pauvre garçon qui ne peut avoir d'autre tort que de
206 3304 1233 3388 vous être bien attaché, et d’avoir eu la vanité de pen¬
206 3349 432 3407 ser que... »
245 3399 1244 3481 En ce moment, l’étranger de la veille parut à la
203 3463 1242 3535 porte de la ferme; un paysan qui le suivait, portait
198 3507 1236 3591 tout son attirail de peintre, chevalet, toile, boîte à
194 3567 1233 3647 couleurs, etc. A son aspect, Rose devint toute rouge
198 3608 845 3673 et elle dit avec vivacité à Joseph.
230 3676 1236 3745 « C'est bien, en voilà assez, retirez-vous, je n'ai
192 3712 678 3787 rien de plus à vous dire.
1448 372 2398 455 Ah oui, je vois ce que c’est ; c‘est le danseur
1342 424 2403 497 d'hier. Tenez, mademoiselle Rose, vous serez cause
1338 479 2398 559 d'un grand malheur, et vous vous en repentrez un
1346 521 1440 597 jour.
1387 560 2399 646 — C'est possible, mais laissez-moi, je n'ai pas le
1342 622 2019 698 temps d’écouter vos jérémiades. »
1382 686 2397 751 Après avoir prononcé ces dures paroles, Rose
1342 739 2394 798 s’avança d’un air gracieux vers l’étranger et l‘intro¬
1345 786 2402 857 duisit près de son père, qui était dans une salle basse
1345 839 2201 900 occupé à donner des ordres à des ouvriers.
1383 887 2401 960 « Mon père, lui dit-elle, voici le monsieur dont je
1341 944 2398 1005 vous ai parlé hier soir, et qui vient vous demander
1341 992 2068 1065 la permission de faire mon portrait.
1426 1045 2401 1119 Soyez le bien venu, monsieur, vous ne pouviez
1343 1107 2401 1164 pas me faire une proposition plus agréable; il y a
1345 1153 2395 1213 longtemps que j’ai envie d’avoir le portrait de cette
1345 1208 2397 1265 espègle-là; ce sera pour moi une consolation quand
1341 1262 2387 1329 elle me quittera, car enfin la voilà en âge de se ma¬
1333 1299 1430 1362 rier.)
1393 1357 2397 1427 — Je ferai de mon mieux pour réussir, monsieur,
1330 1415 2397 1470 et je l'espère, quoique je ne me dissimule pas la diffi¬
1329 1470 2393 1528 culté que je vais avoir à reproduire sur la toile ces
1334 1519 2391 1584 traits fins et délicats, cette physionomieS.S.
1342 1563 2394 1628 qui s’empreint avec tant de mobilité de toutes les
1339 1621 2397 1674 sensations qu’éprouve le cœur; mais enfin, je vous le
1330 1672 2386 1732 répète, monsieur, je ferai de mon mieux pour réus¬
1330 1714 1456 1772 sir. »
1381 1774 2385 1830 En peu d’instants tout fut prêt pour se mettre à
1330 1823 2385 1879 l’ouvrage; Rose ne pouvait contenir sa joie; elle pre¬
1330 1878 2391 1931 nait au sérieux tous les compliments de l’artiste, qui
1330 1936 2386 1992 était installé à la ferme et travaillait toute la journée
1333 1972 2379 2050 à ce portrait qu'il soignait avec un goût tout particu¬
1330 2020 1423 2084 lier.
1381 2077 2383 2147 Pendant ces longues séances, la conversation ne
1329 2139 2382 2200 languissait pas : Paris, ses plaisirs, son faste, en fai¬
1329 2188 2387 2241 saient tous les frais. L’artiste se plaisait à indiquer à
1334 2241 2378 2297 Rose la coiffure qui lui allait le mieux, le sourire
1333 2293 2382 2350 qui prêtait le plus de malice à sa physionomie, le
1323 2345 2214 2399 regard qui donnait le plus d'éclat à ses yeux.
1371 2393 2385 2450 Rose caressait toujours sa chimère, elle se voyait
1333 2433 2385 2503 déjà au milieu de Paris, dans ce monde dont on lui
1335 2496 2382 2551 vantait les merveilles; elle en était arrivée à ce point
1334 2543 2385 2616 d’illion qu’elle se persuadait que le portrait n’était
1333 2600 2375 2657 qu’un prétexte inventé par l’étranger pour être admis
1330 2647 2373 2716 à la ferme, et la copie qu’il en faisait, un moyen d’y
1335 2700 1761 2766 prolonger son séjour.
1370 2746 2375 2804 Le portrait de Rose fut exposé à la curiosité pu¬
1330 2801 2382 2861 blique, il fut trouvé très-ressemblant par les papas et
1321 2853 2378 2915 les jeunes gens; il fut trouvé flatté par les jeunes
1333 2907 2375 2962 filles. Il va sans dire que dans le pays on avait un peu
1327 2962 2377 3020 causé sur cette prétention d’avoir son portrait, on avait
1323 3010 2373 3066 un peu médit sur ce qu’on appelait ces longs tête à
1330 3060 2375 3123 tête, et cela d’autant plus volontiers que Rose avait
1323 3112 2373 3184 pris avec ses compagnes un air de supériorité et de
1318 3171 2015 3235 détain qui les blessait vivement.
1365 3207 2365 3280 Cependant, l’étude que l‘étranger avait faite d’après
1318 3264 2370 3340 le portrait de Rose allait être terminée, et celui-ci ne
1323 3320 2371 3392 parlait pas; Rose attribuait son silence à la timidité, et
1321 3366 2365 3430 elle attendait. Un matin que l’artiste était allé dans
1321 3430 2365 3481 les environs étudier quelques sites pittoresques, une
1323 3470 2367 3527 voiture s’arrêta à la porte de la ferme, il en descendit
1318 3511 2092 3579 une jeune dame et un joli petit garçon.
1366 3571 2369 3635 « N'est-ce pas ici, dit-elle en s'adressant à Rose, la
1318 3624 1811 3695 ferme de Saint-Saturnin?
1371 3680 2298 3732 — Oui, madame, qu'y a-t-il pour votre service?
1402 3736 2358 3816 - Oh ! je vois bien que je ne me trompe pas, c'est
