2822 3966
1512 135 1575 208 4
473 189 1487 295 brusque renversa sa balance à or. Tout son corps
473 289 667 344 tremblait.
512 342 1491 388 « Voyez, dit vivement Nicole, quelle agitation vous
473 381 1493 457 causez à mon pauvre mari! Ne rougissez-vous pas de
469 438 1128 512 tenir ici des discours calomnieux?
568 467 1489 553 Madame, répondit Matsys, c’est au fond de votre
473 533 1493 596 cœur que vous jugerez ma conduite, et votre cœuf
475 578 1481 646 vous dira si j’ai été un calomniateur. Mais, rassurez-
474 627 1424 704 vous; je ne réclame rien, je n’ai besoin de rien. »
512 695 895 764 Ici Krukker respira.
512 707 1489 790 « Pardon, reprit son neveu, j’ai quelque chose à
470 790 813 856 vous demander. »
506 833 1415 898 Le front de Krukker se rembrunit visiblement.
506 883 1487 952 « Voyons, dit Nicole, cherchant un compromis, si
462 943 827 1017 ce n’est pas trop...
560 999 1475 1051 J’aime une jeune fille bonne, belle et malheu¬
463 1046 794 1109 reusement riche.
560 1107 1479 1161 Malheureusement?... répétèrent les deux époux
463 1149 819 1215 d’un air dubitatif.
565 1195 1487 1251 Oui, car c’est un obstacle de plus à ce que mes
463 1263 1495 1308 vœux soient exaucés. C’est la fille du peintre Van
461 1308 1491 1365 Hoëf, chez qui j’ai étudié le dessin pendant quelques
461 1359 578 1419 mois.
565 1408 1491 1464 Van Hoëf! s’écria maître Krukker; une de mes
458 1455 657 1520 pratiques.
553 1504 1491 1569 Je le sais, mon oncle ; aussi vous sera-t-il aisé de
461 1555 717 1620 me seconder.
560 1606 990 1681 En quoi, je vous prie?
508 1657 543 1712 —
544 1655 1493 1718 — En apprenant à M. Van Hoëf que je suis votre
461 1709 1419 1774 parent et en vous portant garant de ma conduite.
551 1759 1487 1815 — Mais s’il s‘imaginait que nous pouvons contribuer
450 1814 1264 1866 à ce mariage par des sacrifices d’argent...
541 1868 1289 1919 Je ne lui en laisserais point la pensée.
541 1911 1493 1987 - Eh bien! mon garçon, présentez votre requête
461 1971 1258 2028 et nous l’appuierons de toutes nos forces.
560 2017 1284 2068 Ah! mon oncle, que vous êtes bon! »
500 2069 1493 2137 Et Matsys embrassa avec feu ce vieillard à la peau
455 2119 1266 2179 parcheminée, et froide comme le marbre.
508 2171 1495 2236 « Je ne vous retiens pas, dit Krukker; vous avez
451 2223 1484 2279 hâte, je gage, de frapper à la porte de M. Van Hoëf.
553 2274 1493 2336 Certes, oui,» répondit Matsys, qui prit congé du
451 2310 1483 2387 digne couple et se retira précipitamment, l’âme rem¬
451 2389 1446 2441 plie de ces illusion qui à vingt ans peuplent la vie.
492 2436 1481 2503 A peine Krukker fut-il remonté auprès de sa femme,
458 2470 822 2536 qu’il dit vivement :
499 2524 1487 2610 « Donne-moi mon chapeau, mon manteau et ma
461 2575 592 2638 canne.
552 2625 1342 2698 Où allez-vous? demanda Nicole inquiète.
543 2678 1488 2747 Chez M. Van Hoëf. Peste! Il n’est que temps.
450 2730 1487 2802 Notre gaillard pourrait s’autoriser de nous pour conter
450 2781 1479 2863 son affaire et se représenter comme notre héritier.
450 2832 1472 2910 C’est déjà trop que d’avoir à avouer un neveu forge
450 2891 1493 2955 ron... Forgeron! quelle flétrissure!... s’il revient, ne
450 2932 1477 3013 manque pas de lui dire toujours, à travers le guichet,
463 2993 1484 3067 que je suis sorti et ne rentrerai point de la journée. »
936 3098 990 3161 II
495 3185 1491 3252 Au moment où Quantin, après avoir revêtu son
459 3239 1487 3315 plus beau justaucorps et s’être attifé de son mieux,
454 3292 1488 3368 se dirigeait vers la demeure de M. Van Hoëf, celui-ci,
450 3331 1487 3423 tenant sa pipe à la main, reconduisait maître Jacob
450 3390 1472 3462 Krukker qui venait de lui faire visite. Tout en descen-
451 3443 1475 3519 dant l’escalier, l‘orfévre résumait avec autant de cha¬
445 3484 1481 3595 leur que de précision les arguments qu’il avait déjà
447 3534 919 3622 longuement développés.
1626 187 2628 297 « Ainsi, disait-il, c’est bien entendu, vous m’avez
1578 286 2609 353 compris, n’est-ce pas? je me suis suffisamment ex¬
1583 331 1779 404 pliqué?...
1685 375 2625 455 Oui, oui, » répondit le peintre en souriant et le
1575 443 2189 492 poussant un peu vers la porte.
1616 484 2257 556 L’avare fit volte-face et s’arrêta.
1620 524 2613 588 « Dieu me garde, reprit-il, de prétendre exercer
1571 590 2609 646 sur vous une influence que rien ne justifierait. A coup
1575 635 2604 703 sûr, monsieur Van Hoëf, vous êtes maître de vos ac-
1575 683 2573 749 tions, et personne n’a à vous dicter votre conduite.
1677 745 2618 811 En ce cas ne vous en préoccupez pas tant, mon
1574 790 1762 860 cher amí.
1671 847 2613 905 Seulement, qu’il soit parfaitement établi que si
1578 900 2613 960 ce jeune homme — honnête du reste et un peu mon
1569 950 2616 995 allié — s’autorise de ma parenté avec lui pour vous
1581 995 2624 1055 demander votre fille en mariage, ce ne sera point moi
1575 1059 2602 1104 qui l’aurai encouragé à cette démarche présomp-
1575 1101 2609 1160 tueuse; qu’au contraire, je l’en ai fortement dis-
1567 1152 2626 1222 suadé, et qu’il n’a pas un florin à attendre de moi
1575 1194 2159 1260 pour appuyer ses prétentions.
1671 1250 2616 1318 Je ne crois pas, en effet, que vous soyez homme
1581 1297 2135 1357 à lui prodiguer les largesses.
1669 1358 2628 1416 - Eh! le pourrais-je, juste ciel ! avec toutes les
1578 1403 2609 1465 charges qui pèsent sur moi!... Tenez, que vous di-
1575 1455 2609 1513 sais-je? j’aperçois mon gaillard à l’angle de la rue
1575 1508 2616 1566 sûrement il vient ici. Est-ce que vous allez le rece-
1582 1559 1677 1626 voir?
1677 1610 1962 1676 Pourquoi pas?
1623 1665 2616 1716 — Moi je tourne de l’autre côté : j’aime mieux évi-
1578 1713 2613 1771 ter les explications; car elles prennent du temps d’a-
1578 1762 2238 1831 bord, puis elles aigrissent l’esprit.
1615 1819 2625 1869 Maître Jacob Krukker releva soigneusement le pan-
1575 1869 2626 1925 de son manteau pour s’en couvrir le visage, comme si
1575 1923 2628 1983 un avare pouvait jamais réussir à se cacher, trahi
1577 1971 2629 2035 qu’il est inévitablement par ce maintien craintif, ce
1581 2021 2634 2086 pas inégal, ce regard inquiet, traduction visible d’une
1578 2073 1888 2141 pensée sordide.
1622 2125 2628 2191 Quentin n’eut donc pas de peine à le reconnaître.
1616 2186 2614 2246 « Il m’avait précédé, pensa-t-il. Sera-ce un avan¬
1575 2228 2535 2279 tage pour moi? N’importe, je ne reculerai pas. »
1616 2285 2616 2344 Le jeune homme frappa à la porte qui, trois mi-
1569 2334 2628 2399 nutes auparavant, s’était refermée sur maître Krukker.
1577 2379 2622 2449 Au bout de quelques instants, la servante vint ouvrir.
1620 2436 2628 2499 Maître Van Hoëf avait déjà repris sa place de repos
1575 2491 2629 2554 entre son large poêle et sa table de chêne, où un pot
1578 2540 2613 2605 de bière, un vase en faïence émaillée, rempli de tabac
1569 2584 2630 2653 des feuilles de papier, des crayons et une Bible lui
1578 2640 2629 2696 tenaient compagnie. Sa fille Gertrude, installée près
1569 2689 2628 2760 de lui sur une chaise basse au dossier de bois noir
1575 2749 2618 2813 sculpté en spirale, brodait au canevas un bel ouvrage
1567 2790 2628 2862 de tapisserie, destiné à être offert à la cathédrale. De
1569 2846 2620 2914 temps à autre, entre deux bouffées de fumée, l’artiste
1575 2911 2628 2961 adressait à sa fille quelques paroles auxquelles elle
1571 2951 2606 3027 répondait avec une grâce et une cordialité char¬
1569 3000 1733 3061 mantes.
1615 3049 2625 3128 Avez-vous étudié parfois dans les chefs-d’œuvre des
1570 3098 2618 3181 Miéris, des Terburg, des Metzu, des Gérard Dow, ces
1567 3157 2626 3229 natures fraîches et calmes de Flamandes, avec leurs
1571 3210 2628 3283 cheveux blonds relevés et ornés de perles, leurs bras
1575 3267 2628 3324 arrondis, leur corsage de velours cramoisi, garni d’un
1567 3317 2628 3380 tour de dentelle, leur jupe de soie et leurs mules à
1569 3368 2622 3426 talons? — Telle était Gertrude, véritable diamant de
1570 3413 2114 3487 la maison du vieux peintre
1611 3467 2625 3541 La servante écarta discrètement la tapisserie qui
1566 3520 2614 3589 masquait la porte et annonça qu’un visiteur deman-
1563 3573 2430 3658 dait à être introduit auprès de M. Van Hoëf.
