2907 4318
1342 106 1448 181 11
1412 176 2527 303 chère enfant! Si tu manques un ou deux matins à me
1408 246 2518 350 donner de l'eau, je serai patiente comme tu es pa-
1415 314 2532 408 tiente, j’attendrai, et tu ne me verras pas la mine
1412 380 2510 460 moins joyeuse. Je travaillerai aussi comme tu tra¬
1419 427 2529 523 vailles, jetant moi-même ma graine en terre et sans
1412 495 2522 582 que tu y mettes la main. Que ferai-je de plus pour
1415 542 2532 631 toi? Tu n'es pas seulement couturière, Babet, tu es
1417 610 2529 673 cuisinière: Eh bien! cueille mes boutons, prends mes
1415 666 2529 739 graines, mets-moi en salade, baigne-moidans le vi¬
1415 718 2539 793 naigre, change-moi en conserves ; ce n’est pas assez
1419 765 2532 835 d’orner ta fenêtre, de réjouir tes yeux, je veux encore
1419 821 2147 899 donner du piquant à ton dîner ! »
1469 882 2266 960 N’est-ce pas là la poésie de la réalité?
1471 934 2529 1011 Le frère Louis, humble capucin, dévoué au service
1417 995 2543 1065 des pestiférés, a fourni à M. Violeau le sujet d’une
1429 1051 2543 1117 étude biographique curieuse et touchante. C’est une
1427 1105 2539 1168 œuvre filiale et pieuse que de rappeler la mémoire de
1419 1164 2536 1227 ces obscurs bienfaiteurs de l’humanité, dont les actions
1419 1227 2532 1286 admirables et le saint dévouement ont été ensevelis,
1429 1274 2522 1340 pendant leur vie, sous le voile de l’humilité chré¬
1419 1337 2522 1396 tienne, et, après leur mort, sous le linceul de l’ingra
1419 1387 1839 1445 titude et de l’oubli.
1469 1450 2541 1499 La mystérieuse légende de Cesson porte bien le ca¬
1429 1502 2541 1553 chet de la Bretagne; la foi et la mélancolie de ces
1429 1549 2543 1614 Bretons, dont l’âme est pleine de tristesse, respirent
1431 1602 2539 1668 dans ce morceau, qui perdrait à être analysé
1429 1659 2548 1722 L'Homme du Yunn Ellé est une étude de mœurs qui
1427 1713 2550 1778 se termine par une parabole, frappante image de nos
1436 1774 2539 1839 vœux, de nos affections, de nos plaisirs tour à tour
1419 1835 2543 1886 ravis par la main du temps. Le volume de M. Violeau
1431 1879 2539 1947 a le défaut d’être court : c’est la conversation d‘un
1427 1936 2529 2008 ami qui ne laisse jamais d’amerlume après elle. Heu¬
1427 1983 2550 2055 reusement, l’auteur promet un second volume, et il
1427 2041 2541 2109 fait mieux encore, puisque cela nous regarde plus
1427 2102 2541 2168 directement, il nous promet pour 1857 quelques
1429 2156 2041 2243 Nouvelles pour notre Journal.
181 155 1319 256 vrage de M. Violeau, leur poète de prédilection. Il est
178 246 1319 319 de ceux dont les écrits, trop rares, ne laissent jamais
178 307 1316 371 de prise au doute ni au soupçon; les pages qui sortent
181 364 1319 434 de sa plume peuvent être mises sous tous les yeux et
171 427 1321 486 lues à tous les foyers, et les craintes, les hésitations qui
178 486 1319 549 viennent souvent nous assaillir, au moment de vous
178 544 1319 603 indiquer un nouveau choix pour vos lectures, ces
181 596 1319 662 craintes, dictées par la conscience, disparaîtraient, si
183 652 1319 718 un plus grand nombre d’auteurs daignaient, comme
178 706 1314 784 lui, épurer leur talent pour le rendre utile à la jeu¬
183 772 317 845 nesse.
225 824 1337 885 Le nouveau volume de M. Violeau renferme deux
183 880 1314 943 nouvelles, une biographie et deux légendes. La Fer¬
190 938 1330 1007 mière de Kerlain est une étude de caractères, prise
199 995 1335 1061 dans les mœurs de la Bretagne, et dont la moralité
192 1046 1328 1114 est applicable à tous les pays. Le portrait de Marianna,
195 1105 1335 1190 la fermière, cette femme si dévouée à un époux dur
190 1168 1328 1234 et ingrat, sa belle vie, sa mort sublime, sont racontées
192 1220 1330 1283 avec infiniment de charme. Il y a de bien jolies pages
202 1281 1330 1344 dans la Mansarde du Père Comtois, et la pauvrete
195 1330 1340 1412 honnète et laborieuse s’y trouve peinte avec des traits
197 1391 1330 1452 qui la feraient envier. Nous citerons quelques lignes
197 1443 1326 1511 fraîches et charmantes qui nous reviendront en mé¬
199 1502 1330 1574 moire lorsque nous verrons d’húmbles fleurs orner
199 1553 901 1642 la fenêtre d’un quatrième étage.
249 1624 1337 1671 «La capucine est la fleur de l’ouvrière, et puisque
206 1668 1340 1736 c’est du Pérou qu’elle nous vient, le Péron a donné
202 1734 1328 1809 aux pauvres une part de ses richesses. Quoi de plus
202 1795 1340 1849 riant que la capucine? On dirait qu’elle veut cacher
206 1844 1335 1900 à la mansarde ce que le jour peut avoir de sombre,
211 1891 1335 1959 le lendemain de menaçant, en encadrant la fenêtre
211 1945 1347 2013 de fleurs abondantes et gaies comme l’aurore dont
206 1999 1330 2065 elles empruntent le vif éclat. Babet a bien des occu-
216 2053 1340 2140 pations diverses ; il n’est pas impossible qu’elle oublie
216 2119 1328 2194 parfois d’arroser sa plante, qu’elle néglige de la rem
216 2168 1349 2248 placer à temps par une nouvelle graine. — Bah !
214 2227 1351 2327 bah! dit la capucine, ne t’inquiète pas de moi, ma
441 2428 2325 2609 ORIGINE DU NOM DES RUES DE PARIS
1007 2640 1790 2787 LA RUE DES DEUX-ÉCUS (1)
774 2956 817 2986 I
282 2989 1290 3121 UN MOT D'HISTOIRE A PROPOS D'AIGUILLES.
282 3099 1354 3207 Voici un titre de nature à éveiller la curiosité de
225 3184 1351 3275 nos lectrices, et qui, placé en tête de cette histoire du
228 3240 1344 3315 nom de la rue des Deux-Écus, semblerait y rattacher
237 3299 1351 3374 l’invention beaucoup plus ancienne, puisqu’elle se
244 3346 1354 3433 perd dans la nuit de l’antiquité, d’un petit outil si utile
246 3400 1342 3491 et qui permet d’accomplir tant de merveilleux travaux
237 3451 1351 3522 Notre ambition ne s’élève pas si haut ; notre tâche
256 3512 1351 3583 plus modeste se bornera à fournir l’explication de ce
244 3566 1349 3641 mystérieux Y qui décore la devanture des magasins
291 3693 1358 3770 (1) Le Journal des Demoiselles a déjà publié l’origine du
251 3752 1356 3810 nom des rues du Puits qui parte, des Marmousets, de la
251 3803 1316 3869 Verrerie, aux Curs, de la Huchette, Saint-André-des-Arts.
1441 2895 2543 2984 de mercerie, et que des fabricants d’aiguille ont même
1431 2959 2222 3027 adopté pour leur marque de fabrique.
1480 2984 2541 3083 Qui n’a passé rêveur devant cette lettre d’or, ou
1431 3052 2546 3137 tout au moins peinte des couleurs les plus vives, en
1431 3106 2529 3196 se demandant quel symbole elle représente, quel rap-
1441 3149 2546 3243 port secret peut exister entre elle et le commerce de
1436 3214 2541 3296 l’aiguillerie, qui, au moyen âge, avait donné son nom
1429 3275 2546 3365 à une rue de Paris, sans que les boutiques, — car on
1431 3329 2541 3402 n’avait pas encore inventé les magasins, — sans que
1436 3374 2541 3470 les boutiques de cette rue fissent apparaître les deux
1431 3440 2534 3519 cornes menaçantes d'un gigantesque Y. En deux mots,
1436 3494 2534 3580 nous donnerons à nos lectrices le mot de cette énigme,
1438 3555 2541 3627 qui n’est autre chose qu’une corruption de langage,
1431 3592 2485 3693 origine d’une foule de mois dans le français usuel.
1480 3646 2541 3733 Autrefois l’aiguille ou l‘aiguiIlette, car ceux qui la
1448 3695 2539 3792 vendaient s’appelaient, indifféremment, maitres ai¬
1438 3749 2536 3857 guilliers ou aiguilletiers, s’était d’abord nommée lie¬
