2897 4318
1144 273 1356 389 — 321 —
805 541 1698 669 HISTOIRE ET CHONIQUE
1226 756 1308 786 DE
620 854 1878 1058 LA POÉSIE FRANÇAISE
258 1120 2232 1245 Depuis ses plus anciens monument jusqu’à l’époque de Malkerke.
473 1595 1999 1715 TROISIÈME PÉRIODE DU MYEN AGE. — École Gauloise.
1046 1757 1428 1866 (Treizième article.)
566 1981 743 2065 VILLON
256 2077 802 2163 Peu de Villens en bon savoir,
258 2149 815 2235 Prou de Villons pour décevoir.
165 2208 1179 2306 Telle est l’épigraphe dont Marot a fait précéder son
123 2272 1169 2370 édition des œuvres de maître François Villon... maî¬
123 2346 1181 2419 tre, en effet, au regard de toute notre ancienne poé¬
126 2407 1169 2466 sic... et maître aussi, malheureusement, dans l'art
123 2446 1162 2525 beaucoup moins sublimé de la pince et du croc, pour
116 2498 1002 2589 employer encore des expressions marotiques.
162 2538 1172 2621 Cette épigraphe est, en abrégé, l’histoire complète
118 2589 1167 2683 de ce vaurien de génie, également célèbre par son
118 2656 1167 2744 immense talent poétique et sa trop grande adresse de
116 2705 244 2774 main.
160 2725 1157 2826 Il naquit à Paris, en 1430, de parents plébéiens,
116 2818 1154 2897 pauvres et obscurs, comme il nous l'apprend lui¬
108 2875 800 2954 même dans son Grand Testament:
246 2929 825 3027 Pauvre je suis de ma jeunesse,
236 2995 1024 3079 De pauvre et de petite extracte (extraction);
241 3057 884 3150 Mon père n'eut onc grand’ richesse,
244 3099 748 3158 Ni son aïeul, nommé Érace.
244 3143 997 3241 Pauvreté tous nous suit et trace (traque) ;
246 3192 861 3261 Sur les tombeaux de mes ancêtres,
244 3229 842 3308 Les âmes desquels Dieu embrasse,
244 3278 903 3387 On n’y voit couronnes ni sceptres (1).
148 3360 1144 3456 Sa mère, à la requête de laquelle il composa une
103 3394 1152 3510 de ses ballades, adressée à la Vierge, était une simple
96 3478 1144 3557 ménagère, une bonne femme du peuple, ne sachant
106 3517 1144 3608 ni lire ni écrire. Mais elle savait prier, et c’est la plus
101 3571 1142 3667 belle de toutes les science humaines. Voici comment
135 3707 1130 3842 (1) Prononcez scètres, comme l’indique la rime avec an¬
96 3761 217 3849 cêtres.
251 3812 861 3938 VINGT-CINQUIÈME ANNÉE. — N° XI.
1265 1984 2323 2082 il la fait parler, dans la ballade à laquelle nous ve¬
1270 2053 1740 2146 nons de faire allusion :
1378 2129 2058 2232 Femme je suis pauvrette et ancienne,
1378 2208 2070 2282 Et rien ne sais; oncques lettre ne lus;
1373 2257 2107 2328 Au moûtier vois, dont suis paroissienne,
1381 2309 2070 2368 Paradis peint, où sont harpes et luths,
1378 2353 2242 2412 Et un enfer où damnés sont boullus (échaudés) :
1371 2395 2112 2461 L’un me fait peur ; l’autre, joie et liesse.
1373 2442 2045 2503 La joie avoir fais-moi, haute déesse,
1371 2501 2058 2552 A qui pécheurs doivent tous recourir,
1368 2542 2085 2602 Comblés de foi, sans feinte ni paresse...
1366 2589 2028 2653 En cette foi je veux vivre et mourir!
1292 2656 2309 2759 Il aimait sa mère, ce sacripant! quoique, par sa
1250 2742 2240 2818 mauvaise conduite, il lui causât bien de la peine :
1578 2830 1939 2909 Ma bonne mère...
1383 2887 1994 2949 Qui pour moi eut douleur amère
1386 2936 2016 3017 (Dieu le sait!) et mainte tristesse !
1285 3020 2294 3091 Si pauvre que fût la famille de Villon, elle n’épargna
1238 3086 2296 3148 rien pour son éducation. Mais il ne profita guère d’une
1240 3133 2287 3195 telle sollicitude, et s’il se distingua dans les écoles, ce
1231 3182 2289 3249 fut surtout par des espégleries qui ne tardèrent pas
1236 3234 2287 3296 à prendre un autre nom. Vieux, il regretta bien des
1231 3293 2294 3352 fois les égarements de sa jeunesse. Hélas ! il n'était
1240 3342 2284 3416 plus temps ! « A quoi bon, disaient les anciens, à quoi
1228 3387 2235 3465 bon fermer l'étable quand les bœufs sont sortis? »
1386 3451 1866 3552 Hé Dieu ! si j’eusse étudié
1386 3495 1954 3589 Au temps de ma jeunesse folle,
1386 3576 1856 3635 Et à bonnes mœurs dédié,
1383 3623 1954 3675 J’eusse maison et couche molle.
1378 3670 1967 3741 Mais quoi ! moi, je fuyais l’école,
1381 3716 1969 3788 Comme fait le mauvais enfant...
1378 3761 1831 3830 En écrivant cette parole,
1381 3788 1957 3889 A peu que le cœur ne me feud !
2044 3895 2087 3926 21
