2897 4318
1276 155 1385 211 373
192 198 1241 279 cula point; elle entra dans l’eau jusqu’au-dessus des
196 263 1248 322 genoux, et atteignit ainsi la demeure où la malade
191 317 1245 393 languissait sans secours. Elle la pansa, la soigna, Ia
183 366 1248 431 fit manger, lui laissa des vivres et des remèdes, et
198 423 1232 492 pendant le séjour des eaux dans les rues, elle recom¬
183 485 1231 541 mença plusieurs fois ce pénible voyage. Marie de H...
184 532 1229 595 mourut victime de la charité : en soignant des ma¬
183 569 1237 643 lades, elle contracta le typhus, auquel elle succomba
186 623 1240 700 pleine d'un calme céleste, et son convoi, suivi par les
184 684 1240 751 pauvres en larmes, ressemblait à un triomphe. Une
184 733 1239 790 autre jeune fille, bien connue dans le nord et dans
187 779 1231 838 l’est de la France, qu’elle a tour à tour habités, ma¬
183 833 1227 895 demoiselle Adèle Des Essarts, se privait de tout, por¬
179 883 1233 951 tait des robes raccommodées, de vieux chapeaux, des
179 936 1233 1005 chaussures rapiécées, pour pouvoir habiller quelques
180 997 1229 1057 enfants pauvres de plus, pour donner quelques dou¬
176 1037 1239 1115 ceurs à de pauvres vieilles femmes... Tout Paris, le
178 1093 1229 1154 Paris charitable, pleure encore madame la marquise
171 1149 1227 1217 Le Bouteillier, qui passait sa vie à visiter les pauvres,
178 1196 1231 1256 que l’on a vue passer à genoux leurs plaies et leurs
176 1257 1227 1320 ulcères... Et dernièrement, les journaux racontaient
168 1306 1223 1371 la mort d’une femme qui, jouissant d‘une assez
176 1349 1224 1426 grande fortune, avait tellement restreint ses besoins,
171 1408 1220 1462 qu’elle ne vivait que d’un peu de pain et de trois
170 1466 1217 1521 tasses de lait par jour... Tout son superflu était le pa¬
171 1508 603 1576 trimoine des pauvres.
211 1562 1227 1627 Ce sont là de grands exemples, mais tous ne sont
178 1622 1221 1690 pas appelés à pratiquer la charité à un degré surhu¬
180 1670 1227 1727 main d’abnégation et d‘héroïsme. Voyons donc, mon
171 1724 1224 1785 Albertine, ce que nous pouvons faire dans la sphère
171 1772 1227 1830 modeste où nous nous trouvons placées. Je ne parlerai
171 1816 1225 1882 pas des aumônes particulières, la circonstance les fait
164 1881 1212 1943 naître, et le cœur les dicte; c’est un malade du voisi¬
168 1927 1215 1984 nage auquel il faut du vin et du bouillon; une pauvre
166 1975 1215 2037 femme qui demande une layette, que l’on taille à la
164 2029 1208 2099 hâte dans ses restes de toile et de flanelle; un vieil¬
166 2073 1220 2141 lard à qui l’on envoie régulièrement du pain, un peu
175 2130 1220 2207 de bois ou de charbon, quelque desserte de la table;
168 2182 1212 2244 c’est une infortune soudaine, chômage, maladie, acci¬
168 2237 1214 2302 dents, qui met une honnête famille aux abois et à la¬
164 2289 1212 2362 quelle on pourvoit par une aumône abondante ; tout
167 2349 1215 2410 ceci, c’est la monnaie courante de la charité ; mais je
164 2395 1219 2460 crois que dans certaines positions qui obligent, il est
158 2451 1214 2512 bon d’appartenir à quelques œuvres publiquement,
166 2493 1208 2565 établies, de les soutenir par son zèle et sa présence,
159 2549 1206 2603 et de profiter des bons exemples qu'on peut y ren¬
163 2605 1215 2668 contrer. Grâce à Dieu, ces œuvres sont nombreuses
158 2658 1206 2720 en France : monsieur votre père fait partie de la so¬
159 2696 1207 2761 ciété de Saint-François Régis, qui pourvoit au ma¬
168 2752 1206 2822 ringe des indigents; Gustave, lorsque ses études se¬
162 2809 1216 2875 ront finies, pourra choisir entre la Conférence de
158 2866 1200 2918 Saint-Vincent-de-Paul, dévouée à la visite des pau¬
168 2908 1196 2972 vres, ou le Patronage des jeunes enfants, que l'on sur
168 2960 1203 3036 veille et que l’on instruit; ou l‘Œuvre des militaires,
162 3008 1211 3076 à qui des hommes zélés enseignent la religion et les
164 3070 1206 3134 éléments des science. Vous-même, plus tard, vous
162 3122 1210 3175 serez dame de charité, et vous visiterez les pauvres
162 3171 1202 3236 malades; vous vous occuperez des veuves et des vieil¬
159 3207 1196 3278 les filles indigentes, ou vous patronerez et surveille¬
168 3263 1210 3337 rez les Asiles de l'enfance, ou vous appartiendrez à la
168 3318 1210 3370 Charité maternelle, qui pourvoit aux besoins des mè¬
163 3365 1203 3443 res et des nouveaux nés. Les jeunes filles ont aussi
158 3412 1194 3491 leurs œuvres. Dans plusieurs villes, elles se rassem¬
164 3462 1206 3546 blent une ou deux fois par semaine, et travaillent en
162 3524 1210 3593 commun à des vêtements destinés aux pauvres. Une
162 3576 1203 3655 cotisation légère, fournie chaque mois, permet d’a¬
1333 243 2361 334 cheter le calicot, la futaine, les indiennes avec les¬
1332 284 2366 369 quels ont fait des chemises, des jupons et des ca¬
1329 342 2366 427 misoles. C'est une aimable et bonne idée que celle-là,
1325 393 2362 491 puisqu’elle a le mérite de consacrer à la fois aux
1332 450 2365 524 pauvres notre temps, notre argent et le travail de nos
1318 501 2365 573 mains, et de leur fournir des vêtements conformes à
1317 540 2362 637 leur condition, bien préférables, pour la bonne grâce,
1325 592 2367 687 le bon usage et la convenance, aux vieilles robes, au
1317 639 2365 728 linge fin et usé, provenant de votre garde-robe, que
1322 702 2353 769 vous pourriez leur donner. L'Œuvre des jeunes Eco¬
1321 753 2355 820 nomes s'adresse encore aux jeunes filles : riches, ai¬
1317 794 2358 883 mées, heureuses, elles consacrent aux jeunes filles
1320 849 2365 922 pauvres, aux apprenties, exposées à tant de périls, un
1320 908 2363 975 peu de temps et un peu, très-peu d’argent. Chaque
1313 960 2358 1044 associée paie cinq centimes par semaine et se charge
1310 1013 2353 1081 de recueillir dix souscriptions semblables, soit vingt¬
1306 1068 2347 1129 six francs par an. Avec ces petites sommes, dîme lé¬
1312 1122 2355 1180 gère prélevée sur l’onéreux impôt de la toilette, on
1312 1174 2350 1239 crée des ouvroirs, où les filles pauvres acquièrent
1306 1212 2354 1292 l’instruction chrétienne et la connaissance d’un état,
1306 1277 2357 1347 et où elles sont à l’abri de tous les dangers qui
1317 1324 2350 1394 pourraient les menacer. Que de bien s’opère par
1314 1377 2349 1447 cette charitable institution, due tout entière à des
1317 1416 2351 1503 jeunes filles ! et quelle est l’enfant aimée d’une
1305 1473 2357 1553 heureuse famille qui ne pourrait trouver dans sa
1298 1521 2350 1594 bourse, dans celle de ses parents, de leurs vieux
1308 1578 2353 1631 amis, les vingt-six francs qui sauveront tant de pau¬
1308 1633 2354 1707 vres enfants de la faim, des séductions du vice et qui
1309 1688 2350 1745 en feront d'honnêtes ouvrières et de bonnes mères de
1300 1733 2343 1793 famille? Voilà une œuvre bien tentante pour vous et
1309 1784 2342 1851 pour Octavie. Si elle existe dans votre ville, tâchez de
1308 1846 2342 1907 vous y associer bien vite; si elle n’est pas connue,
1300 1887 2334 1950 n’oseriez-vous pas l’entreprendre, aidée de quelques¬
1302 1944 2343 2007 unes de vos amies? Je vous enverrais les documents
1293 1984 1540 2048 nécessaires.
1349 2029 2347 2107 Les jeunes filles entreprennent quelquefois des
1298 2089 2334 2162 œuvres plus considérables encore. Je me souviens d’a¬
1302 2153 2347 2210 voir vu, il y a quelques années, à Anvers, un hôpital
1300 2194 2342 2264 destiné aux jeunes enfants, et soutenu par la charité
1298 2253 2346 2312 d’une société de jeunes filles. Quelques mères jouaient
1297 2304 2346 2361 seulement, parmi elles, le rôle de conseillères. Elles
1301 2354 2342 2418 avaient loué une maison avec un beau jardin; on
1298 2404 2333 2464 avait placé dans des salles propres et salubres des lits
1297 2458 2332 2511 et des berceaux en fer; deux ou trois religieuses fai¬
1293 2511 2334 2569 saient le service; un bon médecin donnait des soins
1300 2562 2329 2610 gratuits, et chaque jour, une jeune personne, mem¬
1297 2606 2326 2664 bre de la petite société, passait les heures de la mati¬
1290 2654 2332 2712 née et de l’après-dinée à l‘hôpital. Elle allait de salle
1296 2706 2341 2765 en salle, comme un bon ange, consolant les petits
1297 2755 2332 2813 malades, jouant avec les convalescents, qui la tiraient
1288 2808 2329 2870 familièrement par la robe; faisant dîner les enfants,
1293 2865 2329 2912 ayant soin que tous récitassent leurs prières, et dans
1293 2912 2329 2967 les moments perdus, travaillant au linge de la maison.
1300 2962 2329 3015 C’était simple et charmant, et cet établissement si
1288 3009 2321 3066 utile, où les enfants aimés, soignés, étaient si heu¬
1288 3064 2328 3121 reux qu’ils pleuraient quand, la guéison venue, il
1282 3122 2326 3174 fallait sortir, cet établissement modeste se soutenait
1288 3174 2322 3237 par les cotisations des jeunes personnes de la ville et
1293 3211 2320 3284 par quelques concerts qu’elles organisaient au profit
1290 3272 2324 3337 de leur œuvre. La toilette et les fantaisies y perdaient
1288 3321 2179 3381 peut-être, mais les petits enfants y gagnaient.
1342 3366 2326 3431 Vous le voyez, chère Albertine, les jeunes filles, en
1285 3422 2326 3481 s'associant, peuvent faire beaucoup de bien, et, ne
1282 3467 2322 3530 l'oubliez pas, il y a beaucoup de bien à faire. Les pau¬
1285 3532 2322 3586 vres sont si nombreux et leurs misères si profondes !
1282 3577 2322 3647 Tâchez de les soulager, et par les aumônes secrètes,
