2840 4318
1240 240 1312 320 61
119 330 1227 397 art de lire sans art, avec agrément et précision, art si
124 394 1221 460 précieux toujours et surtout pendant les soirées de
123 435 1224 500 l’hiver; donc, aux jeunes gens le cours de lecture
120 488 1220 544 peut rendre service, mais à eux seulement, puisque
117 534 1214 593 nous, dans nos familles, nous lisons ; mais le cours de
117 576 1213 643 déclamation, quelle est sa raison d’être ? qu’ajoutera-
117 623 1224 686 t-il au cours de lecture ? le geste, l’emphase? S’il est
120 661 1219 729 destiné aux personnes du monde, le geste et l’em¬
120 720 1217 787 phase sont de trop; la simplicité, la justesse, la clarté,
126 773 1214 825 voilà, il me semble, les qualités du bon lecteur, qua¬
112 811 1217 869 lités qu’il appartient au cours de lecture de dévelop¬
120 864 1209 914 per ou de faire naître ; quant au geste et à l'emphase.
112 911 1214 967 encore dans une certaine mesure, cela me paraît ne
115 952 1217 1015 regarder que l’acteur et l‘orateur, et j’en conclus,
117 1008 1217 1058 malgré M. Ballande, que c’est uniquement à ces deux
112 1051 1217 1104 sortes de personnes que le cours de déclamation
116 1087 398 1156 s’adresse.
165 1146 1216 1209 Je me suis interrompue, mon amie, pour aller vi¬
120 1196 1214 1248 siter l’intéressante collection des objets rapportés des
112 1235 1217 1298 régions polaires par Son Altesse Impériale le prince
116 1284 1217 1349 Napoléon. Ces objets sont disposés avec méthode dans
117 1333 1217 1386 plusieurs salons du palais du prince : les échantillons
137 1385 1202 1445 géologiques d’une part, et ils sont nombreux; de
120 1427 1206 1480 l’autre des costumes islandais habillant des manne¬
120 1472 1210 1527 quins que l’on est tenté de saluer, tant l‘imitation
112 1520 1202 1569 est exacte ; puis, à côté de jouets d’enfants et de vio-
112 1558 1203 1621 lons indigènes, des miniatures de huttes d’Esqui¬
113 1610 1206 1683 maux; trois de leurs vêtements complets sur man¬
103 1650 1207 1726 nequins aussi ; des pirogues très-remarquables, ser¬
119 1702 1199 1769 vant à la pêche du phoque, trésor de ces contrées :
110 1750 1202 1813 c’est qu’en effet, de la peau du phoque, les Esqui¬
105 1810 1202 1856 maux font leurs habits, leurs embarcations, recou¬
120 1849 1210 1915 vrent leurs huttes; de ses muscles , ils tissent des
113 1892 1206 1965 cordes; enfin, ils mangent sa chair, boivent son sang,
117 1943 1213 1998 et brûlent l’huile abondante qu’ils retirent de son
116 1983 242 2040 corps.
152 2032 1210 2100 Le prince, dit-on, destine toutes ces richesses au
105 2078 1147 2138 Muséum d’histoire naturelle ; tu les y retrouveras.
158 2121 1199 2197 Maintenant, prends nos planches, nous avons,
117 2177 1168 2236 comme tu vois, de nombreuses richesses à étudier.
166 2215 1202 2291 1 et 2, COL ET MANCHETTE dont tu peux reproduire
113 2258 1206 2339 le dessin de trois manières différentes : la première
112 2324 1198 2391 serait de l’exécuter tel que je te l‘envoie ; la seconde,
116 2362 1188 2432 en supprimant la guipure et brodant le tout au plu¬
109 2411 1188 2471 metis fin sur mousseline; et enfin, la mousseline se¬
105 2461 1202 2520 rait remplacée par du tulle crêpe, et le plumetis par
109 2503 1199 2563 du feston, à part les tiges et nervures; dans les deux
103 2536 1196 2611 derniers cas, les jours variés dans les fleurs et leurs
109 2584 948 2655 boutons doivent toujours être conservés.
154 2647 1199 2708 3, Seme, broderie anglaise pour fond de bonnet de
98 2693 731 2746 nuit ou du matin, très-simple.
147 2742 598 2810 4, A. L., plumetis fin.
157 2795 1193 2865 5, D. M. enlacés; pour broder au plumetis sur linge
102 2822 1192 2939 de table, soit avec du coton blanc, soi avec dn coton
103 2883 342 2953 de couleur.
152 2932 1202 3040 6, Bouquet pour semé, ayant le même emploi que
98 2979 493 3066 celui du numéro 3.
152 3027 1193 3119 7, Fanchon. Ce dessin, fidèle imitation des vraies
99 3077 1185 3170 dentelles, se brode en application sur tulle de
109 3130 1188 3217 Bruxelles; je t’engage à varier les jours autant que ton
109 3175 1189 3252 talent te le permettra, c’est à la fois moins monotone
103 3224 1185 3301 et bien plus joli. Pour monter cette fanchon, qui
98 3279 1184 3357 sera, je pense, destinée à ta mère ou à une jeune
98 3316 1185 3399 femme de tes amies, tu devras la disposer sur un
103 3362 1178 3445 petit fond de bonnet, l’ornant ensuite de rubans ou
101 3424 1178 3494 de fleurs, suivant le degré d’élégance que tu voudras
92 3453 587 3519 donner à cette coiffure.
140 3495 1174 3582 Le croquis de la planche de janvier numéro 60,
103 3548 1181 3620 pourra te venir en aide pour cette monture; si les
87 3594 1168 3666 barbes de la fanchon te semblaient un peu longues,
87 3640 1173 3717 il te serait très-facile de les diminuer; à l’endroit
85 3682 1167 3763 le plus étroit, tu pourrais supprimer un médaillon,
87 3736 876 3791 sans rien enlever à la grâce du dessin.
130 3787 1173 3858 8, D. M. Ce chiffre est assorti à celui de la planche
85 3821 1175 3905 d’août; il se fait soit au plumetis, soit an feston
85 3861 402 3933 feuille de rose.
1360 337 2446 412 9, Bouquet pour semé; toujours même emploi que
1318 398 1847 465 ceux des numéros 3 et 6.
1365 439 2440 503 10, PETITE GARNITURE, feston feuille de rose et oeil¬
1311 502 2434 555 lets ombrés, pouvant servir à divers objets de trous-
1314 549 1743 623 seaux et de layettes.
1353 615 1882 702 Ici finit la petite édition.
1363 683 2430 756 11, Écusson pour mouchoir, renfermant les lettres
1321 743 2426 832 C. M.; plumetis, feston et æillets ombrés ; les jours
1304 806 1835 871 ne sont point de rigueur.
1358 843 1937 925 12, SEMÉ, broderie anglaise.
1363 897 2412 960 13, MOITIÉ D'UNE MANCHE BOUILLON. Ce dessin à co¬
1307 935 2412 1015 lonnes pyramides est du plus charmant effet, tu le
1304 988 2416 1065 broderas tout au plumetis, ou bien avec mélange de
1316 1045 2408 1124 plumetis et de feston, sur mousseline ou tulle crêpe.
1312 1098 2419 1160 Quand je te parle d’une moitié, je me trompe : le fond
1307 1142 2405 1206 du bouillon ne devant avoir que cinq pyramides, tu
1309 1192 2402 1266 comprends que la plus grande des trois qui forment
1305 1242 2412 1308 notre dessin doit se trouver au milieu ; il est bien
1311 1286 2401 1356 entendu que la partie mince se place dans le bas,
1318 1332 2412 1402 près des fronces, pas tout au bord pourtant, car ton
1304 1386 2408 1445 travail se trouverait alors caché par la manchette du
1305 1428 2409 1486 numéro 14, qui accompagne le bouillon. Le bord de
1304 1466 2412 1539 la manchette sera entouré d’une petite guipure un
1305 1523 2402 1588 peu ondée ; mais un simple feston ne ferait pas mal.
1351 1555 1963 1622 14, DESSIN DE LA MANCHETTE.
1357 1620 2405 1690 15, DESSIN pour le bord d’un rochet ou pour le
1300 1657 2405 1736 tour du cou d’une étole. Es-tu satisfaite de ces lis et
1298 1709 2404 1799 de ces roses, que je t’engage à broder au plumetis
1300 1755 1491 1827 très-fin ?
1353 1818 2398 1895 16 et 17, COL et MANCHETTE. Ce dessin doit se broder
1298 1868 2397 1933 sur jaconas double; il se place en dessous d’un our¬
1301 1912 2398 1982 let piqué, haut à peu pres d’un centimètre; si tu
1308 1965 2400 2028 veux suivre le caprice du moment, tu choisiras du
1300 2017 2397 2072 coton bleu, rose, lilas, rouge, voire même noir. Sur
1301 2056 2381 2123 de la mousseline, ce dessin, qui se fait tout au plu¬
1300 2100 2383 2173 metis simple, serait encore tres-joli; alors, tu borde¬
1302 2151 2393 2223 rais le col et les manches soit d’un feston, soit de’une
1300 2187 2032 2267 petite dentelle, après un point turc.
1342 2229 2384 2311 18, GARNTURE assortie au col et à la manchette.
1293 2279 2393 2352 La grecque seule ferait un charmant entre-deux que
1300 2332 2393 2409 l’on pourrait alterner avec des entre-deux de guipure
1293 2379 1677 2444 ou de valencienne.
1342 2430 1818 2499 19, J. H., plumetis fin.
1336 2483 2012 2553 20, Zélie, plumetis et point turc.
1344 2536 1776 2608 21, Léonie, plumetis.
1354 2595 2105 2651 22, Nisa dans un écusson, plumetis.
1337 2657 1834 2713 23, S. D. M., plumetis.
1336 2703 1931 2781 24, N. de L. L. P., plumelis.
1336 2749 1929 2817 25, C. de L. L. P., plumetis.
1337 2805 1761 2876 26, H. D., plumetis.
1339 2861 2388 2932 27, H. L. enlacés, plumetis, pour service de table.
1349 2912 1754 2989 28, Y. P., plumetis.
1336 2956 1937 3031 29, Nadine, plumetis simple.
1332 3023 1938 3090 30, J. E. de P., plumetis fin.
1329 3080 1820 3154 31, Joséphine, plumetis.
1322 3125 2373 3200 32 et 33, DEVANT et pos d’un corsage décolleté, à
1284 3179 2376 3242 taille plate, sans basques, légèrement pointu devant
1282 3228 1522 3293 et derrière.
1323 3276 2369 3339 34, PATRON DE LA MANCHE COURTE; elle est composée
1276 3332 2365 3386 d’un bouillonné et de deux petits volants; le premier
1286 3375 2370 3449 volant qui tient au bouillonné est marqué sur la plan-
1276 3422 2064 3480 che, dans toute la longueur du patron.
1318 3473 2047 3526 35, LE CROQUIS DU CORSAGE terminé.
1318 3523 2362 3582 36, PATRON DE LA BERTHE ANTOINETTE OU FICHU RIS¬
1275 3571 2367 3642 TORI, devant accompagner ce corsage; il se fait de la
1272 3608 2365 3688 même étoffe que la robe, ou en dentelle, blanche ou
1269 3668 2362 3731 noire, et alors il peut aller sur toutes les robes. Pour
1283 3712 2366 3770 jeune fille, la mousseline, le tulle brodé ou le crêpe
1269 3762 2359 3819 blanc remplace les dentelles; ainsi, un fichu de la
1266 3803 2366 3868 forme que je t’envoie, en crêpe blanc, dont le fond
1265 3857 2362 3910 serait plissé, et le tour garni d’un haut effilé gaufré,
1258 3898 2356 3962 serait d’un charmant effet. Tu pourrais le placer
