2822 3966
1602 145 1703 224 86
559 204 1608 292 quels bons ridicules nous affuble cette passion si
558 278 1024 348 délicatement ménagée!
605 302 1606 388 Quant aux dîners que M. votre père se propose de
559 372 1600 444 donner, ils demanderont de vous un rôle plus actif.
635 433 1602 494 Votre toilette sera la même, mais un peu plus
564 480 1602 554 sévère. Je suppose que vous aurez consacré votre
554 538 1591 596 matinée à arranger les fruits, le dessert; à disposer
554 592 1593 668 le vins, puisque vous êtes cellérière; vous aurez
559 643 1591 699 donné un coup d’œil au couvert, un autre à la cui¬
559 694 1588 749 sine, et surveillé l’arrangement du feu et la disposi¬
555 731 1593 798 tion des lumières : tous ces soins regardent la bonne
554 787 1596 860 ménagère, et comme je désire vivement que mon
547 835 1585 902 Albertine mérite ce titre, je vais entrer dans quel¬
547 895 1585 956 ques détails. Je suppose que vous receviez douze con¬
547 935 1588 998 vives : deux lampes, placées aux deux bouts de la
535 991 1591 1046 table, suffiront amplement à l’éclairage: vous ferez
544 1042 1592 1101 disposer sur la table six carafes à eau, six carafes à
542 1096 1591 1160 vin, remplies de vin ordinaire; six petites salières et
544 1148 1593 1219 poivrières; chaque convive aura quatre verres, un
544 1209 1588 1262 pour le vin de Madère, un pour le vie de Bordeaux,
539 1259 1580 1310 un pour le vin d’entremets, un pour le Vin de Cham¬
544 1305 1576 1370 pagne. On placera à droite du convive couteau, four¬
535 1356 1582 1418 chette et cuiller, et non l’un à droite et l‘autre à
535 1421 1582 1473 gauche, ainsi que je le vois faire quelquefois. Ayez
539 1464 1581 1515 soin que les couverts soient rangés sur une ligne tirée
535 1508 1570 1563 au cordeau; que les carafes, les salières, les moutar¬
535 1563 1582 1628 diers, les hors-d’œuvre, soient également disposés
539 1617 1587 1678 avec symétrie et que tout l’ensemble du couvert offre
532 1670 1581 1725 un aspect agréable et régulier. Vous savez qu’à moins
527 1717 1576 1784 d’une grande intimité, on ne sert plus la soupière;
529 1774 1581 1835 on trouve le poiage tout servi dans les assiettes au
529 1821 1576 1883 moment où l’on entre dans la salle à manger, et le
532 1874 1580 1938 premier service, le relevé et les entrées, est disposé
527 1931 1578 1983 sur la table, à moins qu’on ne préfère servir à la
524 1981 1576 2038 russe, alors le dessert seul figure sur la table, disposé
527 2035 1581 2088 d’une manière élégante, et les mets sont découpés
525 2086 1574 2157 sur une petite table, par les gens de service, et offerts
527 2131 913 2195 par eux à la ronde.
580 2180 1570 2242 Vous ferez bien, chère Albertine, de consulter
524 2228 1566 2298 votre père sur la place à assigner aux convives : ce
517 2295 1571 2356 choix n’est pas indifférent, et quand vous aurez réglé
517 2339 1573 2408 ensemble ce voisinage d’une heure, vous écrirez, de
517 2394 1566 2464 votre jolie écriture, les noms de vos invités, sur des
514 2437 1562 2508 cartes que vous déposerez au-dessus de chaque ser¬
520 2498 647 2567 viette.
562 2555 1573 2615 Quand vous aurez ainsi veillé aux soins de votre
511 2605 1566 2671 empire, et que vous serez habillée, ainsi qu’Octavie,
511 2662 1577 2718 vous vous rendrez au salon un peu avant l’heure où
517 2716 1560 2764 vous attendez vos convives. Vous céderez votre fau-
507 2763 1577 2834 teuil du coin de la cheminée à la première dame qui
507 2819 1577 2892 arrivera, et, vous asseyant auprès d’elle, vons tâcherez
506 2869 1570 2925 de soutenir doucement la conversation, toujours lan¬
509 2922 1570 2991 guissante lorsqu’on attend. Quand on aura servi,
514 2978 1570 3037 vous accepterez le bras d’un de vos convives, et,
506 3026 1570 3091 arrivée dans la salle à manger, vous aiderez les
506 3076 1566 3153 invités à trouver leur place : vous vous occuperez
514 3128 1565 3207 d’eux sans fracas, mais d’une manière continue,
505 3184 1563 3247 bienveillante et générale. Je dirai à votre esprit de
510 3224 1570 3307 convenance que les vieillards, les personnes notables
510 3265 1563 3350 ont droit à tous vos égards ; je dirai à votre bon cœur
516 3331 1565 3410 que les personnes timides et d’une position médiocre
513 3371 1565 3472 seront heureuses de vos attentions. Je sais que M. votre
510 3432 1565 3506 père a adopté, pour les dîners priés, l’usage de faire
505 3482 1562 3575 servir et découper les mets par les domestiques;
509 3530 1554 3628 mais pour les dîners de famille et d’intimité, je vou¬
505 3584 1559 3696 drais bien, mon enfant, que vous apprissiez le bel
1683 200 2732 302 art de l’écuyer tranchant. Les Anglo-Saxons appelaient
1687 280 2729 351 la maîtresse de la maison la donneuse de pain, parce
1695 340 2736 403 qu'elle distribuait le pain et les mets; c’est un droit
1692 392 2733 457 qui appartient à toutes les femmes placées à la tête
1685 431 2729 491 d’un ménage, mais pour le bien exercer, il faut l’a¬
1676 481 2734 562 dresse et l’habitude, qu’on ne peut acquérir que dans
1670 524 1917 596 la jeunesse.
1717 590 2732 655 Le dîner fini, vous retournez au salon au bras de
1680 646 2722 698 votre plus proche voisin de table, et vous vous occu¬
1683 679 2723 750 pez de faire offrir le café et les liqueurs. Pour la soi¬
1667 745 2736 810 rée, faites aux autres ce que vous voudriez qu’on
1680 801 2718 868 vous fit : occupez-vous-en; tâchez d’organiser quel¬
1680 854 2729 909 ques tables de jeu, si vous avez des joueurs; invitez
1666 890 2729 974 les musiciennes à se placer au piano ; oubliez-vous
1677 952 2726 1008 enfin, chère enfant, et pensez aux autres : c’est le seul
1665 998 2732 1076 secret que je connaisse pour être aimable. A la fin de
1665 1049 2730 1120 la soirée, vous reconduirez les dames jusqu’à la porte
1670 1101 2733 1170 de l’antichambre. J’oubliais de vous dire que vous
1666 1156 2729 1226 devrez une visite, dans la huitaine, à la personne
1667 1198 2416 1267 dont vous aurez reçu une invitation.
1717 1259 2718 1337 Venons-en maintenant aux fêtes, aux bals, aux soi¬
1667 1321 2726 1384 rées. Ce sont plaisirs de votre âge; j’espère cependant
1666 1366 2715 1433 que vous ne les goûterez qu’en passant, et sans y at¬
1661 1419 2723 1473 tacher vos pensées ni votre cœur.La toilette est, dans
1658 1470 2719 1534 ces occasions, le point capital, et je n’ai qu’un seul
1665 1522 2719 1588 mot à vous dire sur ce que la mode veut ou ne veut
1670 1576 2719 1636 pas, c’est que, quels que soient les habitudes et les
1656 1636 2712 1698 exemples des personnes de votre âge, je vous conjure,
1658 1674 2716 1744 avant toute chose de respecter les lois de la décence
1651 1725 2711 1795 et de la modestie. Je vous ai dit jusqu’ici : Ne cher¬
1655 1779 2704 1844 chez pas à attirer l’attention, ne faites rien d’extraor-
1658 1835 2714 1892 dinaire, suivez le train commun ; mais ici, je vous
1656 1885 2708 1946 crie, et bien haut: Distinguez-vous de la foule, n’i¬
1661 1932 2711 2001 mitez pas vos compagnes, si elles suivent, par fai¬
1652 1991 2716 2050 blesse, des modes inconvenantes; faites exception alors
1658 2036 2708 2113 qu’il s’agit de délicatesse et de pudeur! Du reste,
1661 2098 2716 2160 pour la toilette : simplicité, c’est ma devise, et si vous
1655 2153 2714 2209 m’en croyez, ce sera la vôtre. Tâchez, mon enfant,
1658 2202 2716 2258 que cette simplicité, cette modestie, qui rendaient
1652 2256 2716 2308 votre mère si estimable et si charmante, règnent
1655 2305 2710 2359 aussi dans votre âme; en se répandant sur votre exté¬
1648 2360 2710 2423 rieur, elles vous donneront le maintien qui convient
1652 2409 2700 2463 dans le monde, le calme, la possession de soi, l’indul-
1655 2461 2671 2541 gence pour les autres qui désarment toute critique.
1698 2515 2711 2563 D’après ces principes, vous entrerez dans un salon
1652 2555 2704 2627 tranquillement et silencieusement, sans chercher à
1647 2611 2711 2668 attirer les regards; vous saluerez sans affectation la
1650 2671 2699 2727 maîtresse de la maison, les personnes que vous con-
1647 2722 2711 2782 naissez; vous causerez à demi-voix, sans éclat, sans
1650 2784 2701 2829 rires ; vous ne ferez pas de mines, ni gaies, ni lan-
1650 2825 2711 2882 goureuses; si un homme vous adresse la parole, vous
1640 2881 2711 2933 répondrez de manière à ce que les femmes qui sont
1652 2929 2696 2999 près de vous entendent votre réponse. Pas de chu-
1644 2981 2696 3033 chotements, pas de confidence à l’oreille d’une com¬
1647 3037 2704 3096 pagne ou d’une amie, pas de moqueries surtout ! Les
1635 3091 2703 3150 ricanements sont de bien mauvaise compagnie, et
1635 3142 2609 3199 supposent fort peu d’esprit et fort peur de bonté.
1692 3191 2705 3247 causez avec vos voisines, si vous les connaissez, ou
1637 3246 2701 3302 si elles vous y engagent par un air bienveillant, mais
1640 3296 2696 3361 causez avec prudence et sans trop d’abandon. Ne
1644 3355 2699 3405 vous laissez pas aller à l’ivresse d’une fète, on s’en
1644 3403 2693 3476 repent toujours, et c’est le cas d’appliquer les paroles
1644 3449 2689 3534 de l’Imitation : Le soir passé dans la joie est suivi
1643 3497 2689 3556 d’un triste matin. Même recommandation et plus
1637 3553 2693 3624 forte pour le bal. Je désirerais bien que, là aussi,
1592 3608 2693 3686 vous fissiez exception, en ne dansant pas les danses
