2897 4318
1233 254 1375 329 299 -
196 334 1252 410 ses larmes, elle fait la forte pour me fortifier ; mais
202 394 1248 463 hier, j’ai surpris ses yeux fixés sur moi avec l’ex¬
207 446 1252 524 pression d'une douleur que je retrouvais tout entière
205 499 1254 575 au fond de mon âme ; oh ! quels sacrifice cruels la
205 567 1248 628 pauvreté impose aux cœurs qui savent aimer! Léo¬
196 621 1253 669 nide est déjà partie, mon tour va venir, et maman
201 661 1252 726 restera seule. Nous nous en allons, comme les feuilles
205 724 1256 777 chassées par le vent froid de l'automne, et l’arbre
202 770 1249 834 qui nous donna la naissance, l’arbre protecteur et
196 813 1245 884 chéri, reste dépouillé. Je me sens inondée de tris¬
202 864 1254 932 tesse, et mon premier départ, quand j’allais vers
198 920 1238 994 Paris, vers l’inconnu, était moins pénible que ce¬
190 976 343 1057 lui-ci...
230 1005 1248 1088 J'ai cependant bien employé ces belles vacances.
190 1079 1248 1138 Longues causes, doux retours vers le passé, vagues
196 1137 1252 1192 et timides projets d’avenir, épanchements cœur à
190 1182 1254 1246 cœur entre la mère et les enfants, entre les deux
190 1242 1248 1306 sœurs si souvent séparées, rien ne nous a manqué;
193 1294 1238 1350 mais combien elle me manquera à Paris, cette inti¬
182 1346 1242 1396 mité confiante de la famille ! J'ai travaillé aussi, j’ai
193 1394 1242 1460 étudié, j’ai écrit un peu, j'ai lu beaucoup de vers,
190 1442 1242 1502 qu'une amie de ma mère nous prêtait : il en est, par¬
184 1503 1240 1548 mi eux, qui sont gravés dans ma mémoire, et je ne
186 1543 1236 1608 sais pourquoi, à l’approche des adieux, navrée jus¬
186 1596 1238 1657 qu’au fond du cœur par la peine de ma mère et par
189 1651 1246 1706 la mienne, je suis poursuivie partout par ces beaux
185 1717 1242 1769 vers de madame Valmore intitulés le Pressentiment.
184 1757 1246 1815 C'est comme un de ces airs dont la cadence se répète
186 1807 1242 1867 jusque dans nos rêves et qui semblent marquer la
186 1857 680 1940 mesure de nos pensées :
318 1986 986 2046 C’est en vain que l’on nomme erreur
319 2036 773 2088 Cette secrète intelligence
242 2087 1108 2140 Qui, portant la lumière au fond de notre cœur,
239 2133 1096 2202 Sur des maux ignorés nous fait gémir d’avance.
242 2176 1044 2236 C’est l’adieu d’un bonneur prêt à s’évanouir,
245 2214 1056 2305 C’est un subit effroi dans une âme paisible ;
317 2260 891 2314 Enfin, c’est pour l’âme sensible
318 2305 743 2363 Le fantôme de l’avenir.
278 2446 978 2539 Oui, je t’ai vu couvert d’un voile noir
275 2528 1024 2594 Aux plus beaux jours de mon jeune âge;
321 2571 835 2628 Tu formas le premier nuage
237 2617 1115 2677 Qui des beaux jours lointains enveloppa l’espoir.
239 2668 1049 2725 Tout m’agitait encor d’une innocente ivresse,
235 2711 1101 2781 Tout brillait à mes yeux des plus vives couleurs ;
311 2762 859 2820 Et je voyais la riante jeunesse
237 2816 1048 2871 Accourir en dansant pour me jeter des fleurs.
315 2858 920 2922 Au sein de mes chères compagnes
314 2901 934 2974 Courant dans les vertes campagnes,
314 2946 955 3018 Frappant l’air de nos doux accounts,
317 2989 879 3056 Qui pouvait attrister mes sens ?
314 3039 821 3108 Comme les fauvettes légères
319 3086 910 3164 Se rassemblent dans les bruyères,
314 3124 876 3200 La saison des fleurs et des jeux
319 3173 914 3245 Rassemblait notre essaim joyeux.
326 3217 1051 3296 Un jour dans ces jeux pleins de charmes,
261 3244 1071 3342 Je cessai tout à coup de trouver le bonheur ;
322 3308 875 3376 J’ignorais qu’il fût une erreur,
321 3357 912 3423 Et pourtant je versai des larmes ;
322 3397 911 3466 En revenant, je ralentis mes pas,
242 3441 1055 3523 Je remarquai du jour le feu prêt à s'éteindre,
235 3493 1089 3570 Sa chute à l’horison, qu’il regretteit d’atteindre ;
233 3531 1165 3638 Mes compagnes dansaient... moi, je ne dansais pas...
223 3651 1221 3743 Je ne copierai pas le reste... il semble que toutes
181 3696 1216 3801 les craintes que peut m'apporter l'avenir soient bu¬
1331 339 2393 420 rinées dans ces vers qui résonnent sans cesse à mon
1333 406 2386 476 oreille... O mon Dieu! détournez le présage ! qu'elle
1333 443 1887 529 vive celle par qui je vis (1) !
1862 552 2276 649 Loches, 30 septembre.
1371 634 2387 724 La dernière soirée vient de finir! je pars demain à
1330 718 2386 781 l'aube. Mon dieu! paix et bénédiction sur cette mai¬
1330 771 2343 835 son, et pour l’enfant qui s’en va, force et courage!
1903 888 2296 951 Paris, 2 octobre 18...
1371 988 2391 1063 Me voici de retour à Paris, dans ma classe, et fixée
1330 1035 2395 1100 de nouveau à un devoir que je dois apprendre à ché¬
1331 1092 2391 1166 rir. Les élèves rentrent aussi; pauvres petites ! que
1333 1141 2383 1208 de cœurs gros! que de soupirs et de larmes enfanti¬
1333 1209 2391 1273 nes, amères pourtant, quoique promptes à se dissi¬
1335 1253 2378 1315 per. Les anciennes se consolent assez vite ; elles re¬
1331 1302 2385 1371 prennent leurs habitudes, elles retrouvent leurs com¬
1334 1361 2398 1422 pagnes, le plaisir de raconter l'emploi des vacances
1327 1404 2378 1468 fait oublier que ces chères vacances sont finies. J’en¬
1330 1450 2341 1522 tends de tous les côtés, comme un feu croisé :
1318 1502 2382 1571 J'ai été aux bains de mer, moi, avec papa et maman.
1333 1561 2370 1615 — Et moi à la campagne, près d’Orléans. Et toi? —
1322 1605 2393 1677 Oh ! moi, je n’ai pas quitté Paris, mais je me suis
1327 1664 2386 1730 bien amusée. Et toi, Hermance? — On m’a menée à
1323 1716 2375 1777 la campagne, chez ma tante, mais j’y ai eu la rou¬
1327 1772 2387 1841 geole, ce n’est pas amusant du tout... — Moi, j’ai
1327 1826 2358 1883 voyagé; je suis allée à Spa, dit une voix plus haute
1371 1882 2371 1944 - et le récit des plaisirs de Spa domine tous les au¬
1317 1923 2375 1995 tres. Voilà les anciennes en bon train de se consoler,
1327 1979 2370 2040 et s’il tombe encore quelques larmes, elles sont bien¬
1322 2031 2373 2085 tôt chassées par un franc éclat de rire. Mais les nou¬
1318 2084 2370 2140 velles, pauvres enfants! pau vres petits oiseaux ef¬
1318 2124 2375 2189 frayés et dépaysés ! Elles m’inspirent une grande
1321 2185 2375 2249 compasion. Dans cette maison étrangère, entre ces
1321 2240 2377 2310 grands murs, au milieu de ces enfants bruyantes et
1319 2294 2377 2361 affairées, elles pensent à leur famille absente ; elles
1319 2351 2373 2406 regrettent les caresses, les jeux, la familiarité de la
1321 2395 2373 2466 maison paternelle ; elles cherchent un regard ami et
1317 2454 2375 2518 ne le rencontrent pas toujours, elles qui, la veille, se
1323 2503 2375 2560 cachaient sur les genoux de leurs mères, maintenant
1318 2546 2366 2605 en larmes, livrées à la tristesse et au vide, ne trou¬
1326 2608 2370 2675 vent personne qui cherche à les consoler... Dans ces
1327 2651 2361 2725 premiers instants, la nostalgie du foyer les accable;
1321 2705 2371 2772 je comprends leur peine, je tâche de m’occuper de ces
1327 2766 2370 2825 pauvres enfants, je cherche à les distraire, à leur ren¬
1317 2805 2371 2877 dre familières les habitudes du pensionnat ; mais
1321 2865 2371 2929 quand, après les avoir distraites, je suis seule enfin,
1314 2906 2374 2985 le soir, je prends leurs peines avec les miennes, et
1310 2957 2367 3044 comme une enfant, je pleure en pensant à mon pays
1313 3014 1615 3095 et à ma mère !
1963 3119 2248 3196 Novembre 18...
1347 3183 2358 3280 Je n’ai pas écrit depuis longtemps : la rentrée des
1306 3253 2346 3317 dasses demande un surcroît de travail; mais ce tra¬
1311 3314 2359 3373 vail est salutaire, il fortifie l'âme que des souvenirs
1306 3364 2353 3449 trop tendres viennent souvent amollir. Notre année
1354 3494 2248 3603 (1) Voici la fin de ces vers que Julie n’ose copier :
1362 3586 2180 3673 Un mois après, j’errais dans ce lieu solitaire ;
1366 3659 2225 3721 Hélas ! ce n'était plus pour y chercher des fleurs,
1359 3704 2218 3764 La mort m'avait appris le secret de mes pleurs,
1365 3743 2124 3828 Et j'étais seule au tombeau de ma mère !
