2897 4318
1173 223 1282 319 383
152 264 1184 389 plicité de nos gravures de modes; l’heureuse innova¬
147 378 1192 433 tion des imitations de peintures à l'huile; les progrès
152 427 1190 487 faits et à faire dans nos tapisseries et autres travaux
150 485 1190 539 en couleurs, calendriers, écrans, et la variété de nos
147 534 1179 583 H. albums de musique, etc., etc., comme mettent cer¬
155 580 1187 637 tains savants aux titres de leurs livres, après avoir
147 632 1184 689 énoncé, sans en omettre aucune, toutes les sociétés
147 681 1187 743 dont ils font partie; mais cette paraphrase élogieuse
150 743 1182 787 serait-elle de ton goût? serais-tu toujours de mon sen¬
139 781 1184 852 timent dans ce pompeux étalage de nos propres mé¬
139 841 1187 898 rites? Je l'ignore; mais tu conviendras bien avec nous
150 888 1190 953 que nous avons fait, dans la mesure de nos forces et
150 939 1187 999 de nos ressources, tout ce qu'il nous était possible de
147 986 1192 1051 faire pour mettre en pratique ce sage précepte: Joindre
144 1043 1192 1100 l’utile à l’agréable, et si tu penses que nous n’avons
139 1092 1192 1160 pas réussi, au moins nous accorderas-tu la gloire de
1269 286 2311 411 l’avoir entrepris avec courage et persévérance. — Ce
1266 384 2306 463 courage et cette persévérance, cet entier dévouement
1266 433 2306 512 à l’œuvre qui nous est confiée, nous te les promettons
1266 485 2314 574 aussi complets que par le passé, et s’il est vrai que
1261 534 2309 623 l'expérience et l’habitude rendent une tâche plus fa¬
1274 594 2311 672 cile, nous pouvons espérer approcher de plus en plus
1269 643 1960 735 du but que nous voulons atteindre.
1310 692 2306 817 Au revoir; à un mois. Votre printemps dure-t-il
1263 781 2303 866 encore, Florence? Le nôtre, que nous croyions éter¬
1269 852 2303 915 nel, se transforme visiblement; ses joues se creusent
1263 896 2314 966 ses cheveux blanchissent, son dos se voûte, et ses
1269 947 2314 1021 mains amaigries s’allongent à la recherche de quelque
1263 996 2303 1067 bon feu. Il était temps; les hirondelles, trompéés par
1266 1048 2314 1122 la douceur de la température, reconstruisaient leurs
1261 1100 2001 1206 nids, et parlaient de nouvelle lignée!
174 1432 2311 1557 Pour satisfaire aux demandes de nos abonnées devenues dames et restées fidèles au Journal, malgré leur
131 1552 2320 1647 changement de position, nous avons créé une édition qui, moyennant 5 francs d'augmentation, leur donnait
136 1606 885 1715 4 gravures par mois, soit 48 par an.
177 1661 2298 1794 Nous pensions que cela devait les satisfaire ! Hélas! les gravures, c'était bien quelque chose! mais l'expli¬
131 1759 1832 1849 cation de ces gravures ! — mais des renseignements sur la mode! — mair !... mais...
166 1808 2301 1925 En un mot, c’était un journal de modes complet qu’elles désiraient, tout en ne voulant pas nous abandonner.
131 1914 2306 2001 Or, le Journal des Demoiselles a toujours été et veut toujours rester sérieusement un journal d’éducation; et si
131 1977 1925 2099 la mode occupe une place dans ses colonnes, ce ne doit être qu’un petit coin, à l’ombre.
1941 1996 2303 2102 Voici donc ce que
128 2047 471 2148 nous proposons :
163 2126 2303 2224 A partir de 1858, les Abonnées à l’édition avec supplément, recevront, avec les gravures, une feuille de
128 2219 2295 2303 8 colonnes, feuille entièrement indépendante du Journal, et contenant, outre l'explication des gravures supplé¬
128 2284 2303 2374 mentaires, tous les renseignements que nous nous serons procurés sur la mode, soit en les empruntant à notre
125 2355 2292 2469 frère aîné, le Petit Courrier des Dames, soit en les puisant dans les salons les plus élégants et les plus dis¬
131 2418 471 2521 tingués de Paris.
163 2502 2298 2584 Notre numéro de décembre offrant aux Abonnées actuelles du supplément de gravures un specimen de ce que
133 2562 2295 2663 leur Journal sera à l'avenir, nous ne croyons pas nécessaire de donner de plus amples explications, et il nous
128 2652 2290 2733 reste à leur dire que cette addition d'un texte grèvera leur bourse de un franc par an, et qu'à partir de 1858,
128 2722 2298 2796 le Journal, avec supplément de gravures et texte explicatif, coûtera 16 francs pour Paris et 18 francs pous les
133 2782 430 2889 Départements.
163 2959 2290 3109 L’ancienne édition à 6 francs par an ayant été abandonnée par la presque universalité de nos Abonnées,
123 3052 991 3161 nous cesserons de la faire paraître en 1858.
163 3259 2292 3365 Nous prions instamment les personnes qui nous enverront des mandats de poste ou autres, de bien s’assurer
123 3341 2292 3425 que ces mandats sont à l'ordre de la DIRECTRICE DU JOURNAL DES DENOISELLES, et d'écrire fort lisiblement sur
123 3419 2292 3507 l'adresse de leurs lettres les mots Journales des Demoiselles et Boulevard des Italiens, n° 1; nous serions obligés
128 3482 2031 3564 de leur retourner, pour les faire rectifier, tous ceux qui présenteraient la plus petite irrégularité.
