2822 3966
1573 42 1673 134 142
518 95 1591 186 sonne si mal habillée ; elle avait même été forcée de
516 178 1588 255 remarquer qu’il était parfaitement beau. Mais aussi
518 236 1584 298 quelle hardiesse singulière dans un personnage de
520 284 1583 353 son état ! car son costume avait dit à la jeune fille
520 334 1579 385 qu’il n’était pas gentilhomme. Impatient sans doute
515 384 1576 457 d’apercevoir le visage de la damoiselle, il tournait
518 418 1573 499 indiscrètement autour de la table ; et, quoique exé¬
511 480 1576 547 cuté de loin, ce manége était trop sensible. Son
520 536 1573 604 compagnon, n’ayant rien à faire, avait imaginé de
511 596 1567 640 suivre chacun de ses pas. Seulement, comme il n’é¬
518 644 1567 710 tait point aussi preste à se détourner, lorsque Mar¬
518 695 1567 760 guerite venait à faire quelque mouvement du côté où
515 756 1565 809 elle se sentait observée, il devait finir par se trouver
506 801 1572 852 tout à coup trop près d’elle. La jeune fille enfin leva
507 840 1557 921 les yeux : elle fixa pour la première fois cette face
502 901 1555 974 jaune et rectangulaire ; elle jeta un éclat de rire si
499 951 1545 1023 franc, si prolongé, que le chevalier se réveilla en sur
495 991 601 1068 saut.
547 1010 1560 1131 « Marguerite de Kernevel, dit-il en se levant, M. le
487 1113 1556 1195 marquis de Kernevel, votre oncle et mon frère, vient
494 1148 723 1231 de mourir.
542 1176 1552 1298 — Et vous en héritez, mademoiselle? » s’écria pré¬
496 1258 1034 1344 cipitamment le procureur.
535 1312 983 1384 Elle ne répondit rien.
546 1371 1104 1436 «Vous en héritez ? reprit-il.
534 1396 1544 1502 — Dieu me pardonne, » dit lentement Marguerite.
531 1455 802 1536 Et je riais!...
530 1525 1227 1596 « Prions, monsieur le chevalier. »
530 1565 1549 1647 Elle se mit à genoux, le chevalier l’imita : tous deux
483 1616 1537 1706 ils récitèrent d’une voix profonde la prière des morts.
476 1671 1529 1760 Le jeune procureur sentit ses yeux se remplir de lar-
472 1745 1528 1812 mes; il fit d’abord un brusque mouvement pour échap-
475 1791 1541 1852 per à son émotion, puis il s’y abandonna presque
472 1842 1538 1931 aussitôt, et à son tour il s’agenouilla près de la jeune
473 1876 577 1965 fille.
520 1903 1534 2019 « M. le marquis, murmura son compagnon en se
477 1989 1541 2080 penchant vers lui, que faites-vous donc là? Autant
479 2051 1420 2103 vaudrait leur dire tout de suite qui vous êtes. »
511 2094 1309 2174 Le jeune homme se releva rapidement.
510 2150 1530 2218 « Hé! hé ! fit l’autre. Croyez-vous que ces gens-là
463 2209 1529 2284 soient sincères?... On leur annonce un héritage, et
468 2248 1517 2349 ils pleurent ; cela n’est pas naturel, voyez-vous, mon¬
456 2287 622 2367 sieur. »
502 2326 1512 2438 Le jeune homme saisit par le bras le vieux prati¬
459 2401 1439 2487 cien. Il l’amena dans l‘embrasure d’une fenêtre.
503 2467 1521 2548 « M. Francœur, lui dit-il, si j’étais le roi, je vous
451 2492 1522 2601 ferais pendre pour médire ainsi de mes nobles sujets.
457 2562 1516 2641 Ce qui se passe ici n’est point de votre compétence.
451 2606 1518 2689 Retenez bien seulement le rôle que je vous ai assigné.
453 2662 1522 2748 Et d’abord, lorsque je vous interrogerai, vous me
448 2724 1518 2806 comprendrez à demi-mot, j’en suis sûr, car je vous
444 2776 1518 2849 tiens pour un madré compère. Ce n’est pas tout. Dans
448 2829 1514 2897 un instant va venir mon page, un jeune drôle de
439 2868 1509 2952 bonne maison. Il me remettra une lettre, je vous la
444 2941 1508 3014 passerai, et vous voudrez bien la lire. Cette lecture-là
440 2995 1500 3073 vous vaudra trois cent livres. Il y en aura cent de
445 3043 1320 3102 plus si vous vous taisez après l’avoir lue. »
475 3098 1510 3188 Le chevalier de Kernevel et sa nièce se relevèrent
431 3135 1010 3219 le visage couvert de larmes.
469 3203 1505 3270 «Marguerite, dit le vieillard, vous n’aviez jamais
432 3244 1502 3330 connu votre oncle? C’était un vrai gentilhomme. Par
437 3306 1504 3388 exemple, je ne sais pourquoi il a pensé si fort à vous
432 3357 1501 3444 à 'heure de sa mort. Le jeune homme a dit vrai...
443 3395 1482 3490 Vous héritez du marquis, qui n’avait plus d’enfants.
506 3470 1504 3565 — N’aviez-vous donc point entendu, mademoiselle?
424 3491 909 3605 fit le hardi compagnon.
1754 115 2386 190 — J’avais entendu, répondit-elle.
1777 193 2715 275 Eh bien, mademoiselle de Kernevel, vous voici
1667 251 2715 329 puissante et riche. Le marquis a laissé quinze cent
1667 302 2713 378 mille livres... Et son fils, n’est-ce pas?... Il s’ est, ma
1666 343 2712 436 foi, fait tuer en Flandre par un Allemand maladroit...
1664 396 2530 461 Ces quinze cent mille livres sont à vous. »
1699 451 2707 518 En parlant ainsi, il suivait sur le visage de Margue-
1659 502 2708 574 rite la trace de sa pensée. Aucun signe de joie ne se
1651 555 2707 638 manifestait en elle, et ses yeux ne brillaient point
1655 614 2709 683 d’un éclat indiscret, au milieu de ses pleurs. Elle se
1652 657 2707 739 tut longtemps, puis elle s’approcha du chevalier et
1652 708 2705 786 lui parla à voix basse. Le vieillard sembla lui répon¬
1651 763 2703 834 dre d’abord avec feu. Peu à peu il cessa de la contre¬
1650 818 2424 869 dire, il sourit enfin à ce qu’elle disait.
1698 870 2711 938 « Oui, mon enfant, murmura-t-il, c’est le Dieu de
1647 913 2177 984 charité qui parle en vous.
1698 976 2697 1049 — Monsieur, dit-elle au procureur, ne connaissez-
1646 1026 2707 1094 vous au marquis aucun autre parent qui soit pauvre?
1687 1089 2687 1157 — Je connais mieux la parenté que personne, ver¬
1640 1129 2673 1203 tublen ! s’écria le chevalier, qui venait de réfléchir.—
1640 1168 2696 1251 Marguerite, reprit-il, nous sommes de haute race. ..
1640 1229 2705 1309 Cousins du roi, par la morbleu ! La richesse, vous le
1636 1297 2687 1373 savez, rendrait de l’éclat à notre nom. C’est un de-
1635 1333 2032 1403 voir, mon enfant...
1734 1387 2711 1478 Mon oncle, interrompit la jeune fille, j’ai votre
1631 1438 1805 1501 parole. »
1670 1485 2007 1563 Il baissa la tête.
1671 1517 2693 1618 « Nous garderons cent mille livres, » dit-elle au
1623 1597 1855 1667 procureur.
1670 1650 2691 1729 Le vieux praticien se mit à rire. Un regard de son
1622 1703 2381 1770 compagnon glaça sa méchante gaieté.
1670 1756 2365 1827 « Et le reste ? fit le jeune homme.
1664 1800 2158 1875 — Nous le donnerons, »
1664 1840 2674 1929 D’un geste irréfléchi le gentilhomme déguisé débou¬
1622 1906 2677 1980 tonna sa robe, et ses inexplicables culottes réapparu-
1616 1969 2676 2033 rent au regard émerveillé du chevalier, qui crut en-
1616 2021 2682 2086 trevoir en même temps cette fois une soubreveste
1611 2070 2681 2138 brodée d’argent. Marguerite la vit aussi et demeura
1611 2129 2681 2190 toute surprise. Mais déjà l’étranger avait ramené sur
1612 2154 2687 2237 lui sa défroque noire. Il fit un geste d’impatience et
1614 2221 1958 2287 regarda la porte.
1654 2284 2669 2347 A cet instant elle s’ouvrait. Un jeune clerc, de noir
1603 2318 2664 2401 habillé comme son maître, entra, conduit assez rude¬
1604 2387 2664 2454 ment par des fermiers. Il fit à toute l’assistance un
1603 2442 2672 2495 salut d’une effronterie singulière, puis il courut au
1608 2496 2664 2568 plus jeune des deux hommes de loi et lui remit une
1604 2543 2465 2594 lettre que celui-ci passa à son compagnon.
1647 2587 2660 2662 « Confrère, s’écria le vieux praticien d’une voix
1597 2649 2648 2721 dolente, la fortune est bien aveugle. Et voilà les spec-
1596 2691 2662 2759 tacles auxquels elle nous condamne sans cesse, nous
1592 2754 2653 2821 autres gens de loi. Ce digne gentilhomme, cette
1595 2805 2662 2874 noble dame... la richesse aurait été dans leurs mains
1599 2860 2661 2920 comme une fontaine de bénédiction, mais voilà que
1587 2913 2340 2970 le jeune marquis s’avise de revivre!
1699 2966 2648 3031 Mon cousin n’avait pas été tué! s’écria naïve¬
1585 3004 2390 3078 ment Marguerite, que le ciel soit béni !
1693 3075 2664 3148 Pauvre enfant, dit le chevalier, nous l’avions
1600 3122 2319 3187 pleuré, lui aussi, sans le connaître.
1697 3172 2649 3243 Un jeune aventurier! un prodigue! une tête im-
1585 3232 2658 3310 périeuse et folle! continua le procureur. Il dilapidera
1579 3274 2216 3349 les grands biens de son père...
1664 3337 2652 3389 — Taisez-vous, monsieur! s’écria fièrement le che¬
1596 3385 2657 3466 valier. Ma nièce, reprit-il, j’irai embrasser le jeune
1587 3439 2653 3501 homme. Quant à ce qui nous regardé, je crois bien
1588 3491 2649 3560 que vous prendrez votre parti comme moi-même. Je
1584 3546 2660 3624 l’avais toujours pensé, voyez-vous, que nous autres
