2897 4318
1201 266 1325 362 155
133 347 1214 450 parle entin, et dans le plus divin langage ! Aussi,
121 431 1212 488 chaque fois que la jeune artiste s’est fait entendre,
118 483 1208 558 la salle entière a-t-elle trépigné d’enthousiasme ; on
126 544 1218 602 oubliait la pos forcément disgracieuse du violon sous
118 594 1208 654 le menton d'une femme, on ne voyait plus rien, on
121 654 937 713 n’avait plus que des oreilles et une âme!
171 703 1212 762 Mais je m'aperçois, un peu tard, que j'empiète sur
123 757 1219 823 le domaine du ProgrèsieaI, arrivons donc bien
129 810 754 871 vite à nos charmants patrons !
171 865 1214 926 1, QUART D'UN MOUCHOIR, riche et facile, composé de
123 906 1215 972 plumelis simple, de feston et de jours, aux endroits
123 963 1219 1030 indiqués, lesquels jours pourraient être remplacés
129 1027 525 1089 par un tulle crêpe.
166 1075 1208 1135 2, ÉCUSSON POUR MOUCHOIR, renfermant les lettres
121 1120 1053 1196 E. B.; le tout au plumetis et point d’échelle.
169 1178 1211 1244 3, 4 et 5, COL ET GARNITURES pour manches, à broder
126 1237 1219 1296 sur mousseline, en mettant deux double d'étoffe sous
129 1290 1215 1352 les colonnes où se trouvent les pois; le reste du des¬
123 1337 1212 1401 sin se fait au plumetis, avec mélange d’œillets ombrés,
133 1397 1218 1455 de feston ordinaire et de feston feuille de rose. Je
136 1455 1219 1514 crois que pour aller avec le col, le n° 4 vaux mieux
133 1502 1216 1559 que le n° 5, dont tu ferais un entre-deux, en ne lais¬
129 1551 1116 1624 sant de chaque côté que le feston pour bordure.
169 1607 719 1672 6, H. P., plumetis simple.
181 1659 587 1728 7, Ottilie, plumelis.
181 1709 1223 1783 8, ENTRE-DEUX, plumetis; pour objets de layettes et
129 1769 429 1836 de trousseaux.
177 1825 1220 1877 9, GARNITURE, plumetis, guipure et feston feuille de
129 1870 1220 1931 rose, ayant le même emploi que l’entre-deux du n°8.
177 1984 690 2043 Ici finit la petite édition.
177 2083 1215 2147 10, QUART D'UN MOUCHOIR, à broder sur ourlet, plu¬
133 2135 653 2204 metis et points d’échelle.
181 2193 1218 2254 11, ÉCUSSON SOMPLE POUR MOUCHOIR, feston ordinaire
136 2241 642 2308 et feston feuille de rose.
186 2294 1090 2359 12, Col.APPLICATION pour monter sur brisure.
184 2348 806 2411 13, GARNITUE ASSORTIE AU COL.
184 2405 1226 2463 14, ENTRE-DEUX à broder sur jaconas pour poignet
141 2453 782 2522 de manches, plumetis et feston.
189 2507 709 2570 15, Anthelmine, plumetis.
189 2556 842 2626 16, Laure, plumetis très-simple.
184 2614 1225 2679 17, BAS DE JUPON, feston feuille de rose; placer ce
144 2666 1223 2725 dessin sur l’ourlet, que l‘on découpe en suivant les si¬
136 2715 536 2790 nuosités du feston.
186 2774 1063 2848 18, Louise, plumetis très-simple ou feston.
188 2823 654 2893 19, Annette, plumetis.
184 2880 623 2958 20, Proserpine, idem.
189 2930 1220 2996 21, TABLIBE D'UNE ROBL D'ENFANT pour le premier
149 2987 1223 3055 tâge; ce dessin, d'un gracieux effet, peut se reproduire,
148 3026 1218 3100 à part les nervures, complètement au feston. Cepen¬
156 3091 1225 3155 dant le bouquet du milieu exécuté au plumetis serait
154 3140 1226 3206 infiniment plus joli. Si les festons des barrettes guipure
148 3199 1225 3254 te paraissent un ouvrage trop long, remplace-les par
155 3248 1226 3323 un fil d'Irlande un peu gros que tu lances d'un point
147 3299 1223 3375 à l'autre; ce système, qui simplifie singulièrement le
154 3358 1225 3423 travail, est souvent employé pour les costumes d’en¬
148 3410 1190 3472 fant, costumes qui ne sont jamais de longue durée.
197 3456 1219 3542 22, DEVANT DU CORSAGE de la robe dont nous par¬
144 3499 255 3584 lons.
186 3573 1076 3635 23, GARNITURE dont tu entoureras le tablier.
185 3623 1223 3696 24, GARNITURE du corsage; cette même garniture,
144 3672 1222 3737 jointe à l'entre-deux du n° 25, te servira pour la pe¬
140 3726 403 3801 tite manche.
184 3775 1220 3844 26, V. B. enlacés, plumetis feudu, pour lequel on
151 3830 1002 3922 peut employer du coton de deux couleurs.
1334 340 2230 435 27. A. B. R. P., plumetis simple ou feston.
1342 422 2382 516 28, SEMÉ POUR FOND DE ROUILLONS. Ce petit dessin
1296 479 2060 565 se brode au plumetis sur mousseline.
1341 525 2105 596 29, ENTRE-DEUX assorti aux bouillons.
1341 583 2375 658 30, G. S., avec couronne de baron; le chiffre feston
1293 646 2051 716 et œillets; la couronne au plumetis.
1341 701 1758 769 31, E. B., plumetis.
1344 750 2389 809 32, QUART D'UN MOUCHOIR AVEC ÉCUSSON, plumetis,
1300 797 2396 858 œillets, feston feuille de rose. L'écusson, composé
1303 853 2391 915 d'une broderie plus délicate que celle du mouchoir,
1300 897 2389 990 est, de plus, mélangé de point d'arme et de point de
1304 953 1448 1027 plume.
1341 1012 1840 1090 33, H. B., plumetis fin.
1351 1061 2387 1140 34, DESSUS D'UNE PELSTE DUCHESSE, application; dans
1293 1133 2389 1198 le milieu se trouvent les lettres G S, surmontées d'une
1305 1185 2385 1246 couronne de baron; chiffre et couronne se font au
1308 1241 2385 1311 plumetis fin. Je t'ai trop souvent parlé des pelots du¬
1305 1297 2387 1355 chesse pour m’arrêter à t’expliquer comment il faut
1300 1348 1635 1417 monter celle-ci.
1344 1396 1758 1467 35, L. C., plumetis.
1341 1452 1917 1507 36, L. P., plumetis simple.
1341 1503 1847 1574 37, Henriette, plumetis.
1348 1559 1776 1636 38, H. C., plumetis.
1351 1602 2393 1672 39 et 40, PETIT ET GRAND ALPHABET pouvant servir
1308 1670 2391 1739 pour mouchoir, taie d’oreiller et linge de table ; fes¬
1297 1731 1395 1791 ton.
1341 1772 2396 1842 41 à 43, PATBON ET DESSIN D'UN MANTELET-CHALE MON¬
1300 1829 2400 1890 TANT ; cette forme, la plus usitée pour le moment, est
1303 1892 2394 1950 composée de trois parties; la première, n° 41, est le
1303 1950 2396 2013 corps du mantelet; la seconde, n° 42, est le premier
1308 1998 2385 2064 volant que l’on fixe sous le corps du mantelet, en sui¬
1308 2046 2385 2105 vant le trait fin que je signale à ton attention; et enfin
1300 2101 2397 2169 la troisième partie, n° 43, est le second volant posé
1300 2161 2387 2215 sous le premier, toujours en prenant le petit trait fin
1311 2217 2394 2287 pour guide. Ces morceaux une fois réunis, le mantelet
1300 2260 2385 2323 sera, dans le bas, tout à fait couvert par la broderie,
1300 2317 2390 2379 ainsi que te le montre notre croquis. Quant au dessin,
1300 2368 2400 2433 il a été composé à deux intentions : il peut être brodé
1300 2420 2396 2482 au passé sur taffetas, en remplaçant, si l’on veut, les
1311 2479 2390 2549 pois par de petites perles de jais, et le cordonnet du
1301 2527 2387 2586 ruban formant nœud par une soutache, ce qui sim¬
1310 2577 2394 2657 plifierait l’ouvrage sans rien lui enlever de sa grâce;
1308 2644 2387 2688 ensuite, on peut exécuter ce dessin au plumetis sur
1305 2688 2394 2744 mousseline; dans ce dernier cas, le mantelet devrait
1311 2737 2398 2797 ètre décolleté; pour très-jeune fille, un seul volant
1308 2797 2389 2858 suffirait. Cette forme conviendrait encore pour un
1308 2841 2394 2913 mantelet de taffetas garni, de dentelles posées à plat,
1305 2893 2394 2963 de franges ou de ruches de rubans de taffetas n° 16;
1308 2951 2394 3032 de toutes façons on n'aurait qu'à s'en louer, parce
1308 3009 1788 3096 que la coupe est bonne.
1351 3062 2034 3157 44, CROQUIS DU MANTELET terminé.
1351 3135 2389 3202 45, PARTON ET DESSIN D'UN TALMA pour poupée. A ce
1303 3183 2389 3258 mot de poupée, il me semble entendre les cris de joie
1305 3235 2389 3314 de nos petites amies de six, huit et dix ans; aussi
1308 3296 2385 3357 vais-je, avant d'entrer dans aucune explication, leur
1304 3349 2386 3425 donner la bonne nouvelle que, pour céder aux désirs
1305 3397 2389 3464 exprimés par quelques jeunes mères, le Journal s'est
1304 3456 2391 3519 entendu, au sujet de celte importante question
1305 3506 2391 3578 des poupées, avec une des meilleures maisons de
1315 3557 2386 3621 Paris, la maison Herbillon ou du Calife de Bagdad,
1311 3620 2387 3682 qui nous fournira des patrons de trousseaux complets
1310 3658 2386 3738 et de costumes des différentes saisons. Aujourd'hui la
1316 3717 2382 3786 poupée ne peut plus être classée parmi les jouets or¬
1305 3772 2375 3848 dinaires, tant on apporte de soin à tout ce qui con¬
1300 3816 2385 3882 cerne saawtoilette ; il faut être habile ouvrière ou le
