2822 3966
1539 151 1650 242 164
472 237 1558 302 d’une douceur chèrement achetée, et dans une sorte
484 291 1554 348 de paix armée. — Sa maison ne connaissait pas le
479 344 1545 399 luxe, à peine le comfort, un mot qu’il détestait d’ail¬
481 384 1555 452 leurs presque autant que la chose, qui lui semblait
468 448 1549 518 réveiller une idée aussi antichrétienne que possible.
469 499 1549 552 Dieu lui avait donné le strict nécessaire; ce strict nés¬
479 550 1546 610 cessaire lui suffisait, lui plaisait même, et avait, pour
476 607 1553 674 cette âme vigoureuse, une sorte de saveur sévère qu’il
468 657 1546 729 n’eût pas trouvée dans les molles satisfactions du luxe
476 709 1546 772 et de la vanité. Si quelquefois il eût voulu être plus
469 749 1550 849 riche, c'était uniquement pour sa femme, à qui le
468 806 889 878 brillant plaisait tant.
510 864 1539 936 » Sans doute, dans ses rêves, il se représentait à
471 906 1540 994 vingt-cinq ans, ayant épousé une femme douce, Alice,
475 975 1539 1039 par exemp’e, vivant dans l’abondance, cultivant à
464 1025 1527 1086 loisir les arts et les lettres, menant la vie de proprié¬
463 1078 1539 1167 taire, et voyant s’ouvrir devant ses enfants de joyeuses
465 1143 1539 1209 perspectives de bonheur et de gloire. Peut-être même
467 1197 1530 1261 rêva-t-il quelquefois de paletots plus chauds, et d'un
468 1242 1536 1319 vin plus généreux que les petits vins du cru, dont il
467 1289 1535 1358 faisait son ordinaire. Mais, sauf l’article de la femme
468 1342 1531 1411 douce, Paul souffrait de l'absence de tout ce que je
476 1393 1531 1481 viens d'énumérer, comme je souffre, moi, de ne pas
456 1451 1535 1520 avoir une voiture, ou un château sur les bords du
463 1495 1528 1568 Rhin. Ce que Dieu lui refusait, Paul l'avait toujours
467 1554 1523 1619 considéré comme du superflu. Et si l'on rêve quelque¬
461 1608 1530 1683 fois au superflu, jamais l’absence du superflu n’a fait
452 1657 1127 1716 souffrir un homme raisonnable.
511 1706 1526 1776 Qui n’applaudirait à cette forte et douce philoso¬
460 1753 1524 1834 phie, qui n'en a besoin dans une vie où le bonheur
450 1814 1523 1896 est si près de l'infortune, où, dans le cœur en appa¬
448 1861 1524 1938 rence le plus serein, il y a toujours, au fond, une
454 1918 868 1984 goutte d’amertume ?
492 1969 1523 2045 A ce récit succède une histoire plus dramatique et
453 2014 1516 2095 qui porte avec elle un salutaire enseignement. Na¬
452 2072 1523 2148 talie n’échappe au danger des passion que grâce à
453 2118 1516 2198 sa foi vigilante; la lutte est trop forte pour son
454 2171 1523 2247 âme usée par la souffrance, et elle meurt; mais elle
452 2233 1513 2303 meurt victorieuse, et elle entraîne avec elle vers le
450 2283 1508 2347 ciel l’âme de celui qui l‘avait aimée et qui, avec l‛é¬
448 2345 1516 2403 goïsine de l'amour humain, voulait la perdre. L'hum¬
444 2393 1512 2459 ble Gillette, plus heureuse, n’est qu’une pauvre ser¬
450 2455 1508 2513 vante qui, loin du monde et de ses péril s, accom¬
453 2502 1523 2582 plit à petit bruit, dans sa modeste sphère, un bien
445 2551 1516 2610 immense. Cette fille, ignorante, exerce, par l'ascen¬
450 2591 1515 2677 dant de sa vertu, le plus beau des apostolats : elle
438 2651 1520 2733 fait croire au Dieu bon qui règne dans de pareils
445 2719 1513 2781 cœurs, qui inspire tant d’abnégation, de douceur, de
444 2754 1515 2839 charité, et qui sait répandre dans ces esprits fermés
449 2808 1513 2890 pour les choses de la terre de si vives lumières sur
436 2866 1518 2940 la piété, le devoir et les plus hautes questions de la
438 2915 1523 2989 morale chrétienne. Nous croyons que nos lectrices
449 2974 1518 3057 verront avec plaisir une page où l’auteur raconte la
441 3017 1504 3100 jeunesse de Gillette, bergère avant que d’être ser¬
434 3074 586 3136 vante :
484 3130 1512 3197 « A douze ans, elle commença de mener aux champs
433 3182 1501 3255 le troupeau de la famille ; elle fut ainsi bergère pen¬
441 3243 1515 3301 dant six ans, et cette période de sa vie n’a pas été non
445 3284 1427 3356 plus sans influence sur la suite de son existence.
483 3343 1501 3422 » Je ne veux point dire, Dieu m'en garde ! que Gil¬
437 3380 1512 3472 lette fût une âme poétique et rêveuse. Elle n’avait lu
437 3427 1516 3523 ni madame Deshoulieres, ni Florian, ni Gessner, ni
433 3496 1505 3587 madame Sand. Mais elle avait lu l'Histoire-Sainte;
434 3541 1516 3629 elle lisait et relisait sans cesse le Nouveau Testament
433 3614 1512 3695 et la Vie des Saints. C'était sans efforts d'imagination,
426 3644 1511 3771 et non point pour poser devant elle-même, mais par
1639 239 2709 339 un simple mouvement de sa piété, qu'en gardant ses
1635 307 2698 388 brebis elle repassait dans son esprit la touchante his¬
1634 368 2697 441 toire de Joseph et de ses frères, la vie pastorale des
1643 411 2696 491 patriarches, David quittant la houlette du berger pour
1634 461 2700 548 le sceptre d Israël, et tant d'autres récits où la dignité
1634 502 2698 592 de la vie de pasteur était si clairement indiquée. Elle
1627 571 2697 642 savait aussi que sainte Geneviève et Jeanne d’Are
1628 634 2700 707 avaient gardé les troupeaux, et quand elle se redisait
1634 671 2697 749 la vie de ces héroïnes, dont la religion et la patrie se
1637 736 2685 805 partagent la gloire, elle remerciait Dieu de lui avoir
1630 789 2691 851 fait, à elle, pauvre fille, un état aussi honorable et où
1624 840 2686 921 tant d’illustres et pieux modèles lui avaient tracé la
1630 887 2150 958 voie de la sanctification...
1665 941 2697 1013 » Pour l'âme chrétienne, la vie pastorale est une
1626 993 2683 1068 vie contemplative; c'est une vie de méditation conti¬
1623 1052 2694 1117 nuelle, où, dans le sommeil des joies et des curiosités
1616 1101 2686 1177 mondaines, l’âme s’élance sur l‘échelle d’or de la
1626 1159 2678 1224 prière jusqu’au sommet de la perfection. La nature
1615 1220 2686 1279 extérieure lui fournit les premiers échelons de cette
1614 1273 2685 1336 ascension mystérieuse. Et par la nature, je n'entends
1616 1321 2693 1380 point parler du pittoresque proprement dit, mais de
1615 1373 2683 1427 ce qui fait le fond commun de tout paysage, de ce qui
1609 1423 2681 1480 se rencontre aussi bien dans les tris es plaines de la
1616 1470 2686 1530 Beauce que dans les riantes vallées de la Suisse ou de
1609 1526 2686 1597 la Sicile. Le cours du soleil, un arbre, une fleur, le
1609 1581 2677 1645 moindre ruisseau, un oiseau qui chante, la brebis
1608 1630 2673 1704 même que conduit la bergère, tout cela, pour quicon¬
1609 1683 2685 1758 que a le cœur plein des souvenirs évangéliques et
1611 1733 2681 1807 l’œil ouvert par la foi à ce touchant symbolisme que
1603 1793 2675 1861 le Sauveur affectionnait tant, tout cela fait de la na¬
1614 1841 2681 1918 ture un sujet fécond en méditations pieuses, et un
1604 1899 2444 1952 aliment perpétuel à l’activité de l‛esprit....
1650 1945 2671 2018 » Gillette ne pouvait voir un lis, un de ces lis re¬
1612 1996 2678 2065 vêtu d’un éclat que Salomon dans toute sa gloire
1608 2050 2675 2113 n’égala jamais; elle ne pouvait suivre de l’œil la vive
1608 2096 2677 2167 alouette montant au ciel, ou le vol plus humble du
1608 2163 2677 2218 passereau, de ces petites créatures qui ne sèment ni
1601 2209 2677 2278 ne moissonnent, et dont pourtant le Père qui est
1604 2263 2668 2326 dans les cieux prend soin chaque jour, sans s'élever,
1603 2311 2675 2382 d’un cœur bondissant de reconnaissance , vers la
1611 2360 2668 2430 divine Providence. Ses brebis surtout, ses chères bre¬
1597 2416 2663 2486 bis, lui rappelaient celui qui s’est appelé le bon Pas¬
1601 2475 2671 2533 teur, ses causes après la brebis égarée, et toute la
1608 2525 2666 2591 grande famille des chrétiens comparée à une seule
1599 2571 1865 2635 bergerie... »
1639 2624 2667 2701 Nous pourrions étendre cette citation, et retracer la
1599 2686 2656 2739 vie sainte et attachante qui succéda à cette pieuse jeu¬
1601 2735 2677 2801 nesse, mais l’espace nous manque, et nous voudrions
1599 2790 2668 2840 dire un mot de la nouvelle qui termine le volume.
1599 2844 2668 2902 Pourquoi mon oncle Maurice ne s’est jamais marié est
1604 2890 2664 2961 une charmante étude de jeune fille, pleine de délica¬
1599 2944 2664 3009 tesse et de fraîcheur, et l’on conçoit que l‘oncle Mau¬
1596 2996 2670 3055 rice, n’ayant pu saisir son idéal, n'en ait pas cherché
1599 3044 2671 3101 la contre-partie. Jugez-en : Voici quelques fragments
1599 3095 2121 3158 du portrait de Stéphanie :
1643 3155 2666 3219 « Une chose que j’admirais singulièrement en elle,
1591 3212 2656 3266 et qui montrait une fois de plus combien, toute pé¬
1599 3268 2659 3314 nétrée qu’elle fût de sensibilité et de poésie, elle était
1592 3314 2663 3362 loin de toute sensiblerie et de toutes rêvasserie, c'est
1599 3362 2659 3423 que, dès le lendemain de notre installation, elle avait
1596 3415 2651 3484 organisé sa vie. Elle était toujours prête, pour servir
1592 3473 2659 3552 sa mère ou seulement pour lui plaire, à interrompre
1592 3521 2654 3595 la plus chérie de ses occupations. Mais, cette inter¬
1596 3571 2654 3633 ruption cessant, elle revenait à son travail, ou à sa
1592 3633 2643 3699 lecture, ou à sa prière; et jamais, dans cette exis¬
1607 3682 2651 3746 tence, une seule minute n'était perdue ou abandon¬
