2897 4318
1233 226 1401 321 129 —
825 539 1750 653 HISTOIRE ET CHRONIQUE
634 882 1938 1086 LA POÉSIE FRANÇAISE
248 1146 2302 1290 Depuis ses plus anciens monuments jusqu’à l’époque de Malherbe.
190 1584 2381 1739 SECONDE PÈRIODE. — Règne de l’allégorie, du genre didactique et de la satire.
1088 1777 1456 1883 (Dixième article.)
416 2022 947 2142 EUSTACHE DESCHAMPS.
199 2144 1241 2250 Cette fois, nous avons presque affaire à un vrai
155 2223 1241 2308 poète; dans tous les cas, c’est peut-être, sans même
147 2297 1238 2351 en excepter Charles d’Orléans, le plus remarquable
158 2343 1244 2414 de tous ceuxqu’il nous reste à passer en revue, avant
152 2387 1233 2468 d’arriver au véritable créateur de la poésie française,
133 2433 1227 2523 à maître François Villon. Avec Eustache Deschamps,
139 2498 1225 2572 la langue des dieux, pour employer l’expression fa¬
147 2561 1233 2631 vorite de nos pères, commence à se distinguer un peu
144 2610 1219 2680 du terrestre patois articulé par les enfants des hom-
144 2664 1238 2729 mes. Chez lui, les soupirs monotones exhalés aux
144 2716 1230 2781 pieds d’une belle inhumaine, les interminables redites
139 2778 1227 2833 de la galanterie, l’éternel lieu commun du rossignol,
144 2822 1230 2887 du printemps et des roses, tout cela fait déjà place à
139 2874 1225 2939 l’inspiration sérieuse, à l’émotion sincère, a la verve
147 2928 1235 3004 du style, à la variété des tons et des sujets. C’en est
144 2974 1222 3061 fait : le chaos littéraire se débrouille, et le monde
147 3040 1018 3110 qui doit en sortir ne tardera pas à paraître.
188 3061 1227 3162 Eustache Deschamps, connu aussi sous le nom de
144 3105 1219 3227 Morel, naquit vers la fin du règne de Charles le Bel,
150 3195 1222 3268 c’est-à-dire dans les premières années de ce funeste
147 3252 1214 3320 quatorzième siècle qui vit éclore la grande lutte con¬
139 3301 1222 3377 tre l’Angleterre, la guerre de cent ans. Ce n’était pas
150 3353 1219 3451 trop, en vérité, que le génie d’un poète, pour servir
139 3404 1037 3475 de compensation aux malheurs de la patrie!
182 3440 1222 3549 Eustache nous fait connaître lui-même le lieu de
128 3510 1222 3592 sa naissance; c’était la petite ville de Vertus, en
133 3570 1214 3652 Champagne, déjà célèbre à cette époque pour la qua¬
125 3619 457 3706 lité de ses vins :
193 3750 757 3829 Je fus jadis de terre vertueuse,
199 3812 778 3897 Né de Vertus, le pays renommé,
275 3878 737 3973 VINGT-CINQUIÈME ANNÉE.
765 3870 898 3959 No V.
1388 1976 1959 2079 Où y avait ville très-gracieuse,
1393 2060 2207 2131 Dont le bon vin en maints lieux est nommé.
1358 2144 2408 2237 Quant au nom de Morel, c’est tout bonnement un
1309 2229 2400 2291 sobriquet. Ce mot signifie, dans notre vieille langue
1314 2278 2403 2338 française, basane, moricaud, interprétalion qui s’ac-
1320 2332 2408 2411 corde on ne peut mieux avec le portrait qu’Eustache
1314 2389 1924 2468 nous a laissé de sa personne :
1380 2446 2114 2555 Chacun me dit : Tu es laid garnement,
1382 2542 2033 2596 Gros visage as, tu es noir et hâlé...
1382 2585 2090 2645 Lors leur réponds, comme reconforté :
1382 2634 2117 2716 Oui, je suis laid ; mais je sujs gracieux.
1350 2699 2395 2800 « Habitants de Samos, disait Ésope en réponse à un
1303 2784 2392 2855 reproche semblable, pourquoi railway-vous ma lai¬
1298 2846 2400 2917 deur? Ce n’est pas le visage, c’ est l’esprit qu’il faut
1303 2895 2389 2961 voir. Quand vous achetez du vin, est-ce à la bouteille,
1306 2955 2384 3021 plutôt qu’à son contenu, que vous faites attention (1)? »
1350 3007 2387 3067 Voyageur intrépide, Deschamps parcourut tour à
1298 3061 2387 3116 tour les diverses contrées de l’Europe et les pays d’ou-
1301 3113 2387 3176 tre mer; il visita successivement la Syrie, l’Égypte,
1301 3165 2381 3260 Jérusalem, le Caire, et resta quelque temps esclave
1301 3225 1589 3295 des Sarrasins.
1437 3323 1940 3385 Quiconque a beaucoup vu,
1429 3383 1967 3467 Peut avoir beaucoup retenu.
1333 3451 2387 3559 De retour en France, il fut attaché à Charles Ven.
1293 3546 2381 3614 qualité d’huissier d‘armes, officier qui avait pour
1290 3608 2381 3679 fonction de porter la masse d’armes devant le roi, et
1290 3657 2389 3744 de veiller en tout temps à la sûreté de sa personne. Il
1328 3810 2155 3919 (1) Vie d’Ésope, par le moine grec Planude.
