2897 4318
1210 312 1323 413 219
147 406 1221 480 une rivière coulant à pleins bords, d'Orient en Occi¬
147 460 1228 525 dent, dans cette vaste salle du rez-de-chaussée que,
157 522 1232 588 toi et moi, nous avons, il y a deux ans, si souvent
157 584 1232 637 parcourue; une rivière bordée de plantes aquatiques
150 632 1227 687 de toutes les zones, parmi lesquelles de fois à autre
157 682 1227 737 quelque beau nymphéa s'élance tout à coup du sein
147 737 1228 805 de l’onde, pour venir chanter au soleil son hymne de
142 794 1216 852 reconnaissance et d'amour, afin que le soleil la re¬
157 844 1224 905 porte au Créateur. Quand je dis au soleil, ceci est
150 891 1220 956 quelque peu métaphorique, les dômes de cristal du
154 940 1224 1017 palais ayant gardé les stores dont on les avait revêtus
141 998 725 1064 lors de la grande Exposition.
192 1044 1227 1101 Ontre les fleurs multiples et variées qui semblent
154 1102 1224 1162 vouloir lutter entre elles de fraîcheur et de beauté,
150 1150 1220 1215 l’exposition d’horticulture offre encore de magnifiques
157 1215 1217 1275 espaliers, les uns en pleine floraison, les autres char¬
154 1273 1217 1320 gés déjà de fruits splendides, auxnuances chaudes et
150 1321 1217 1374 appétissantes, fruits que les yeux des gourmets ne
150 1367 1212 1415 cessent de dévorer que pour se reported sur des lé¬
154 1421 1215 1489 gumes, dont l’étonnante exhibérance n’ôte rien, dit-on,
150 1470 434 1530 à leur saveur.
189 1519 1216 1589 Comme tu le supposes sans nul doute, notre Algérie
142 1576 1216 1635 n’a point été des dernières à répondre à l’appel fait à
145 1632 1215 1693 tous. Ma chère, à la vue de ces riches épis de froment
142 1681 1202 1747 et de seigle, de ces échantillons de coton neigeux rem¬
142 1742 1213 1803 plis de promesses, de ces masses tordues de soie vé¬
142 1799 1217 1862 gétale que l’industrie assouplira, de ces vigantesques
143 1848 1215 1916 tiges d’une plante dont toi et moi nous ne faisons pas
147 1900 1212 1957 grand cas, il est vrai, mais que nos pères et nos frères
138 1953 1215 2018 regardent d’un tout autre œil, et pour laquelle d‘ail¬
138 2000 1212 2064 leurs la France doit aspirer à être, de moins en
142 2059 1212 2115 moins, tributaire de l’étranger; je parle du tabac; à
135 2114 1204 2169 la vue de ces énormes rondelles de tuya du ton
147 2171 1213 2228 plus beau, dont les arabesques naturelles étonnent
131 2229 1213 2280 autant par leur multiplicité que par leurs caprices, de
147 2279 1198 2343 ce tuya qui, dans un temps donné, détrônera certai¬
135 2322 1202 2395 nement l’acajou, on ne peut s'empêcher d’un mou¬
135 2379 1210 2451 vement d'orgueil en se disant que cette terre généreuse
147 2436 1204 2485 qui ne demande qu’à produire, notre brave armée
135 2483 1198 2552 nous l’a conquise; plus encore, l‘a conquisé à la civi¬
138 2524 1200 2591 lisation, en la faisant procéder dans la voie du pro¬
142 2577 1200 2654 grès par manière d’escalade ; en effet, ce sont les bu¬
135 2639 1200 2694 reaux arabes qui gouvernent dans l’intérieur de l‘Al¬
142 2693 1205 2755 gérie, et les bureaux arabes, si tu ne le sais, sont de
135 2742 1202 2796 petits centre échelonnés selon les besoins, où un of¬
135 2796 1204 2863 ficier et ses aides sont préposés à soutenir, à encou¬
135 2851 1205 2920 rager les colons, à signaler à l’autorité supérieure les
137 2907 1202 2973 meilleurs mode de culture mis en pratique dans leur
141 2946 1200 3016 district, la découverte des sources, la naturalisation
133 2994 1204 3077 de quelque plante nutritive, de quelq’ue arbre dont
137 3054 1198 3134 l'ombre sera bénie par la génération qui s'élève, l'éta¬
138 3105 1200 3172 blissement de quelque école où les enfants arabes
141 3161 1201 3235 puisent des idées régénératrices, que nécessairement
137 3209 1201 3278 ils reportent dans leur famille, sans soupçonner qu’ils
134 3272 1192 3339 accomplissent une mission; enfin, c'est dans ces bu¬
137 3304 1201 3397 reaux que se rend la justice, tant aux Français qu’aux
141 3360 1192 3452 Arabes, et ceci n’est pas l’obligation la moins impor¬
134 3419 1189 3502 tante, les Arabes se montrant, à ce qu’il paraît, ex¬
134 3456 1194 3557 traordinairement processifs, et aussi peu disposés que
134 3527 1185 3595 ces Normands d’autrefois, je dis d‘autrefois! à arti¬
134 3576 1194 3659 culer une franche et nette affirmation; pour tirer un
128 3631 1192 3714 aveu de leurs lèvres, ou trop sobres ou trop prolixes,
134 3672 1185 3769 il faut une adresse peu commune, unie à une perspi¬
128 3745 1194 3811 cacité que rien n’égare ! Il faut tout simplement que
137 3771 1194 3872 les chefs des bureaux arabes soient autant de petits
97 3822 326 3920 Salomons !
1358 417 2383 503 Si les expositions d’horticulture tendent à amener
1311 463 2383 544 les fruits de la terre à un perfectionnement dont on
1304 529 2382 610 n’aperçoit pas les limites, nous avons des causes qui
1313 587 2390 663 un jour ne seront point sans influence sur l'élève des
1305 628 2375 715 infatigables compagnons de travail de l’homme, sui
1304 686 2382 760 l'élève des chevaux de labour ; dans ces causes, ap¬
1324 741 2372 799 pelées causes au pas, bien que ces deux mots sem¬
1305 795 2386 863 blent s’étonner de leur rapprochement, les belles pro¬
1315 847 2391 925 portions des concurrents et leur force sont aussi bien
1309 903 1958 960 récompensées que leur vigueur.
1355 925 2387 1017 Tout dernièrement, à Maisons-Laffitte, après une
1308 1013 2391 1070 course de ce genre, alors que d’un côté on dinait ou
1304 1051 2379 1135 dansait sur les vastes pelenses du parc, d’un autre
1308 1114 2383 1182 côté se passait une charmante scène dont les acteurs
1305 1175 2375 1224 sont des canotiers et un vieux mendiant, celui-ci es¬
1300 1221 2380 1274 sayant en vain d'arracher quelques notes plus ou
1300 1274 2379 1354 moins suaves à une pauvre vieille quitare, aussi
1309 1313 1907 1386 vieille que lui pour le moins.
1344 1367 2374 1443 Les canotiers, tous artistes fort distingués, et parmi
1300 1439 2375 1500 eux M. K..., quoique riant et causant un peu haut,
1308 1486 2378 1551 peut-être, comme se le permettent trop facilement les
1302 1531 2374 1604 jeunes gens bien élevés, dès qu’ils ont revêtu la cotte
1300 1585 2375 1653 et arboré le chapeau ciré de rigueur; mais n’épilo¬
1305 1638 2379 1703 guons point, l’instant en serait on ne peut plus mal
1300 1695 2384 1753 choisi; les canotiers donc s’apercevant que le vieux
1300 1742 2384 1815 bonnet du pauvre virtuose est absolument veuf de
1300 1799 2380 1856 toute monnaie, sont pris de pitié ; le regard pâle de
1297 1843 2371 1908 M. K... s’illumine d’une idée généreuse; il s‘empare
1296 1898 2375 1968 de la vieille quitare, prélude, et, après un petit speech
1293 1946 2371 2014 à l'auditoire, chante la Fiancée du Timbalier, paroles
1293 2014 2368 2068 de Victor Hugo, musique de M. K... lui-même,
1293 2054 2359 2125 musique originale et touchante, rendant aussi par¬
1293 2118 2368 2169 faitement la situation que si elle se fût échappée, du
1300 2171 2368 2228 propre cerveau du poète! Les camarades de M. K...
1293 2214 2364 2282 répétaient le refrain en chœur. La ballade terminée,
1297 2272 2364 2334 M. K... prend le bonnet du vieux mendiant, et fait la
1297 2324 2374 2384 quête ; naturellement, lui et ses compagnons avaient
1293 2378 2360 2440 prêché d’exemple; toujours est-il que la quête pro¬
1293 2428 2364 2486 duisit, tant pièces d’argent que sous de cuivre, 50 fr.!
1290 2474 2364 2549 50 francs! Le vieillard en pleurait, et les généreux
1288 2537 2361 2609 canotiers n’étaient pas loin d’en faire autant. Est-ce
1293 2587 1434 2659 gentil ?
1332 2639 2361 2702 Maintenant, ma belle, que nous avons causé, comme
1282 2693 2363 2759 si tant et tant de kilomètres ne se trouvaient point
1290 2747 2364 2829 entre nous, travaillons ! Ah! si jamais travail n’était
1293 2797 1508 2874 plus rude!
1330 2824 2364 2921 1, QUART D’UN MOUCHOIR, dont le dessin, à part les
1282 2913 2359 2967 tiges et les nervures, peut se faire entièrement au
1282 2966 2359 3017 feston, et le feston, dans des conditions telles que te
1281 3011 2359 3082 l’offre ce dessin, sort tellement de l’ordinaire qu’il
1281 3066 2356 3132 équivaut à du plumetis. En effet, ne trouves-tu pas
1282 3126 2352 3197 comme moi que cette rose, avec son feuillage et ses
1282 3177 2011 3253 boutons, est réellement charmante?
1324 3226 1706 3296 2, A. Z. Plumelis.
1324 3274 1704 3350 3, L. B. Plumetis.
1327 3285 2355 3391 4 et 5, COL ETMANCHETTE, se brodant au plumetis
1286 3389 2348 3446 sur mousseline ou sur jaconas; tu peux les broder
1286 3431 2347 3496 tout simplement comme les voilà, ou bien en plaçant,
1277 3471 2344 3545 soit le jaconas, soit la mousseline double, sous ces es¬
1286 3534 2353 3607 pèces de palmes, tandis que l'étoffe se trouverait
1279 3577 2347 3648 simple sous le semis de trèfles; au bord du colet de
1279 3646 2353 3715 la manchette, une petite valencienne ou guipure doit
1279 3687 1944 3768 suivre les ondulations du feston.
1320 3734 2023 3811 6, M. F. Plumetis, æillets ou pois.
1327 3799 2341 3867 7, BAS DE JUPON, que tu peux aussi bien placer au
1274 3849 2334 3941 bord qu'au dessus d’un ourlet de dix à douze centi¬
