2822 3966
1617 11 1713 108 150
595 102 1600 183 morts, de Fénelon; les Oraisons funèbres, de Bos¬
605 165 1613 223 suet; les Pensées, de Pascal ; les Fables de la Fon¬
605 223 1624 284 taine; les Lettres de madame de Sévigné; les Poésies
605 269 1617 322 de Boilean; De l’Éloquence chrétienne au quatrième
602 320 1614 391 siècle, de Villemain; le Génie du Christianisme, de
605 372 1614 431 Châteaubriand; les premières Méditations et les
602 429 1612 484 Harmonies de Lamartine; les Odes de Victor Hugo;
595 473 1618 538 les Poésies de madame Ta-tu; Esquisse de Rome
605 536 1616 593 chrétienne, de Gerbet; De l'Allemagne, par madame
595 574 1606 647 de Staël; Mes Prisons, de Silvio Pellico; le Guil¬
599 625 1618 702 laume Tell de Schiller; le Paradis perdu, de Million;
605 683 1609 750 et (lorsque vous serez plus âgée), les Marturs, de
595 732 905 827 Châteaubriand.
593 829 1601 907 Voilà, ma chère Albertine, en dépit de mes prévi¬
542 892 1597 959 sions, un Catalogue assez complet pour une biblio¬
534 955 1594 1019 thèque de jeune fille, et je pourrais, il me semble
535 1007 1600 1078 me dispenser de vous parler des ouvrages d'agrément,
539 1058 1602 1128 puisque vous réunissez là un grand nombre de livres
539 1113 1601 1176 où le charme de l'imagination se joint à la beauté du
534 1162 1600 1221 style et des pensées. Cependant, ne laissons pas notre
540 1225 1590 1275 œuvre incomplète, et tâchons de vous signaler quel¬
544 1269 1597 1342 ques-uns de ces livres où la fiction ne blesse ni les
547 1317 1142 1407 vraisemblances ni la morale :
535 1400 1588 1511 OUVRAGES D'AGRÉMENT. — Don Quichotte ; les Fiancés,
578 1495 1594 1556 de Manzoni; Guy Mannering, l'Antiquaire, les
576 1550 1586 1608 Fiancés, le Talisman, Waverley, Rob-Roy, Red¬
570 1596 1597 1661 gauntlet, Quantin Durward, Anne de Geierstein, le
575 1663 1596 1724 Pirate, de Walter Scott; l'Espion, le Corsaire Rouge,
570 1703 1582 1778 les Pionniers, de Cooper; Fabiola, du Cardinal Wi¬
566 1751 1589 1827 seman; Hélène, de miss Edgeworth; la Maison du
568 1808 1573 1872 Cap, de M. Violeau; les Mémoires de la Sœur Saint-
566 1855 1398 1933 Louis, de Veuillot; Picciola, de Saintine.
552 1981 1584 2046 Je crois qu’il est temps de me borner, car la liste
507 2014 1578 2097 des ouvrages de pur agrément dépasserait les limites
515 2078 1565 2167 que je veux vous tracer. Distraction, délassement
514 2132 1574 2208 repos de l’esprit, ces livres doivent être choisis avec
507 2180 1573 2258 scrupule, lus avec sobriété, et ne pas empiéter, en¬
502 2244 1573 2305 core un coup, sur les lectures utiles et les devoirs de
503 2287 1570 2369 l’état. Ces livres que je viens de vous signaler sont
500 2343 1570 2408 des romans, les meilleurs, les plus purs, les plus di¬
499 2401 1562 2474 gnes, mais encore des romans, c’est-à-dire un ali¬
496 2448 1570 2521 ment dangereux pour une imagination faible, un
502 2492 1568 2571 écusil où sont venus se briser beaucoup de bonnes
499 2549 1572 2624 résolutions, de désirs vertueux et de jeunes existences
492 2589 1565 2674 à qui le bonheur semblait promis. Réfléchissez à ces
504 2655 1564 2731 paroles, chère Albertine, réfléchissez à l'influence
503 2716 1561 2778 qu'un livre peut avoir sur toute votre vie, et, je vous
494 2761 1554 2840 en conjure, ne commencez la lecture d'un roman,
487 2811 1558 2888 fût-ce le meilleur qui soit jamais sorti d'une plume,
487 2860 1561 2942 qu’après mûre réflexion et après vous être entourée
487 2916 1557 3005 de sages conseils. Un auteur qui n'est pas suspect en
483 2960 1542 3048 pareille matière, George Sand, dit : « Il existe de ma¬
484 3021 1552 3099 dame de Genlis un roman publié sous la Restauration,
479 3080 1542 3148 un des derniers, je crois, qu'elle ait écrits, et dont je
469 3123 1542 3207 n’ai jamais entendu parler depuis cette époque. J’a¬
477 3182 1549 3261 vais seize ou dix-sept ans quand je le lus. Je ne me
475 3223 1542 3306 le rappelle pas bien, mais il m'a vivement impressionnée
477 3277 1541 3364 et il a produit son effet sur toute ma vie. » Pesez ces
475 3328 1541 3416 paroles, ma chère fille, voilà le prestige d'un roman,
468 3385 1542 3468 faible production d'une plume débile, et voyez si l'on
471 3435 1539 3519 peut risquer de gaieté de cœur le repos de son âme
473 3487 1279 3580 pour l'amusement de quelques heures...
1747 100 2758 206 Les meilleurs romans sont dangereux, jugez des
1703 159 2762 255 livres corrupteurs que la presse répand autour de
1704 221 2755 309 nous, et dont le poison a corrodé tant de jeunes âmes!
1705 263 2753 356 La foi, la vertu, l’amour du bien succombent pen¬
1711 326 2755 409 dant ces fatales lectures, où l'imagination se repaît
1700 372 2747 467 tour à tour de maximes perverses et de tableaux cri¬
1703 427 2754 507 minels. soyez-en sûre, le nombre des jeunes per¬
1696 479 2757 576 sonnes qui se perdent par la lecture des romans est
1700 522 2741 613 incalculable. Pour peu qu'elles aient le cœur tendre,
1693 579 2745 663 l’imagination vive, elles doivent se les interdire à ja¬
1697 645 2754 722 mais ; autrement leur vie deviendra un enchaînement
1696 693 2742 777 de peines, de mélancolies, et plus tard de regrets.
1691 746 2753 823 Elles sont d'abord touchées par cette lecture, puis des
1693 808 2747 876 peintures vives frappent leur imagination; des scènes
1693 855 2743 926 qui ne se sont jamais passées que dans le fécond cer¬
1696 916 2742 978 veau des romanciers les occupent, et obscurcissent
1691 950 2743 1037 peu à peu leur jugement; un idéal de dévouement,
1692 1010 2749 1081 de courage, de tendresse, qui ne se trouve que dans
1692 1059 2743 1138 les livres, vient charmer leur cœur. Ces infortunées
1681 1119 2747 1185 ne voient la vie qu'à travers un prisme; elles se
1683 1164 2741 1236 dégoûtent insensiblement de leur entourage; l’exis¬
1680 1222 2745 1295 tence telle qu'elle est leur pèse ; elles cherchent hors
1681 1271 2747 1348 du cercle de leurs parents, de leur vrais amis ce
1681 1325 2731 1403 qu'elles ont rêvé; de là des déceptions, et trop sou¬
1688 1390 2747 1455 vent des erreurs déplorables. L'âme, énervée par ces
1679 1428 2738 1507 fausses peintures, n’est plus capable d’un effort gé¬
1677 1487 2750 1557 néreux; l'esprit, abusé par les Sophismes, ne distingue
1677 1535 2738 1600 plus le vice d’avec la vertu, et sans force pour les
1676 1589 2733 1652 devoirs sérieux, sans goût pour les pures et chastes
1671 1632 2731 1705 affections, la jeune fille, la Jeune femme, gâtée par
1673 1683 2731 1756 les mauvais livres, se desséchera dans l’amertume et
1665 1731 2726 1807 l'ennui, ne donnera le bonheur à personne, et peut¬
1668 1787 2728 1866 être, hélas ! s'égarera dans les voies coupables!.....
1667 1847 2737 1923 Croyez-en ma longue expérience : ce que je vous dis
1667 1886 1950 1954 là, je l’ai vu.
1707 1950 2730 2029 Donc, mon enfant, fuyez tous les romans, et si ceux
1668 1985 2728 2076 dont vous dépendez vous permettaient parfois une
1656 2054 2728 2115 lecture de ce genre, ne lisez que ceux que je vous
1658 2103 2719 2169 indique, et défiez-vous, comme d’un poison, de la
1652 2156 2723 2227 nouvelle littérature française, des feuilletons, et de
1652 2210 2720 2283 ces tristes publications que l’on donne pour quatre
1654 2264 2720 2333 sous. Que jamais un ouvrage corrupteur ne passe le
1653 2321 2715 2397 seuil de votre maison, car vous répondez de votres
1646 2367 2707 2429 frère, de votre jeune sœur et de vos domestiques :
1654 2418 2718 2490 votre négligence à cet égard pourrait entraîner des
1645 2480 2704 2540 malheurs dont Dieu vous demanderait un jour un
1648 2539 2711 2589 compte rigoureux. Songez à l'impression que peut
1640 2584 2699 2639 faire un mauvais livre sur la tête d’une jeune ser¬
1649 2630 2699 2694 vante, dont le jugement n'est pas formé, et qui n’a
1642 2678 2695 2743 pas, comme vous, des amis pour l’éclairer et une
1640 2739 2696 2795 éducation solide pour la défendre! La jalousie, l'en¬
1640 2782 2698 2860 vie, la paresse, le dégoût de son état, la soif des plai¬
1634 2844 2704 2901 sirs, tout ce mal peut être enfanté par la négligence
1629 2889 2699 2953 d’une femme qui aura laissé traîner un feuilleton sur
1628 2934 1815 3001 sa table !
1676 2995 2694 3072 Lisez, mon enfant, mais lisez de bons livres, amis
1636 3050 2700 3122 vrais qui vous donneront de salutaires conseils, et
1621 3095 2686 3173 n’entreprenez pas un voyage vers l'inconnu litté¬
1630 3152 2690 3219 raire sans vous être munie d'un bon guide. C'est un
1629 3199 2690 3266 avis, je devrais dire une prière dictée par la plus
1629 3262 2692 3332 tendre affection, par le cœur d'une amie qui vous
1625 3313 2688 3370 souhaite le bonheur, la tranquillité de l’âme et le re¬
1624 3370 2695 3439 pos de la conscience, toutes choses incompatibles
1622 3412 2329 3484 avec la lecture des mauvaislivres.
1660 3468 2366 3548 Adieu, chère Albertine, à bientôt.
2385 3523 2525 3601 M. M.
