2897 4318
1208 284 1300 372 357
204 363 1203 426 Ces esprits manifestants, qui transforment de sim¬
166 430 1200 488 ples désaccords en formidables haines, qui ne les con¬
162 480 1216 538 naît? Tantôt, sous les fraits d’une jeune fille étourdie,
158 533 1217 592 ils s’en vont, répétant à droite ce qu’à gauche ils ont
160 582 1217 642 entendu; tantôt, sous le masque de gens respectables
160 638 1213 692 et prétendant faire montre de bonne amitié, ils vous
166 686 1213 740 viennent abreuver d’amertume, au moyen de ce qu’ils
157 736 940 790 appellent de charitables avertissements.
200 791 1212 859 Ces esprits sont les fléaux des sociétés. Que de
160 839 1213 903 vieilles amitiés ils ont rompues ! que de chastes et
162 895 1212 961 doux liens sur le point de se former ils ont brisés !
162 947 1204 1002 que de réputations jugées inattaquables ils ont pour¬
157 989 1211 1062 tant attaquées et amoindries! Qu’ils aient ou qu’its
157 1051 1212 1114 n’aient pas la conscience du mal qu’ils font, ceux
162 1105 1205 1159 qui n’hésitent point à reported à l’un ce que l‘autre
161 1154 1212 1208 dit, devraient être condamnés à une quarantaine
157 1197 582 1266 sévère et sans terme.
198 1251 1209 1321 Des gens de cette espèce n’avaient point manqué
154 1315 1203 1362 de surgir entre les héritiers Morel; aussi, quinze mois
148 1362 1203 1423 après la mort du capitaine, non-seulement les deux
157 1414 1205 1469 tiers de la succession étaient restés aux griffes de la
160 1466 1205 1515 chicane, mais encore, à mesure que l’argent s’échap¬
157 1515 1205 1576 pait de leurs mains, ces quatre personnes, s'accusant
157 1576 1200 1629 mutuellement de la ruine commune, se sentaient
158 1619 1203 1685 prises d'une telle rage, qu'elles ne se pouvaient plus
150 1668 1192 1730 rencontrer, sans que la colère et l’indignation vins¬
154 1721 704 1780 sent ébranler tout leur être.
191 1783 1196 1834 Des trois sœurs, l’ainée seule, la femme du capi¬
150 1829 1207 1892 taine Doulens, avait une fille, qui, à l’époque où
148 1883 1197 1944 cette haine fraternelle semblait arrivée à son pa¬
141 1935 1196 1994 raxysme, se disposait à faire sa première communion.
183 1993 1192 2048 Anna-Cécile était une enfant rose et gaie, très-sen¬
146 2051 1190 2101 sible, mais, pour le moins, aussi étourdie que sen¬
140 2085 256 2148 sible
183 2125 1197 2197 Comme une enfant qu’elle était, Anna-Cécile avait
145 2194 1192 2255 assisté aux tristes débats de sa famille, sans en com¬
148 2252 1195 2308 prendre la portée, et sans y prêter, d’ailleurs, une
145 2296 1193 2361 attention dont elle n’était pas susceptible, et, par
145 2355 1193 2407 suite, elle n’avait pas plus ressenti de chagrin de
144 2399 1193 2465 ces tristes sentiments de haine qu’elle ne les avait
148 2449 327 2516 partagés.
181 2502 1195 2561 L’époque de sa première communion venue, la
146 2548 1191 2612 jeune fille, très-préoccupée de la belle toilette qui lui
148 2611 1195 2665 était promise, était, il faut le dire, mal disposée pour
145 2661 1193 2717 cette sainte action; sans doute, elle aurait répété petit
141 2713 1195 2768 et grand catéchisme, sans en manquer un mot, mais
136 2765 1193 2830 l’esprit du livre n’avait point penétré jusqu’à son
145 2821 1188 2875 cœur, lorsqu’un soir, par une faveur spéciale de son
141 2860 1195 2926 bon ange peut-être, elle, qui disait toujours ses
148 2918 1179 2982 prières très-vite, et sans nullement s’arrêter aux pa¬
141 2972 1183 3030 roles que marmottaient ses lèvres, s’arrêta subite¬
140 3019 1195 3079 tement à ce verset du Pater Noster, de cette divine
141 3075 1182 3131 prière, qui résume tous les cris de nos âmes : « Par¬
141 3123 1195 3181 donnez-nous nos offenses comme nous les pardonnons
145 3173 740 3236 à ceux qui nous ont offensés.»
186 3226 1176 3280 Pardonnez-nous nos offenses comme nous les par¬
140 3282 1191 3340 donnons à ceux qui nous ont offensés ! murmura-t-elle
145 3319 1188 3388 à diverses reprises, et chaque fois, quelque chose
140 3373 1195 3446 d’aigu traversait son âme, ses yeux devenaient fixes;
149 3425 1191 3495 il était évident que, pour la première fois, ce verset
141 3475 1044 3541 éveillait en elle des idées qui l’épouvantaient.
187 3537 1190 3595 « Mon Dieu ! mon Dieu! s'écria-t-elle enfin, mais
140 3586 1188 3652 si maman ne pardonne pas à mon oncle Jean-Marie
150 3634 1180 3694 et à mes tantes Louise et Aline, vous ne lui pardon¬
150 3682 1193 3748 nerez donc pas, et les portes du Paradis ne s'ouvriront
148 3725 529 3807 jamais pour elle?»
1340 384 2332 463 Et, accablée par cette pensée, l’enfant, à deux ge¬
1292 434 2345 524 noux devant son petit crucifix d'ébène, resta long¬
1294 495 2085 559 temps plongée en d’indicibles angoisses.
1339 546 1882 611 Elle se releva transformée!
1335 608 2334 684 A partir de ce jour, sur son charmant visage, d’où
1299 661 2336 742 s’effacèrent les brillantes couleurs de la santé et l’é¬
1304 708 2341 789 panouissement du sourire, ses parents remarquèrent
1292 775 2342 833 une préoccupation dont ils s'étonnèrent autant qu'ils
1295 807 1646 880 s'en inquiétèrent.
1337 872 2343 942 C’est qu’en effet, un désir ardent s’était emparé de
1295 930 2341 993 cette jeune fille ; un projet de bien difficile exécution
1292 971 2341 1052 la poursuivit sans cesse; elle voulait réconcilier sa
1295 1035 2341 1101 mère avec son oncle et ses tantes, et elle ne désespéra
1306 1073 1604 1150 pas d’y réussir.
1336 1138 2329 1221 combien, désormais, ses prières furent serventes !
1294 1184 2338 1270 Elle sentait que c’était de Dieu qu’elle devait attendre
1295 1242 2332 1324 l'assistance suprême, et elle ne lui parlait plus qu'a¬
1295 1295 2334 1372 vec un cœur embrasé d’amour. Ce n’était plus l'en¬
1294 1344 2342 1420 fant dont les lèvres murmuraient à la hâte des paroles
1290 1404 2345 1476 incomprises; maintenant, le plus souvent, sa bouche
1282 1466 2332 1522 restait close, mais, que de touchantes laspirations se
1287 1495 2342 1572 lisaient dans ses regards humides et dans des deux
1295 1560 2332 1627 petites mains si étroitement enlacées ! Les divins en¬
1287 1614 2332 1673 tretiens que ceux de cette âme et de son Créateur!
1284 1659 2334 1735 Les doux parfums que ceux de cette naïve piété, et
1287 1718 2330 1771 combien ils devaient ravir l'ange, chargé de les por¬
1283 1767 2330 1825 ter aux pieds du Saint des Saints ! Les vénérables ca¬
1287 1820 2322 1881 téchistes qui, maintes fois, avaient déploré la légèrete
1283 1874 2329 1928 d’Anna-Cécile, étaient émerveillés de sa métamor¬
1286 1929 2328 1989 phose et se voyaient presque obligés de modérer son
1286 1977 2320 2030 ardeur ; celui qui la recevait au tribunal de la péni¬
1286 2022 2313 2088 tence ne cessait, chaque fois, d’admirer quels mira¬
1286 2082 2123 2136 cles la charité peut opérer dans les cœurs.
1325 2127 2321 2208 Cependant, on était arrivé à la veille même du jour
1277 2192 2313 2235 fixé pour la première communion. Anna-Cécile sou¬
1275 2231 2325 2299 haitait ardemment cette journée, et l’attendait, à la
1279 2291 2329 2349 fois, avec un certain tremblement; on lui avait dit
1279 2338 2317 2411 qu’à l’instant où, pour la première fois, le jeune chré¬
1277 2395 2317 2445 tien s’approche de la sainte table, les demandes qu’il
1277 2446 2320 2499 adresse au Ciel sont exaucées; elle voulait demander
1273 2494 2322 2556 à Dieu la réconciliation de sa mère avec son oncle et
1271 2549 2322 2605 ses tantes, et, lorsque la pensée lui venait que ce
1279 2598 2317 2664 qu’elle se proposait de demander lui serait accordé,
1279 2653 2306 2706 son visage rayonnait d’une joie si pure, que ses pa¬
1271 2707 2318 2761 rents s’en trouvaient éblouis et étonnés, tout éloi¬
1271 2768 2320 2817 gnés qu'ils étaient de comprendre la véritable cause
1271 2808 1680 2872 de ce rayonnement.
1313 2864 2320 2941 Préalablement, et comme pour préparer les voies à
1271 2912 2305 2974 la chère réalisation de ses vœux, chaque fois que,
1271 2974 2308 3020 sortant avec sa bonne, Anna-Cécile avait rencontré
1271 3019 2321 3077 son oncle et ses tantes, elle leur avait adressé son plus
1271 3060 2312 3129 doux sourire et leur avait fait sa plus belle révérence;
1271 3111 2305 3182 il est vrai que, comme ce n’était pas son habitude,
1273 3164 2310 3230 l'oncle et les tantes s'étaient imaginé, chacun à part
1274 3223 2305 3285 soi, qu'elle se permettait de se moquer d'eux, et leur
1274 3285 2297 3336 animosité pour madame Dourlens s'en était augmen¬
1271 3317 2293 3387 tée. Un jour même, l’oncle Jean-Marie impatienté,
1274 3379 2309 3437 s'était avancé vers elle, la main levée, comme pour
1271 3422 2303 3495 la châtier de son impertience; mais sa main était re¬
1277 3480 2310 3541 tombée dans la poche de son paletot, et il était resté
1277 3522 2313 3599 pétrifié devant un petit bouquet de violettes que, sans
1274 3592 2305 3648 avoir témoigné la plus légère crainte, l'aimable en¬
1271 3620 2312 3686 fant lui avait présenté à l'occasion de la Saint-Jean;
1274 3675 2309 3748 il n’avait pu, même, empêcher sa main de sortir de
1271 3722 2306 3789 sa poche, afin de recevoir le bouquet, et il avait
