2822 3966
1515 157 1593 224 10
491 241 1518 330 dans les nuits sereines, le père Juan, élevant son âme
487 297 1509 390 vers le Créateur des mondes, suivait avec attention le
480 343 1517 427 cours harmonieux des astres. Ardente comme un
489 398 1518 491 phare, sa pensée errait au delà des flots. A l’aspect
485 452 1497 529 des vagues s’allant perdre dans un lointain insaisis-
485 498 1518 579 sable, vers l’occident, il se demandait si par delà ces
481 542 1511 633 espaces, que n’avait jamais franchis aucune voile, s’é¬
485 593 1507 679 tendait réellement l’empire de la mer ténébreuse, ce
481 644 1511 736 formidable Océan, ainsi nommé à cause des ténèbres
485 713 1497 791 et de l’obscurité qui voilaient sa nature, sa profon-
484 760 1088 841 deur, ses limites insondables. »
526 815 1495 880 Un homme vint qui répondit à ces vagues ques
481 857 1503 927 tions. Un jour, un étranger se présenta à la porte du
476 922 1505 990 monastère, demandant un peu d’eau et de pain pour
475 973 1505 1048 son fils. Le père Juan se trouvait là ; il remarqua l’air
479 1010 1497 1089 de distinction de cet homme, contrastant avec son dé-
484 1072 1503 1137 nûment. Reconnaissant à son langage qu’il était
476 1108 1498 1191 étranger, il se sentit pris d’une curiosité mêlée d‘in-
476 1174 1505 1240 térêt, et lui demanda d’où il venait, où iI allait. Le
481 1215 1503 1287 voyageur lui répondit très-simplement qu’il venait
475 1267 1505 1340 d’Italie, qu’il allait à la cour voir les rois (1), afin de
479 1324 1507 1411 leur communiquer un projet important. Le père Juan
476 1379 1498 1456 engagea l’étranger à entrer dans le cloître pour s'y
476 1435 1250 1494 reposer un peu, ce que celui-ci accepta.
518 1478 1283 1544 « Ce voyageur était Christophe Colomb.
517 1523 1506 1609 » Comment se trouvait-il amené dans ce monastère?
481 1585 1246 1660 C’est ce que personne ne saurait dire. »
518 1631 1505 1703 Le père Juan vit Colomb, l'aima et le comprit. Il le
479 1692 1502 1759 garda longtemps dans son monastère, le traitant en
472 1742 1502 1801 frère, se chargeant de l’éducation de son fils, et il ne
469 1783 1485 1850 le laissa partir pour Cordoue, où résidait la cour
476 1844 1505 1906 qu’après l’avoir muni de lettres de recommandation.
468 1888 1505 1954 Après une longue attente, Colomb obtint une audience
469 1937 1498 2016 des rois. Malgré la pauvreté de ses vêtements et son
469 1999 1502 2056 accent étranger, il parut sans hésitation devant les
476 2052 1513 2110 souverains. La dignité de son visage, la grâce austère
476 2101 1498 2167 de son maintien, se déployant avec la noble familia-
476 2144 1507 2204 rité de sa parole, frappèrent leur attention. On eût
479 2194 1506 2254 dit un roi déguisé conversant avec ses égaux. Son
476 2250 1497 2310 éloquence pénétra le cœur d’Isabelle. Glorifier le Ré¬
472 2309 1495 2361 dempteur, porter l’Évangile, la civilisation aux con¬
476 2359 1517 2415 trées les plus extrêmes, utiliser ainsi la puissance
476 2409 1513 2494 temporelle, tel était le noble but qu’on offrait à ses
476 2463 646 2535 regards.
518 2492 1513 2570 Cependant elle ne put suivre l’élan de son âme, car
476 2565 1497 2614 ceux qui l’entouraient étaient peu disposés à la se-
476 2612 1505 2665 conder. Colomb languit longtemps dans l’attente ; dés-
476 2667 1507 2725 espérant de réussir, il retourna auprès du père Juan :
479 2721 1513 2769 celui-ci mit en oeuvre toutes ses relations et parvint à
476 2764 1503 2830 renouer des négociations qui semblaient rompues. Co¬
481 2822 1517 2878 lomb se présenta de nouveau devant Isabelle ; elle
479 2876 1517 2930 l’écouta; et enfin, par un mouvement confiant et
476 2920 1517 2992 généreux, elle déclara qu’elle acceptait l’entreprise
476 2987 1511 3036 pour son propre compte, comme reine de Castille.
476 3025 1511 3087 Elle accepta aussi toutes les propositions de Colomb;
481 3078 1514 3136 il serait : vice-roi, — gouverneur-général des îles et
485 3131 1517 3186 terre ferme à découvrir, — grand amiral de la mer
485 3183 1507 3247 Océane, — ses dignités se transmettraient dans sa fa-
481 3235 1515 3290 mille par droit d’aînesse, — il recevrait la dîme de
480 3285 1498 3359 toutes les richesses découvertes dans les régions sou-
480 3330 894 3394 mises à son autorité.
526 3384 1522 3476 Maintenant, quel était le secret de ces demandes
517 3533 1518 3621 (1) On donnait le nom collectif de rois à Isabelle et à
481 3579 684 3663 Ferdinand.
1593 224 2624 291 gigantesques? Le voici, tel qu’il lui échappa dans une
1593 278 2634 339 conversation avec les rois : il voulait, au moyen des
1594 340 2616 398 trésors du Nouveau-Monde, affranchir le saint sépul¬
1593 392 2641 448 cre du joug des musulmans, soit en le rachetant, soir
1596 438 2640 497 en armant des troupes pour le délivrer. Il aurait remis
1593 491 2622 541 aussitôt le gouvernement de Jérusalem au saint-
1589 534 2630 595 siège, se bornant, lui, à l’honneur d’être la sentinelle
1602 592 2638 658 de l’Église, au seuil de la terre miraculeuse où s’est
1593 648 2163 707 accomplie notre rédemption.
1647 692 2591 749 Tels étaient les projets et l’ambition de Colomb :
1594 740 2636 810 porter au loin l’Evangile du Christ et délivrer son
1592 797 1776 874 tombeau.
1641 851 2623 903 Appuyé par l’autorité d’Isabelle, il s’occupa active¬
1589 893 2640 960 ment de faire armer les trois caravelles destinées à
1596 947 2624 1008 l’expédition; ce ne fut pas sans difficulté, car les pré-
1593 1000 2622 1070 jugés du peuple et des marins s’opposaient à son en-
1593 1047 2630 1113 treprise. On la regardait comme une dangereuse fo¬
1586 1092 2636 1158 lie, à laquelle tous se refusaient de concourir. Le zèle
1586 1157 2641 1205 et le crédit du père Juan lui vinrent encore en aide.
1586 1199 2623 1261 Il parvint, à force de démarches, à réunir trois équi-
1596 1253 2632 1325 pages de bonne volonté, à presser l’armement des na-
1593 1308 2640 1361 vires, et la tradition populaire parle encore d’un moine
1586 1357 2636 1412 franciscain qui suivait partout Colomb et le servait
1589 1410 2623 1464 en toutes choses. Enfin, après dix-huit années d’at
1586 1456 2636 1519 tente et d’inutiles démarches, dans la nuit du 3 août
1605 1511 2636 1577 1492 le vent se leva et donna le signal du départ.
1597 1557 2640 1625 Colomb entendit la messe de son ami, communia de
1586 1622 2641 1677 sa main et descendit au rivage de Palos. Les voix des
1596 1668 2632 1743 pilotes de service et le sifflet des contre-maîtres com¬
1586 1716 2634 1788 mandant les manœuvres de l’appareillage, réveillè-
1596 1771 2640 1836 rent les maisons voisines. Le cri : Ils partent ! ils
1593 1820 2635 1891 partent ! retentit de tous côtés. Les mères, les enfants
1593 1875 2645 1940 des marins accouraient sur le quai en versant des
1598 1927 2647 1987 pleurs; les parents et les amis se jetaient dans les
1592 1978 2651 2039 barques pour s’approcher des caravelles et faire un
1598 2027 2636 2086 signe à ceux qu’ils ne reverraient peut-être plus. Co-
1596 2081 2634 2144 lomb pressait sur son cœur le franciscain ému jus
1596 2127 2651 2188 qu’aux larmes ; il lui fit ses adieux et se jeta dans le
1593 2181 2615 2235 canot qui eut rejoint en un instant la Santa-Maria.
1641 2242 2641 2287 « On arbora le royal étendard de l’expédition.
1596 2281 2651 2343 Fidèle emblème des sentiments de Colomb, d’Isabelle
1598 2337 2653 2392 et du but réel de l’entreprise, ce drapeau portait
1593 2396 2651 2444 l’image de Notre-Seigneur en croix. Alors, saluant
1593 2448 2634 2500 avec sérénité la foule pressée sur le rivage, puis en-
1608 2494 2649 2554 voyant de la main un dernier adieu à son ami Juan
1602 2547 2634 2602 Perez, Colomb prit place au banc de quart, et tout pé
1598 2597 2652 2655 nétré du but de son voyage, dominant de sa voix les
1598 2648 2659 2717 bruits divers, „il commanda au nom de Jésus-Christ
1598 2701 2135 2761 de déployer les voiles...... »
1641 2756 2648 2813 Dans un prochain article nous raconterons les
1598 2804 2659 2864 quatre voyages de Colomb; c’est un récit qui, sous la
1608 2864 2657 2921 plume de M. Roselly de Lorgues, s’est revêtu des plus
1605 2918 2485 2984 vives couleurs et de la plus touchante poésie.
2382 2958 2492 3033 M. F.
1805 3114 2457 3234 VEILLÉES BRETONNES
1867 3223 2376 3297 Par HIPPOLYTE VIOLEAU. (1)
1647 3336 2651 3413 Nous sommes heureuses, en commençant l’année.
1608 3402 2641 3470 de pouvoir annoncer à nos lectrices un nouvel ou¬
1643 3546 2653 3604 (1) Chez Ambroise Bray, 66, rue des Saints-Pères, Paris.
1605 3600 2192 3679 Un volume in-12, prix : 2 francs.
