2822 3966
1561 50 1660 144 178
491 133 1576 209 l’occasion qui se présentait à moi de former une de
503 201 1566 251 ces laisons basées sur quelques petits services rendus
503 254 1573 316 et où celui qui donne un peu de son or, un peut de
494 302 1573 357 son temps avec un peu de son amitié, en retire, s’il
498 357 1576 420 le veut, de si précieux avantages. Il n'est pas douteux
499 410 1568 469 pour moi que la Bréivet et sa petite fille ne m’aient,
503 458 1568 513 sans le savoir, écarté de bien des piéges. Pour un
506 514 1561 580 jeune homme isolé, je ne vois pas de meilleure sauve¬
502 574 1568 637 garde que des visites assidues dans une ou deux fa¬
498 609 1576 686 milles pauvres où il est aimé, oÙ il peut librement
506 675 1566 747 parler des vertus de sa mère, entre des enfants et des
509 724 707 802 vieillards.
538 745 1568 834 La Brélivet habitait un rez-de-chaussée sur terre,
496 815 1564 887 c’est-à-dire sans plancher ni carrelage, dans le voi¬
487 880 1564 934 sinage de la chapelle des Carmes. J’allais la voir ordi¬
492 933 1565 998 nairement à l’heure où Emilienne revenait de l‘école,
496 985 1566 1048 car l’enfant fréquentait une école gratuite dirigée par
487 1033 1566 1101 les sœurs de la Providence. Je me plaisais à lui faire
491 1088 1562 1145 répéter ses leçons, souvent étonné de la facilité de
487 1143 1561 1194 l’élève, surtout pour l’instruction religieuse. La foi
491 1194 1552 1259 de cette enfant était si vive; les évangiles qu’elle ap¬
499 1246 1562 1316 prenait par cœur faisaient sur elle une telle impres¬
494 1307 1554 1364 sion, que parfois ses larmes l’empêchaient de les ré¬
496 1355 1557 1415 citer jusqu’au bout. Nous avions lu ensemble la page
496 1404 1561 1481 où il est raconté comment Jésus accueillait les petits
496 1458 678 1523 enfants :
538 1478 1561 1573 « Oh! si j’avais été là, dit Emilienne, Miquelon
494 1569 1564 1629 eût écarté la foule, et j’aurais pu m’approcher aussi.
491 1622 1561 1676 Pour moi, j’aurais collé mes lèvres sur la main du
481 1668 1561 1731 Sauveur. Que pensez-vous qu’il eût fait en voyant
480 1732 1561 1797 mes petites béquilles? Assurément, il m’eût guérie
481 1769 793 1835 tout de suite. »
522 1793 1561 1892 L’idée, presque l’espoir d’une guéison miraculeuse
476 1878 1554 1937 lui revenait souvent. Cependant son infirmité n’ôtait
481 1922 1565 1981 rien à la gaieté de son caractère. Cette infirmité
476 1987 1561 2049 même lui procurait certaines prérogatives, certains
487 2040 1568 2101 priviléges de protection qui flattaient à la fois son
479 2097 1552 2143 amour-propre et la bonté de son cœur. Je la rencon¬
476 2139 1557 2209 trai, un jour d’hiver, à la sortie de l’école, entourée
479 2196 1553 2264 de ses jeunes compagnes qui se disputaient son bras.
475 2239 1561 2316 Emilienne m’expliqua cet empressement. Il y avait
479 2288 1552 2365 dans le même quartier un collége dont les externes,
469 2340 1554 2421 fort peu sensibles aux lois de la chevalerie, ne se fai¬
476 2403 1557 2481 saient pas faute de poursuivre à coups de boules de
471 2467 1552 2539 neige les élèves des bonnes religieuses. Néanmoins,
469 2524 1554 2581 comme pour donner un démenti à La Fontaine, qui
476 2569 1562 2631 voit dans l'enfance un âge sans pitié, une exception
481 2613 1546 2684 était faite en faveur de la paralytique et de la com¬
477 2670 1562 2746 pagne qui l’aidait à marcher sur le verglas : au milieu
477 2722 1542 2818 de la bagarre on entendait sans cesse la même recom¬
472 2764 728 2836 mandation :
524 2828 1552 2894 « Pas à la boiteuse ! laissez passer la boitense! »
513 2874 1554 2954 Emilienne remerciait les collégiens par des signes
468 2920 1552 3011 de tête affectueux et les plus aimables sourires. La
477 2988 1549 3068 pauvre enfant se trouvait heureuse d'utiliser sa fai¬
465 3046 1550 3122 blesse au service d'une amie; et la grand mère elle¬
472 3098 1552 3171 même ne citait pas sans un peu de vanité cette preuve
468 3146 1552 3225 d’intérêt donné à sa petite fille par des écoliers turbu¬
471 3194 1554 3273 bulents, indisciplinés et, comme le disait la bonne
467 3243 981 3328 femme, capables de tout.
517 3300 1546 3381 Je vois encore la chambre de la Brélivet : un grand
473 3338 1543 3438 lit au fond, un plus petit entre le foyer et la fenêtre,
475 3406 1552 3483 dans un desene un vieux coffre, dans l'autre une
476 3452 1552 3545 pendule à coucou. Je noterai aussi une table de sapin
468 3496 1552 3605 couverte de sauge, de lierre terrestre, de violettes, que
468 3544 1547 3663 la bonne femme étalait au soleil pour les faire sécher.
1659 132 2722 218 Trois chaises dépareillées, où un carré de bois rem¬
1661 203 2731 277 plaçait la paille trop coûteuse, étaient rangées devant
1657 237 2725 319 cette table, à deux pas de la cheminée, sur laquelle on
1667 308 2726 385 voyait une vierge de plâtre qui, tout l'été, tenait à la
1659 342 2726 431 main un bouquet cueilli pour elle dans les champs.
1656 397 2723 480 Les murs n'étaient point tapissés : ils n'avaient pour
1661 457 2722 532 ornement qu'une image enluminée représentant la
1652 502 2727 591 fuite en Egypte. Emilienne admirait beaucoup cette
1664 553 2717 625 peinture; elle avait aussi une amitié toute particu¬
1652 614 2726 678 lière pour le coucou de la pendule, qui battait des
1652 675 2390 732 ailes et chantait à toutes les heures.
1701 717 2726 787 Pardonnez-moi ces détails : les personnes qui nous
1652 780 2722 844 ont aimés, de qui nous n’avons reçu que des exemples
1656 819 2717 894 salutaires, dont le souvenir, enfin, est comme un
1652 884 2715 940 point lumineux dans notre vie, ces personnes, fussent¬
1656 937 2719 997 elles une pauvre marchande de cresson et sa petite
1646 983 2719 1055 fille, embelliront toujours dans notre mémoire les
1652 1029 2727 1109 lieux où nous les avons connues et chéries. Pendant
1652 1089 2722 1160 deux années entières, je revins, une fois au moins
1656 1149 2717 1202 chaque semaine, m’asseoir au foyer de la Brélivet.
1644 1200 2721 1272 J’étais devenu l’âme de cette maison, où l‘on croyait
1649 1263 2722 1320 me devoir beaucoup pour quelques livres de pain, et
1652 1299 2719 1364 où, en réalité, je passais des heures aussi douces que
1655 1362 2729 1424 profitables. La vieille femme s'étonnait de me voir lui
1644 1409 2721 1478 sacrifier des moments que je pouvais employer si bien,
1649 1459 2722 1530 disait-elle, dans les meilleurs salons de la ville. Elle
1646 1516 2707 1577 ne pouvait croire que ces salons, où je m'étais fait pré
1641 1569 2722 1622 senter la seconde année de mon séjour à Brest, ne
1646 1619 2717 1674 fussent pas en tout préférables à son pauvre logis.
1641 1675 2719 1754 J'essayai de lui faire changer d’avis en peignant sous
1640 1721 2521 1793 leur véritable jour les relations du monde.
1689 1783 2722 1846 « Ne confondez pas ces relations, lui disais-je, avec
1641 1834 2726 1893 les amitiés sérieuses qui se rencontrent dans tous les
1641 1881 2711 1945 rangs de la société, mais qu’il ne faut pas demander
1641 1934 2719 2002 à des réunions où l’on se connaît à peine et qui n’ont
1644 1986 2729 2066 d'autre but que le plaisir. Un accueil gracieux, une
1649 2045 2714 2104 politesse charmante, quoique banale; assez de bien¬
1641 2098 2714 2169 veillance pour m’adresser à l’occasion un mot aima¬
1644 2148 2722 2216 ble, voilà ce que je puis attendre de mieux dans les
1641 2204 2711 2261 salons où notre premier devoir, pour ne causer d’en¬
1637 2255 2722 2315 nui à personne, est de cacher soigneusement nos
1644 2315 2727 2378 préoccupations et nos chagrins. Les cœurs froids ne
1646 2373 2717 2426 sont pas les moins prodigues de paroles brûlantes :
1644 2415 2711 2471 on est ravi de me voir; on est désolé si j’ai la mi¬
1646 2462 2730 2529 graine; et pourtant, que j'oublie un jour ma gaieté
1644 2516 2721 2580 d’emprunt, que j’ose parler un peu longuement de
1637 2571 2727 2631 mon aïeule, des lectures que je lui faisais le soir, du
1637 2628 2714 2699 charme que nous y trouvions tous les deux; que
1634 2680 2719 2744 j’avoue, enfin, mes des peines secrètes;
1641 2733 2719 2788 croyez-moi, l'attention se fatiguera vite : il me sera
1634 2786 2714 2855 facile de voir chez les uns le sourire de la malignité,
1644 2849 2718 2908 chez les autres le regard distrait de l'indifférence.
1644 2906 2717 2958 Oui, l’indifférence; car le lendemain du jour où j’au¬
1634 2939 2719 3007 rais été le plus fêté, le plus applaudi, si l’on venait,
1644 3003 2714 3061 dans n’importe laquelle de ces réunions, annoncer
1642 3046 2715 3119 que je viens de tomber gravement malade, que je suis
1645 3107 2704 3171 en danger de mort, après le premier moment de sur¬
1646 3163 2717 3228 prise, on ne chanterait, on na danserait pas moins
1646 3218 2704 3288 qu'auparavant. Me trompé-je en supposant que pa¬
1634 3263 2718 3335 reille nouvelle ne trouverait pas ma vieille amie aussi
1634 3312 2715 3391 tranquille? Habituée à la peine, au lieu d’écarter
1636 3372 2711 3439 une idée sombre, elle viendrait à moi avec ses soins
1637 3416 2721 3488 de garde-malade, tandis qu'Emilienne se traînerait a
1637 3484 2714 3541 la chapelle des Carmes, et emploierait le dernier sou
1632 3540 2710 3612 de la maison pour brûler une chandelle à Notre¬
1629 3593 2151 3681 Dame de Bon-Secours. »
