2822 3966
1569 107 1682 193 108
520 165 1576 253 sœur, ils sont célibataires l’un et l‘autre. Je lui ai écrit
522 248 1575 313 et il consent à vous recevoir, ainsi que notre Olivier,
528 299 1569 358 pendant que j’arrangerai nos affaires à Paris. Ce pro-
527 351 1567 408 jet vous convient-il? — Oui, dit Eulalie avec soumis¬
523 401 1576 452 sion, quoique son cœur se serrât à la pensée d’aller
523 448 1575 510 vivre sous un toit étranger, et que la fière pauvreté,
523 507 1576 565 le travail indépendant lui eussent semblé mille fois
532 554 1575 621 préférables. — Vous pourriez partir dans quelques
518 609 1569 677 jours? lui dit son mari. — Quand vous le jugerez
523 667 798 732 convenable.»
559 710 1572 770 Il lui serra la main, en disant les larmes aux yeux :
530 766 1569 821 «Eulalie, ce n’était pas là le sort promis à notre
527 822 1569 877 enfant! — La volonté de Dieu soit faite ! répondit-elle
518 876 1569 925 avec une pieuse résignation. Que nous puissions vivre
511 916 1571 976 tous ensemble et élever paisiblement notre fils, et je
506 972 1084 1046 m’estimerai fort heureuse! »
554 1006 1561 1089 Elle disait vrai, car elle ne demandait le bonheur
511 1073 1563 1135 qu’à la simplicité et aux affections, et ce fut sans
508 1131 1564 1187 amertume et sans regret qu’elle se vit sur le point de
508 1175 1561 1229 quitter cette demeure princière, qui, tant de fois, avait
506 1230 1571 1300 fait d’elle un objet d‘envie aux yeux du monde. Elle
506 1286 1555 1345 n’eût guère d’adieux à recevoir, car elle n’avait pas
508 1337 1564 1399 de parents et elle comptait peu d’amis parmi cette
506 1384 1557 1454 foule dorée qu’elle n’avait rencontrée que dans des
500 1431 1555 1497 fètes. Quelques femmes lui avaient témoigné une cer¬
508 1493 1564 1552 taine affection, mais retenues par des maris prudents
508 1549 1553 1604 qui craignaient les confidence de l’amitié et les em¬
506 1604 1555 1660 prunts qui en seraient la suite, elles ne firent pas acte
502 1646 1557 1707 de présence, et se contentèrent d’acquitter leur dette
500 1702 1549 1765 au malheur en écrivant à madame Guilbert quelques
494 1749 1549 1813 billets gracieux. Eulalie aurait pu dire avec le pauvre
506 1799 1131 1886 Chénier au pied de l’échafaud :
652 1911 1337 1973 Peut-être, en de plus heureux temps,
574 1969 1508 2021 J’ai moi-même, à l’aspect des pleurs de l‘infortune,
652 2008 1235 2067 Détourné mes regards distraits;
571 2067 1490 2135 A mon tour aujourd’hui mon malheur importune ;
661 2098 1162 2188 Vivez, amis! vivez en paix!
492 2196 1555 2276 En paix aussi avec tous, résignée à son sort, elle partit
496 2252 767 2345 pour Angers.
728 2432 1321 2555 LA MAISON DE SAINT ÉLOI.
534 2547 1561 2648 Le jour touchait à son déclin, assombri par une
499 2605 1557 2688 brume épaisse qui voilait les coteaux gracieux inclinés
506 2680 1559 2743 vers la Maine, quand Eulalie arriva dans l’ancienne
502 2709 1548 2810 capitale de l’Anjou. La ville noire paraissait plus triste
503 2786 1559 2858 que de coutume sous ce ciel sombre, et quand la jeune
492 2833 1561 2915 femme jeta autour d’elle un long regard, quand elle
499 2884 1549 2966 vit que personne ne l’attendait au sortir du débarca-
495 2936 1541 3002 dère, quand seule et sans appui dans cette cité étran¬
499 2984 1546 3059 gère, elle put savourer son isolement et sa pauvreté,
490 3041 1549 3113 son cœur se serra et un flot amer monta de son cŒur
488 3090 1537 3157 à ses yeux. Mais elle surmonta ce mouvement d’an-
487 3145 1548 3216 goisse, et tenant son fils par la main, soutenant avec
492 3204 1540 3281 soin ses pas encore incertains, précédée par un com¬
495 3251 1549 3336 missionnaire qui portait sa malle et son sac de voyage,
492 3283 1544 3392 elle gravit les rues escarpées de l’ancien Angers, que
487 3348 1549 3430 dominent majestueusement les fortes Tours et le beau
499 3393 1544 3499 portail de l’église de Saint-Maurice. Arrivée dans une
480 3456 1544 3549 rue étroite, le commissionnaire lui indiqua une porte,
487 3509 1552 3620 en disant : « Voilà la maison de saint Eloi où demeure
476 3549 771 3639 M. Guilbert. »
1699 194 2712 279 Eulalie s’arrêta un instant et regarda la maison qui
1655 253 2716 333 allait devenir la sienne. A vrai dire, elle n’avait pas
1651 299 2712 378 la mine hospitalière. C’était un grand et antique logis
1662 353 2708 431 dont le pignon couvert d’ardoises s’élevait fort haut
1660 400 2709 484 et n’était percé que de quelques étroites fenêtres, aux
1659 457 2712 531 vitres ternes et verdâtres. Le rez-de-chaussée, qui
1658 503 2711 585 prenait jour sur la rue par une large porte toujours
1655 565 2711 630 ouverte, était consacré au commerce, et, à la dernière
1648 612 2708 684 lueur du jour, on voyait, empilés dans ce vaste maga-
1647 677 2707 736 sin, les barres de métal, les grils, les râteaux, les
1659 711 2700 798 pioches, les pots de fer, les landiers, les amas de ser¬
1650 777 2709 844 rures, les faisceaux de clés, qui formaient le com-
1646 821 2712 887 merce du propriétaire. Le nom de celui-ci, Théodore
1648 888 2708 954 Guilbert, était inscrit en grosses lettres blanches sur
1650 916 2711 1001 un fond noir, au-dessus de la porte : l’inscription se
1640 979 2696 1049 trouvait au pied d’une antique figure en bois, repré-
1648 1030 2708 1104 sentant le saint évêque Éloi, un marteau d’une main,
1639 1077 2712 1159 la crosse épiscopale de l’autre. Cette statue, mutilée
1643 1139 2700 1204 par les années et par les intempéries des saisons,
1642 1187 2705 1258 avait donné son nom à la vieille maison, qui, de temps
1643 1237 2705 1306 immémorial, était occupée par des artisans en fer,
1643 1293 2705 1355 ferronniers, charrons, maréchaux, et autres membres
1647 1340 2257 1399 de la corporation de saint Éloi.
1687 1394 2701 1463 Une lampe accrochée à la muraille éclairait faible-
1640 1453 2709 1510 ment le magasin; Eulalie s’aventura à travers un
1643 1505 2696 1561 dédale de marchandises, déposées sur le pavé ; Oli-
1642 1559 2695 1608 vier se pressait contre elle, étonné et inquiet, ils arri¬
1642 1592 2708 1673 vèrent ainsi jusqu’à une porte vitrée, éclairée du
1642 1658 2705 1728 dedans par une lumière tremblotante. La jeune
1634 1709 2707 1769 femme frappa doucement et dit à l’homme qui lui
1640 1766 2696 1823 ouvrit la porte : « M. Guilbert?—C’est moi, répondit¬
1636 1812 2703 1882 il. Vous êtes ma nièce, n’est-ce pas? et voilà votre
1630 1858 2711 1938 bagage? C’est bon, payez le commissionnaire et
1639 1913 1808 1973 entrez. »
1675 1969 2696 2039 Elle obéit, et suivit son oncle, qui traversa le bu-
1635 2031 2704 2090 reau et la fit entrer dans une grande pièce, aussi
1643 2074 2709 2142 tristement éclairée que le reste de la maison; une
1634 2127 2707 2182 femme, assise auprès de la table, raccommodait du
1635 2165 2697 2245 linge : «Félicité, lui dit M. Guilbert, voici notre nièce,
1634 2224 2693 2299 la dame de Paris, et son petit garçon. — Entrez, as-
1631 2281 2707 2347 seyez-vous, dit d’une voix peu gracieuse la tante
1638 2331 2705 2398 Félicité, nous allons souper; demain nous ferons
1638 2386 2705 2456 connaissance; et surtout que le petit ne touche à
1635 2429 1776 2495 rien. »
1677 2499 2695 2560 En un tour de main, elle débarrassa la table, y posa
1627 2540 2693 2610 des pommes de terre cuites sous la cendre, du pain,
1635 2587 2699 2658 du beurre, du fromage, une bouteille de vin et quatre
1638 2648 2699 2704 couverts. Olivier, dépaysé, regardait sa mère, et elle-
1635 2703 2701 2758 même se sentait le cœur glacé sous les regards froids
1630 2754 2699 2814 de l’oncle et de la tante, et au milieu de cette hospi-
1630 2813 2709 2876 talité si peu cordiale. Elle ne regrettait pas l’élégance
1628 2866 2693 2924 et le luxe de la vie passée ; ce pauvre souper, cette
1630 2919 2699 2979 gothique maison aux meubles vieillis et sordides, ne
1631 2963 2691 3025 l’effrayaient pas; un mot sorti du cœur, un accueil
1626 3014 2699 3077 bienveillant, un serrement de main lui eussent adouci
1628 3066 2701 3132 tout ce qu’un pareil changement d’existence pouvait
1630 3117 2699 3192 avoir de pénible, mais ni ses yeux, ni son âme ne
1631 3175 2693 3230 rencontraient ce qu’ils cherchaient. M. Théodore
1627 3223 2684 3279 Guilbert et sa sœur Félicité se ressemblaient beau-
1631 3282 2687 3344 coup; c’était le même visage froid, aigu et pâle,
1628 3333 2693 3389 éclairé par les mêmes yeux bleu-clair, sous la visière
1627 3381 2693 3442 verte du frère et sous le bonnet antique de la sœur ;
1635 3440 2696 3502 en les voyant, Eulalie se souvint involontairement de
1628 3497 2687 3545 ces figures d’avares comptant et pesant leur or que les
1635 3541 2689 3603 vieux peintres flamands ont retracées avec tant de
1628 3589 2687 3684 finesse et d’énergie, et en effet, elle l’apprit plus
