2959 4075
1650 106 1760 201 208
630 193 1646 273 « Jésus Maria! c'est notre pauvre!.. Il arrive à pro¬
588 264 1417 329 pos pour manger sa part du gâteau !... »
624 303 1662 385 Et vingt mains se disputèrent l’honneur d’offrir à
573 351 1220 420 l'étranger la part du mendiant.
623 408 1652 491 Celui-ci, médiocrement flatté, recula devant l’offre.
578 465 1655 520 Mais il ne put s'y soustraire; on le poussait à droite,
578 514 1652 573 à gauche, par devant, par derrière; on l’accablait
577 573 1651 632 de civilités. Il dut donc prendre d'une main le mor¬
577 620 1646 694 ceau de galette, tandis que de l’autre il montrait le
574 683 928 749 comte en disant :
622 711 1465 792 « Je désire parler à monsieur de Veville.
672 789 1647 835 A moi, monsieur?... dit Henri, reconnaissant
564 832 1646 917 que c'était un voyageur, et étonné de s'entendre nom¬
562 879 1044 949 mer par cet étranger. »
609 941 1644 994 Mais en regardant mieux ce dernier, il ne put ré¬
563 994 1582 1055 primer un mouvement nervoux. L'étranger sourit.
596 1046 1644 1099 « Monsieur le comte me reconnaît peut-être? dit-il
552 1092 812 1164 à demi-voix.
654 1152 1599 1209 En effet... il me semble... un souvenir vague.
654 1204 1640 1266 Je pourrai, tout à l'heure, préciser mieux ce
554 1261 1631 1330 souvenir. Voudriez-vous, monsieur le comte, m'ac¬
559 1307 907 1386 corder audience?
646 1372 1379 1431 Très-volontiers. Sortons, monsieur.
654 1424 1602 1480 J'ai laissé ma chaise de poste près du château.
664 1472 1255 1540 N'importe, nous marcherons.
661 1530 1492 1586 Henri... murmura Jacques inquiète. »
589 1569 1624 1640 Le comte l'apaisa de la main et sortit avec l'étran¬
552 1635 643 1690 ger.
598 1686 1625 1745 Mais au bout de quelques minutes, Pascal, sur l'a¬
555 1745 1629 1790 vis de sa mère, s'échappa tout doucement et se mit à
541 1792 1624 1848 suivre de loin les traces du jeune comte, afin de
554 1833 1064 1908 veiller sur lui à son insu.
1056 1999 1125 2031 II
815 2063 1346 2179 M. DE LA MORANDIÈRE.
589 2165 1629 2286 Le ciel tout constellé éclairait mystérieusement les
544 2255 1614 2317 deux marcheurs, qui laissaient après eux sur le che¬
534 2311 1616 2385 min un long sillage d’ombre. Les haies épaisses sem¬
529 2360 1612 2429 blaient autant de murailles qui encndraient et leur
539 2428 1616 2493 cachaient la campagne jusqu’au moment où, par une
537 2470 1612 2551 éclaircie, s'ouvrait et se déroulait une vaste perspec¬
534 2519 1609 2606 tive de belles prairies bien vertes et coupées de ruis¬
529 2570 1617 2674 seaux. L'allée de peupliers n'était plus qu'à quelques
537 2630 626 2686 pas.
582 2664 1617 2769 Cependant, la conversation n’avait pas tardé à
537 2715 1372 2798 s’établir entre M. de Verveille et l’inconnu.
585 2792 1603 2883 « Je vois avec satisfaction que mes fraits sont res¬
532 2825 1024 2910 tés dans votre mémoire.
626 2874 1491 2965 Parfaitement. Vous êtes monsieur Morand.
573 2940 1379 3015 — Pardon : monsieur de la Morandière.
615 3008 1424 3065 Ah ! ah ! vous avez allongé votre nom?
617 3038 1610 3127 Oui, en même temps que ma fortune s'était al¬
521 3089 1603 3188 longée... Ma fortune, hélas! qui... Mais n’anticipons
526 3158 1485 3227 pas, et veuillez me prêter une oreille attentive.
568 3208 1440 3278 — J'écoute, dit Henri inquiet et préoccupé.
619 3279 1602 3337 Je serai franc. Je suis, monsieur le comte, un
520 3324 1602 3418 exemple vivant d'une de ces prospérités inouïes que
522 3371 1455 3476 créa le système du grand financier Jean Law.
617 3430 798 3492 Ah! ah!
581 3467 1602 3560 — J’étais jadis tout simplement maître Pamphile
515 3524 1601 3626 Morand, huissier, rue Saint-Martin, près Saint-Julien
520 3580 1598 3690 des Ménétriers. Le bruit d'argent qui se faisait à deux
522 3643 1603 3758 pas de chez moi, dans la banque de la rue Quincam¬
1748 204 2822 290 poix (1), éveilla dans mon esprit des idées de richesse.
1742 267 2823 347 Le succès de la banque était immense ; elle avait
1737 320 2822 400 formé la compagnie d'Occident pour la colonisation
1735 370 2822 458 des bords du Mississipi; elle avait la ferme des tabacs,
1737 412 2819 505 la concession du Sénégal, et elle se réunissait à la
1734 475 2817 555 compagnie des Indes orientales et de la Chine. Je fus
1734 525 2799 604 ébloui; je me lançai dans le .torrent des acheteurs
1744 564 2810 654 j'étais entré presque pauvre, je sortis millonnaire; et
1733 631 2817 714 cela se conçoit aisément, quand on songe que les ac¬
1733 676 2808 764 tions de cinq cents livres avaient monté jusqu’à dix¬
1731 724 1996 800 huit mille! »
1771 783 2806 872 Ici, l'ex-joueur parut s'électriser de ses propres sou¬
1729 846 2464 913 venirs. Il poursuivit en ces termes :
1775 903 2803 968 « J'eus mes carosses, mes gens, mon hôtel au fau¬
1718 956 2810 1038 bourg Saint-Germain, et toutes les maisons me furent
1727 1013 2803 1078 ouvertes; car j'étais opulent, et je m'appelais désor¬
1726 1061 2802 1140 mais monsieur de la Morandière. Alors on ne s’in¬
1726 1107 2812 1176 formait point du passé d'un homme ; on ne le voyait
1727 1164 2806 1239 qu’à travers le prisme de l'or. Les plus gros seigneurs
1716 1204 2798 1304 deminrent mes amis; j'eus pied chez les trésoriers gé¬
1716 1268 2807 1342 néraux des pays d'États, chez les receveurs généraix
1718 1330 2795 1405 des finances, chez les intendants de justice, chex les
1718 1384 2806 1451 conseillers secrétaires du roi; jusqu’aux marquis de
1718 1431 2803 1504 Torcy et de la Vrillière qui m'appelaient leur bon
1710 1476 2796 1557 ami !... Ce fut à cette époque, qu'un jour, un jeune
1716 1540 2799 1616 gentilhomme de Normandie se rencontra avec moi
1714 1598 2792 1674 chez monsieur Fleuriau d'Armenonville, et que nous
1715 1646 2803 1714 engageâmes le jeu le plus animé. Nous étions comme
1710 1699 2792 1765 deux lutteurs acharnés. Le jeune gentilhomme perdit
1708 1744 2791 1831 énormément, et enfin, à bout de ressources, il enga¬
1710 1799 2789 1878 gea comme enjeu et perdit aussi sur parole son châ¬
1711 1858 2691 1924 teau de Lerneil... Ce gentilhomme, c'était vous.
1806 1907 2701 1988 C'était moi, en effet, monsieur, et croyez...
1802 1950 2785 2035 Ne vous excusez pas, car je ne viens pas vous
1704 2021 2788 2085 accuser. Je comprends qu'il vous fût pénible d'acquit¬
1699 2074 2791 2146 ter une pareille dette, et peut-être ne l'eussé-je jamais
1700 2127 2781 2200 réclamée si, à la suite de la réaction qui s’est opérée
1704 2180 2783 2258 contre la banque de Law, à l'instigation du prince
1703 2232 2778 2309 de Conti, l’État n’avait provoqué contre les nou¬
1708 2274 2783 2354 veaux enrichis, un visa qui lui a rendu près de deux
1692 2332 2788 2404 cents millions et m’a complètement ruiné. Je me
1692 2387 2783 2467 suis rappelé votre nom, votre parole engagée, et me
1704 2438 1854 2498 voici. »
1742 2496 2773 2564 Le comte avait écouté silencieusement jusqu’au
1693 2543 2770 2628 bout cette déclaration, dont la conclusion lui était
1696 2611 2769 2672 connue d’avance. Il leva un regard triste sur ce châ¬
1696 2652 2773 2727 teau dont le clair de lune découpait vigoureusement
1693 2705 2766 2772 les lignes imposantes; puis se tournant vers son in¬
1688 2757 2370 2818 terlocuteur, il lui dit froidement:
1734 2810 2774 2875 « Du jour où j’ai perdu, j‘ai dû m’attendre à payer.
1693 2866 2774 2939 J’admirais seulement votre tolérance. Si je ne me suis
1696 2923 2777 2984 pas mis plus tôt en mesure, c'est que je craignais
1688 2982 2770 3038 avec raison d’affliger une parente qui a toujours été
1696 3036 2769 3087 parfaite pour moi, et dont la prudence, en rempla¬
1692 3065 2768 3163 çant des parents trop tôt ravis à ma tendresse, eût été
1699 3139 2764 3212 pour moi un puissant préservatif, si j’avais su la con¬
1685 3197 2773 3263 sulter et lui obéir docilement. Ma cousine ne se doute
1693 3248 2768 3316 pas de mon aventure, et je n'ai jamais eu le courage
1686 3303 2768 3367 de l'en instruire. Je renfermai ma peine dans mon
1680 3363 2774 3433 cœur. Votre réclamation bien juste me rappelle à mon
1684 3403 2766 3497 devoir : soyez tranquille, monsieur, coûte que coûté,
1684 3460 2138 3555 je n'y manquerai pas.
1723 3605 2762 3668 (1) C'est là que l'Écossais Law avait établi sa banque, qui
1680 3665 2413 3730 obtint tant de vogue et ruina la France.
