2822 3966
1563 70 1678 143 176
517 131 1578 223 greniers publics va se vendre cette, année au poids de
515 206 1589 281 l’or, et que l’année prochaine, même au poids de l‘or,
511 258 1596 339 on ne pourra se procurer du pain, toujours à ce que
517 303 815 378 dit la gazette.
565 367 1596 419 — Grand Dieu! murmura Parmentier, d'anciennes
511 411 1589 473 idées, un moment assoupies, surgissant de nouveau
519 467 1318 522 dans son esprit et embrasant son cœur.
616 515 1582 589 Tu vois, continua le Gascon, que malgré l'é¬
521 568 1582 645 change dont on parle, il nous faut tâcher de rester ici.
575 620 1555 688 — Renoncer à son pays alors que Dieu le frappe !
619 682 1578 745 Eh donc! afin de ne pas augmenter le nombre
518 726 979 785 des bouches à remplir!
611 785 1589 846 Les récoltes perdues, la famine assurée ! disait
503 843 1582 897 Parmentier marchant à grands pas; mais ma solanée,
506 879 1586 945 ma solanée, dont maintenant je connais toute la
506 944 1587 993 vertu; ma solanée, qui demande si peu de culture!
507 995 1579 1045 son jour serait-il venu? ses destinées seraient-elles
499 1040 971 1113 près de s’accomplir?...
607 1087 1585 1152 Té ! fit Cistac, qui avait suivi avec étonnement
504 1144 1582 1222 tous les mouvements de Parmentier, tes vieilles idées
503 1202 1486 1260 relativement à cette détestable pomme de terre !
604 1250 1574 1306 Il faut que je sois compris dans l’échange! s’ é¬
503 1302 1571 1364 cria Parmentier se laissant aller à une exaltation gé¬
499 1361 1106 1427 néreuse. Il faut que je parte!
583 1407 852 1474 Tu veux?...
583 1467 1574 1531 Il n’y a pas un instant à perdre, poursuivit-il,
496 1521 1578 1578 ne voyant plus, n’entendant plus Cistac, n'entendant
495 1570 1574 1636 plus que la voix qui le poussait au sacrifice, ne voyant
499 1629 1574 1699 plus que le bien qu'il lui était donné de tenter. J'em¬
498 1687 1561 1744 porte un sac des précieux tubercules ; je parviens jus¬
499 1733 1571 1795 qu’à monsieur de Malherbe, jusqu‘au roi; j’obtiens
482 1790 1565 1859 un champ; je sème, je récolte, je prouve! Mon sola¬
480 1830 1561 1907 num tuberosum est accepté ; il se répand ; l’année pro¬
487 1894 1563 1956 chaine sa fleur s’épanouit du nord au sud de la France,
484 1931 1563 2006 dans deux ans tout le monde en mange, et, quels que
483 1997 1555 2077 soient les événements ultérieurs, personne chez nous
484 2050 1260 2105 ne sera plus exposé à mourir de faim !
562 2096 1471 2161 - En voilà une utopie ! marmotta le Gascon.
584 2146 1543 2227 Mais elle! elle ! fit Parmentier, sa voix trahis¬
479 2204 1165 2262 sant un violent combat intérieur.
588 2261 1548 2333 Qui, elle? » demanda vivement Cistac pris d’a¬
468 2304 622 2370 larme.
517 2360 1551 2436 Un franc aveu était nécessaire, Parmentier ne le
476 2424 1548 2492 marchanda pas. Le Gascon bondit, gronda, fulmina,
472 2470 1547 2533 puis s’apaisa, car, au résumé, il n’y avait point tra¬
469 2524 1548 2594 hison; seulement, lorsqu’avec plus ou moins de bonne
477 2572 1213 2637 grâce il eut accepté sa déconvenue :
522 2622 1544 2703 « Ah ça! fit-il, toi, le privilégié, que parles-tu de
468 2665 631 2741 départ?
519 2735 1536 2793 — Tu m'as rappelé la mission que j’avais juré d’ac¬
471 2784 1087 2843 complir, répliqua Parmentier.
561 2836 1539 2905 Eh ! bagasse : la première mission de l'homme,
463 2900 1532 2959 sur cette terre de larmes, c'est d'être heureux ! Bon!
471 2950 1538 3023 voilà que je le prêche, comme si son bonheur ne me
464 2994 999 3056 devait pas coûter le mien!
506 3051 1536 3117 — Rien ne saurait m'arrêter, reprit Parmentier ;
460 3098 1528 3175 si j'acceptais la vie facile qui m'est offerte, mes re¬
460 3156 1538 3222 mords en feraient une vie d'angoisses et de regrets !
460 3206 1535 3275 Je sens en moi quelque chose qui se déchire et me
457 3256 1539 3329 fait afflu r des pleurs plein les yeux ; mais je sens
460 3313 1528 3373 aussi la foi, l'enthousiasme, le feu sacré des apôtres !
464 3364 1523 3447 ma place n'est pas au foyer domestique, elle est par¬
456 3408 1513 3493 tout où ma voix se peut faire entendre, afin de pro¬
460 3457 929 3539 pager les dons du ciel!
558 3512 1524 3603 Ainsi, tu veux partir ? insista Cistac, pour qui le
440 3562 1314 3679 mot sacrifice était bien un peu du sanscrit.
1763 147 2008 224 Je le dois !
1721 209 2050 275 — C'est décidé?
1713 266 2537 337 — Je vais de ce pas chez le gouverneur.
1718 313 2729 399 — Eh bien! ma foi, par mes pénates, que l’antique
1663 370 2731 461 Germanie était sur le point de me faire oublier, j'y
1674 426 2737 515 vais moi-même et pour nous deux ! Au diable les
1663 479 2731 558 filles blanches etroses, la bière allemande, la savon¬
1667 533 2729 614 nette et les rousses barbes, nous partirons de compa¬
1667 583 2730 666 gnie! Non pas, au moins, que je sois de moitié dans
1663 629 2731 723 tes rêves ; non, non, le fils de mon père est pour cela
1659 685 2729 773 trop bien avisé, et si j’avais sur toi la moindre in¬
1658 724 2724 819 fluence... Bon! bon ! ce discours t'irrite? Nous le re¬
1663 782 2727 898 prendrons une autre fois; je m'en vais de ce pas chez
1658 842 2150 918 monsû le gouverneur. »
1699 900 2722 978 Si la résolution qu'avait prise Parmentier lui avait
1666 928 2714 1037 coûté de grands déchirements, révéler cette résolu¬
1663 995 2731 1110 tion à M. Meyer et à Camille fut, peut-être, quelque
1660 1045 2354 1125 chose de plus douloureux encore.
1702 1107 2719 1183 « Ma vie n’est point à moi, disait-il à la jeune fille
1659 1153 2720 1242 éperdue, dont les larmes silencieuses coulaient sur
1652 1222 2726 1292 son fichu blanc; ma vie n’est point à moi, autrement
1654 1264 2716 1341 elle serait à vous; l’époux qui unira votre sort au sien
1650 1335 2723 1401 n’aura pas trop de tous ses jours pour remercier le
1651 1378 2719 1447 ciel de ce bienfait; mais, je le répète, cette vie ne
1647 1432 2723 1496 m’appartient pas! La fame menace mon pays, j’ai
1651 1470 2714 1555 dans mes mains le moyen d’en atténuer les horreurs;
1654 1529 2723 1601 pour que ce moyen soit fécond, il faut ma présence
1647 1587 2716 1660 en France. Voudriez-vous me voir rester à Francfort?
1647 1636 2712 1712 Pourriez-vous aimer et estimer l'homme qui sacrifie¬
1639 1697 2714 1764 rait à son égoïste félicité le bien-être, l’existence de
1640 1743 2712 1810 milliers de créatures qu’il peut sauver? Représentez¬
1648 1802 2715 1861 vous des mères qui supplient pour leurs enfants
1645 1853 2704 1925 mourants; des jeunes filles hâves et exténuées qui de¬
1647 1900 2712 1971 viennent la proie du tombeau; des jeunes garçons
1639 1944 2699 2024 pleins d’avenir que la cruelle faim moissonne, et de¬
1640 2007 2710 2081 mandez-vous si un tel point de départ ne ferait pas la
1635 2070 2706 2123 oute bien sombre et le cœur bien troublé! Dites¬
1640 2122 2706 2177 vous, ensuite, que le salut de ces mères, de c es en¬
1635 2159 2714 2235 fants, de ces jeunes filles, est dans vos mains, et voyez
1627 2221 2058 2282 si vous hésiteriez ! »
1675 2263 2622 2335 Après quelques secondes d’un silence pénible :
1670 2317 2704 2383 « Mon père, murmura Camille, c'est à présent que
1635 2376 2710 2448 j'ai surtout besoin de votre amour, et qu'il faut que
1628 2432 2314 2482 le Seigneur me vienne en aide! »
1671 2486 2394 2545 Puis, se tournant vers Parmentier :
1676 2529 2699 2594 « Monsieur Parmentier, ajouta-t-elle d’une voix
1633 2587 2699 2660 plus ferme, je le comprends, il est des devoirs que
1623 2642 2693 2696 sans doute on aurait pu méconnaître, mais auxquels
1617 2684 2068 2750 il est grand d'obéir. »
1663 2737 2684 2813 Et là-dessus elle rentra chez elle, suivie de son ex¬
1624 2801 2696 2858 cellent père, et y passa de longues heures aux pieds
1625 2845 2350 2911 de Celui qui sait consoler et guérir.
1664 2898 2293 2955 Parmentier ne la revit jamais!
1671 2947 2696 3016 Cependant Cistac était parvenu auprès de monsû
1618 3001 1930 3075 le gouverneur.
1667 3060 2689 3129 « Voici nos permis de départ, revint-il dire peu
1616 3121 2692 3187 après, et, grâce à sa mobilité gasconne, tout joyeux
1609 3172 2688 3224 maintenant de partir. Mailloche et Armand sont des
1610 3224 2683 3294 nôtres; garde d’honneur jusqu’à la frontière; là,
1610 3282 2681 3341 échange de prisonniers; puis, l’air libre, l'espace,
1612 3326 2680 3379 l’eau des ruisseaux pour boisson, le gland des chênes
1612 3381 2687 3443 pour nourriture, à moins qu'on ait le mauvais goût de
1613 3433 2680 3491 préférer à ces trésors le coche, un sigot à l'ail et du
1605 3482 2677 3574 Bourgogne vieux; je crois que j'aurai ce mauvais
1601 3539 1775 3620 goût ! »
