2939 4158
1558 182 1682 258 358
451 258 1572 349 dû tourner sur ses talons, au plus vite, sinon il aurait
451 339 1569 393 été capable de prendre Anna-Cécile dans ses bras et
449 391 1000 476 de la couvrir de baisers!
506 442 1561 525 Anna-Cécile en vint jusqu'à concevoir une idée au¬
455 504 1564 586 dacieuse, et sut si bien endoctriner sa bonne, que
451 575 1116 651 celle-ci consentit à la seconder.
509 620 1564 698 On sait qu'un touchant usage veut que, la veille
445 684 1564 742 de la première communion, l'absolution reçue, les
458 736 1555 802 enfants demandent à leurs parents, et, en général, à
451 794 1551 869 leurs supérieurs, un pardon semblable à celui que,
458 850 1558 917 par la bouche du prêtre, le Seigneur vient de leur
444 918 1555 969 accorder. Eh bien! il ne s’agissait de rien moins que
444 963 1552 1042 d’oser aller chez l’oncle et chez les tantes, et d’im¬
455 1010 945 1078 plorer d'eux ce pardon !
493 1083 1551 1143 « Allons d’abord chez la tante Louise, » dit à sa
445 1130 1561 1194 bonne Anna-Cécile, toute pâle de la démarche qu'elle
439 1182 657 1253 hasardait.
484 1247 1561 1305 Il est bon qu’on sache que la tante Louise était
439 1297 1542 1360 celle qui lui inspirait le moins d'attraction et de sym¬
445 1360 1548 1412 pathie ; la tante Louise était raide, elle avait l'a¬
445 1411 1550 1469 bord dur et le ton revêche, bien qu’au fond elle ne
441 1461 1557 1531 fût point dépourvue de qualités. La tante Aline ne la
445 1521 1559 1586 voyait pas et, néanmoins, subissait l'influence de ses
434 1571 1558 1633 décisions; Anna-Cécile le sentait et devinait que, si la
442 1624 1551 1694 tante Louise ne la repoussait pas, elle n’en aurait que
442 1670 1277 1747 plus de chance auprès de la tante Aline.
486 1733 1552 1797 Et la voilà cheminant vers la rue habitée par cette
439 1794 1542 1860 terrible tante Louise, le cœur lui battant bien fort,
439 1850 1540 1917 en même temps que son espritarrangeait, dérangeait,
439 1901 1547 1953 reconstruisait les phrases par lesquelles elle préten¬
436 1948 1545 2023 dait l’aborder et l‘adoucir, et qu'elle cherchait à se
436 2010 1555 2074 rappeler ses physionomies les plus sévères, afin, le
438 2072 1250 2140 cas échéant, de n'en être pas ébranlée.
489 2112 1537 2187 Voici la rue de la tante Louise; voici sa maison;
436 2182 1547 2237 maison de calme apparence, qui ne dit rien des
442 2232 1542 2305 orages qui se passent dans les cœurs; mais, quelle est
442 2290 1545 2353 cette fenêtre ouverte? N'est-ce pas celle de la chambre
435 2336 1545 2413 à coucher de la tante Louise? n'est-ce pas la tanto
438 2393 1541 2466 Louise elle-même qui s’y trouve?... Qu’est-ce donc?
436 2451 1544 2523 La fenêtre se referme violemment, une porte s’ouvre
436 2514 1545 2578 avec fraces, des pas rapides se font entendre dans
427 2550 1542 2631 l’escalier; Anna-Cécile avance, se soutenant à peine,
432 2620 1545 2691 mais elle n'a pas franchi la moitié du premier étage,
445 2678 1550 2737 qu'un accent de colère vient, à la fois, frapper ses
439 2716 874 2791 oreilles et son cœur :
482 2794 1542 2859 « Sortez ! sortez ! ne montez pas une marche de plus,
439 2853 1545 2914 criait la tante Louise. Votre mère vous envoie-t-elle
435 2891 1540 2993 ici faire métier d’espion? Sortez, petite impudente,
427 2942 630 3009 sortez! »
472 3006 1542 3079 Et, d’un geste impérieux, elle désignait la porte de
424 3052 1542 3144 la rue, et l'enfant, frémissante de terreur, repassait
425 3120 1541 3195 ce seuil inhospitalier, et, bientôt, en proie à une dou¬
420 3175 1545 3250 leur convulsive, elle tombait dans les bras de sa
422 3228 1545 3307 bonne, qui la ramenait presque mourante au logis.
463 3278 1537 3356 La tenacité d'une pensée dominante, les ébranle¬
417 3348 1540 3422 ments intimes et cachés qui en ressortent, cette
414 3411 1537 3475 dernière et violente émotion, c'était plus qu’une or¬
421 3458 1540 3526 ganisation d'enfant n'en pouvait supporter; Anna-Cé¬
415 3516 1545 3576 cile fut prise d'une fièvre violente et de transports au
420 3575 1542 3632 cerveau, qui la tinrent huit jours entre la vie et la
415 3627 1534 3685 mort. Parfois elle disait, avec des accents qui fai¬
410 3680 1542 3754 saient frissonner, ce verset qui avait eu sur elle une si
418 3728 770 3811 puissante action.
455 3787 1538 3883 « Pardonnez-nous nos offenses comme nous les par¬
400 3867 1283 3945 donnons à ceux qui nous ont offensés !»
1705 271 2770 342 Et, alors, ses regards étaient sévères et menaçants.
1699 328 2768 400 D'autres fois, elle le répétait avec une voix atten¬
1651 383 2768 449 drie, qui arrachait des pleurs à ceux qui l’entouraient.
1647 436 2771 504 Et puis, c'étaient ses terreurs pour le salut de sa mère,
1654 493 2768 562 de son oncle et deses tantes; c'étaient d’ingénues et
1648 547 2763 605 touchantes prières pour leur réconciliation; des canti¬
1660 606 2768 670 ques d'actions de grâces, sur des modulations divines
1646 657 2774 725 et que personne n’avait jamais entendues, lorsqu’elle
1646 712 2767 787 s’imaginait cette réconciliation accomplie; c’étaient
1646 771 2773 838 de tendres adorations adressées au Dieu, qu’entourée
1646 831 2767 886 de ses compagnes, il lui semblait recevoir; adorations
1640 884 2763 952 au milieu desquelles le verset du pardon ne cessait de
1641 942 2759 1004 revenir; et tout cela entremêlé des cris que lui arra¬
1643 990 2068 1066 chait la souffrance !
1691 1051 2763 1107 Au bout du second jour, madame Dourlens était
1648 1109 2763 1162 vaincue, et, penchée sur le bord du petit lit de dou¬
1640 1160 2763 1219 leur, elle promettait à Dieu et à son enfant, d’effacer
1643 1212 2760 1277 de son cœur tout sentiment de haine, et d’aller au-de¬
1648 1270 2760 1331 vant de tout ce qui pourrait amener une réconcilia¬
1643 1329 2760 1398 tion sincère et durable entre elle, son frère et ses
1636 1381 1764 1452 sœurs
1688 1427 2757 1496 Si cette promesse coûta à son origueil de sœur aînée
1641 1492 2760 1566 et à sa conviction d’avoir le bon droit de son côté,
1643 1544 2754 1609 elle en fut largement récompensée par le bonheur
1643 1603 2752 1664 qui, à cette promesse, illumina le visage d’Anna-Cé¬
1631 1657 2761 1726 cile. Sur-le-champ, elle voulut mettre sa bonne
1633 1705 2752 1770 résolution à exécution, et elle écrivit à celle de ses
1636 1767 2750 1828 sœurs qu'il était le moins facile de gagner, à la ter¬
1638 1811 2020 1886 rible tante Louise.
1681 1873 2754 1952 Hélas ! la lettre lui revint, sans avoir été déca¬
1633 1915 1805 1992 chetée !
1679 1985 2756 2048 Une seconde, une troisième lettre eurent le même
1633 2037 1739 2098 sort!
1682 2092 2757 2165 Désespérée de l’inutilité des démarches de sa mère,
1634 2150 2760 2223 Anna-Cécile eut un redoublement d’accès. Madame
1634 2194 2213 2266 Dourlens était au désespoir.
1681 2264 2756 2326 « Que faire, mon Dieu? Que faire? » s'écriait-elle.
1679 2309 2767 2391 Et Anna-Cécile répondait à ses cris par le terrible
1638 2369 1781 2434 verset.
1679 2428 2761 2492 Sur ces entrefaites, l’oncle Jean-Marie, qui avait
1636 2487 2760 2542 appris la gravité de l’état d’Anna-Cécile, et qui ne
1638 2538 2754 2600 pouvait se rappeler sans émotion le petit bouquet de
1630 2588 2756 2663 la Saint-Jean, cédait à son inquiétude, et entrait dans
1626 2647 2760 2719 la chambre de la petite malade, à l'instant même où
1626 2705 2756 2770 madame Dourlens cherchait en vain, dans sa tête
1627 2756 2757 2822 affaiblie par la douleur, les moyens de vaincre la ré¬
1630 2805 2068 2876 sistance de sa sœur.
1674 2870 2752 2939 « Ah! fit-elle en apercevant Jean-Marie, Dieu t'en¬
1634 2914 1783 2979 voie! »
1672 2975 2616 3045 Et elle le conduisit vers le lit d’Anna-Cécile.
1674 3030 2756 3105 Devant ce charmant visage amaigri et ces grands
1633 3086 2752 3158 yeux bruns qui le regardaient sans le reconnaître,
1630 3133 2753 3220 l'oncle Jean-Marie sentit ses jambes se dérober sous
1630 3185 1711 3270 lui.
1674 3246 2757 3331 « Pardonnez-nous nos offenses comme nous les par¬
1627 3295 2746 3373 donnons à ceux qui nous ont offensés, » articula net¬
1626 3359 2493 3432 tement Anna-Cécile, de sa voix fibrante.
1675 3415 2369 3493 L'oncle Jean-Marie n'y lint plus.
1678 3472 2747 3547 Déjà, dans toute la ville, on connaissait la cause
1629 3527 2746 3608 du mal auquel était près de succomber la petite-fille
1627 3572 2750 3647 du capitaine Morel, et ces bruits étaient, naturelle¬
1622 3641 2746 3701 ment, venus aux oreilles de l'oncle et des deux tantes.
1627 3697 2750 3767 Le verset que répétait l'enfant était la confirmation
1623 3746 1925 3819 de ces bruits.
1672 3807 2746 3870 Jean-Marie ne dit pas un mot, mais il se retourna
1627 3862 2746 3938 vers sa sœur, les bras tout grands ouverts, et, après
