<?xml version="1.0" encoding="UTF-8" standalone="yes"?><PcGts xmlns="http://schema.primaresearch.org/PAGE/gts/pagecontent/2013-07-15"><Metadata><Creator>prov=READ-COOP:name=TrHtr:version=2.44.0:model_id=51170:date=15_06_2026_19:41</Creator><Created>2026-05-26T10:53:45.608965</Created><LastChange>2026-06-20T13:26:07.457+02:00</LastChange><TranskribusMetadata docId="14756063" pageId="115166944" pageNr="380" userId="187713" imgUrl="https://files.transkribus.eu/Get?fileType=view&amp;id=DCCOYUYMZENXOGSNVZPTDTYC" imageId="97254415"/></Metadata><Page imageFilename="20144531_380.jpg" imageWidth="2939" imageHeight="4158"><TextRegion id="tr_1779785657" custom="readingOrder {index:0;} structure {type:page-number;score:0.99;}"><Coords points="1658,110 1782,110 1782,181 1658,181"/><TextLine id="tr_1779785657_tl_1" custom="readingOrder {index:0;}"><Coords points="1665,172 1717,192 1730,192 1742,180 1746,185 1764,176 1789,178 1793,122 1782,122 1769,113 1750,126 1732,115 1717,124 1685,102 1669,102"/><Baseline points="1677,164 1707,164 1752,164 1796,158"/><TextEquiv><Unicode>352</Unicode></TextEquiv></TextLine><TextEquiv><Unicode></Unicode></TextEquiv></TextRegion><TextRegion id="tr_1779785652" custom="readingOrder {index:1;} structure {type:paragraph;score:0.99;}"><Coords points="535,190 1684,186 1684,914 532,914"/><TextLine id="tr_1779785652_tl_1" custom="readingOrder {index:0;}"><Coords points="557,253 1644,268 1667,189 1317,223 641,172 555,207"/><Baseline points="567,226 611,232 656,232 701,232 746,232 791,232 835,235 880,235 925,235 970,235 1014,238 1059,241 1104,241 1149,244 1193,244 1238,247 1283,250 1328,250 1373,250 1417,250 1462,250 1507,250 1552,247 1596,244 1641,244 1674,244"/><TextEquiv><Unicode>velle et qui parait bien insignifiante, prend, entre les</Unicode></TextEquiv></TextLine><TextLine id="tr_1779785652_tl_2" custom="readingOrder {index:1;}"><Coords points="557,314 1660,320 1629,262 557,253"/><Baseline points="567,286 611,286 656,289 701,289 746,286 791,286 835,286 880,289 925,292 970,292 1014,292 1059,295 1104,295 1149,301 1193,301 1238,304 1283,304 1328,304 1373,304 1417,304 1462,304 1507,301 1552,298 1596,298 1641,298 1665,298"/><TextEquiv><Unicode>mains de ces demoiselles, les plus gracieux aspects.</Unicode></TextEquiv></TextLine><TextLine id="tr_1779785652_tl_3" custom="readingOrder {index:2;}"><Coords points="598,359 1669,368 1631,313 598,307"/><Baseline points="608,343 653,343 698,343 743,343 788,343 832,343 877,346 922,349 967,352 1011,352 1056,355 1101,355 1146,358 1190,358 1235,358 1280,358 1325,358 1370,358 1414,355 1459,352 1504,352 1549,352 1593,352 1638,349 1674,346"/><TextEquiv><Unicode>Le mois prochain, je te ferai part de mes nouvelles</Unicode></TextEquiv></TextLine><TextLine id="tr_1779785652_tl_4" custom="readingOrder {index:3;}"><Coords points="562,417 877,453 1669,419 1636,365 1214,393 562,363"/><Baseline points="573,394 617,399 662,399 707,396 752,394 796,396 841,399 886,405 931,402 976,405 1020,408 1065,408 1110,411 1155,411 1199,411 1244,411 1289,411 1334,411 1379,405 1423,405 1468,405 1513,402 1558,402 1602,402 1647,402 1674,399"/><TextEquiv><Unicode>remarques , et des préparatifs pour les toilettes de</Unicode></TextEquiv></TextLine><TextLine id="tr_1779785652_tl_5" custom="readingOrder {index:4;}"><Coords points="553,478 568,476 573,480 586,474 593,478 613,463 627,465 639,478 650,478 648,411 616,411 602,428 595,428 580,413 577,417 571,415 566,422 551,420"/><Baseline points="561,453 605,450 650,456 653,456"/><TextEquiv><Unicode>bal.</Unicode></TextEquiv></TextLine><TextLine id="tr_1779785652_tl_6" custom="readingOrder {index:5;}"><Coords points="598,523 1674,525 1656,481 1462,483 1401,438 598,469"/><Baseline points="608,507 653,510 698,513 743,513 788,516 832,516 877,519 922,519 967,522 1011,522 1056,519 1101,519 1146,516 1190,516 1235,516 1280,513 1325,513 1370,513 1414,510 1459,510 1504,510 1549,510 1593,510 1638,510 1677,510"/><TextEquiv><Unicode>Je ne veux pas oublier de te dire que les robes en</Unicode></TextEquiv></TextLine><TextLine id="tr_1779785652_tl_7" custom="readingOrder {index:6;}"><Coords points="553,575 1593,589 1593,530 1514,521 981,559 553,503"/><Baseline points="564,564 608,561 653,564 698,567 743,567 788,570 832,573 877,573 922,573 967,576 1011,573 1056,573 1101,573 1146,570 1190,570 1235,567 1280,567 1325,567 1370,567 1414,564 1459,567 1504,567 1549,567 1593,570 1596,570"/><TextEquiv><Unicode>éloffe de laine ou de fantaisie, laine et soie,</Unicode></TextEquiv></TextLine><TextLine id="tr_1779785652_tl_8" custom="readingOrder {index:7;}"><Coords points="560,632 1669,643 1671,582 1381,609 562,573"/><Baseline points="570,620 614,623 659,623 704,623 749,626 793,623 838,626 883,626 928,626 973,623 1017,623 1062,623 1107,620 1152,620 1196,620 1241,620 1286,620 1331,620 1376,620 1420,620 1465,617 1510,620 1555,620 1599,620 1644,623 1674,626"/><TextEquiv><Unicode>dont je ne puis te donner les noms, car tout le</Unicode></TextEquiv></TextLine><TextLine id="tr_1779785652_tl_9" custom="readingOrder {index:8;}"><Coords points="562,702 1669,695 1669,643 1588,638 562,636"/><Baseline points="573,680 599,677 644,680 689,680 734,680 779,680 823,680 868,680 913,677 958,677 1002,677 1047,674 1092,674 1137,674 1182,674 1226,674 1271,674 1316,674 1361,674 1405,674 1450,677 1495,674 1540,677 1584,677 1629,677 1674,674"/><TextEquiv><Unicode>journal ne suffirait pas à cette nomenclature, sont en</Unicode></TextEquiv></TextLine><TextLine id="tr_1779785652_tl_10" custom="readingOrder {index:9;}"><Coords points="553,749 1667,760 1635,684 553,704"/><Baseline points="564,731 608,734 653,734 698,734 743,731 788,731 832,728 877,728 922,728 967,728 1011,728 1056,725 1101,728 1146,728 1190,728 1235,728 1280,728 1325,731 1370,731 1414,731 1459,731 1504,731 1549,731 1593,734 1638,731 1671,731"/><TextEquiv><Unicode>étoffes très-épaisses, trè-roides, et varient de prix de</Unicode></TextEquiv></TextLine><TextLine id="tr_1779785652_tl_11" custom="readingOrder {index:10;}"><Coords points="551,792 699,799 736,787 747,798 780,787 844,805 898,787 936,792 936,744 907,738 824,754 803,735 771,751 701,738 674,758 656,742 551,749"/><Baseline points="561,785 582,785 626,788 671,788 716,785 761,785 805,782 850,782 895,782 940,782"/><TextEquiv><Unicode>5 à 9 fr. le mètre.</Unicode></TextEquiv></TextLine><TextLine id="tr_1779785652_tl_12" custom="readingOrder {index:11;}"><Coords points="593,842 1669,846 1669,796 1608,781 593,798"/><Baseline points="602,838 647,835 692,835 737,835 782,835 826,835 871,835 916,835 961,835 1005,835 1050,835 1095,835 1140,835 1185,835 1229,838 1274,838 1319,838 1364,838 1408,838 1453,841 1498,838 1543,841 1587,841 1632,841 1671,841"/><TextEquiv><Unicode>Et le rébus qu'en as-tu fait? Toutes ces décorations</Unicode></TextEquiv></TextLine><TextEquiv><Unicode></Unicode></TextEquiv></TextRegion><TextRegion id="tr_1779785653" custom="readingOrder {index:2;} structure {type:paragraph;score:0.99;}"><Coords points="1751,189 2890,171 2894,742 1739,722"/><TextLine id="tr_1779785653_tl_1" custom="readingOrder {index:0;}"><Coords points="1751,259 2863,278 2876,228 2655,180 1750,212"/><Baseline points="1761,241 1805,241 1850,244 1895,244 1940,244 1984,241 2029,241 2074,241 2119,238 2164,238 2208,241 2253,241 2298,241 2343,238 2387,241 2432,238 2477,241 2522,241 2567,241 2611,244 2656,247 2701,250 2746,253 2790,256 2835,262 2880,262"/><TextEquiv><Unicode>sont d'ordres différents, les deux ordres du haut étant</Unicode></TextEquiv></TextLine><TextLine id="tr_1779785653_tl_2" custom="readingOrder {index:1;}"><Coords points="1757,316 2513,302 2881,341 2881,284 2746,259 1757,260"/><Baseline points="1767,295 1811,298 1856,298 1901,301 1946,298 1990,298 2035,298 2080,298 2125,295 2170,295 2214,295 2259,295 2304,295 2349,295 2393,295 2438,295 2483,295 2528,295 2573,298 2617,298 2662,301 2707,304 2752,307 2796,313 2841,316 2886,316"/><TextEquiv><Unicode>l'un contre l'autre, tu diras Ordre contre ordre, puis</Unicode></TextEquiv></TextLine><TextLine id="tr_1779785653_tl_3" custom="readingOrder {index:2;}"><Coords points="1751,374 2854,393 2881,341 2376,300 1750,320"/><Baseline points="1761,349 1805,352 1850,352 1895,352 1940,355 1984,352 2029,349 2074,352 2119,352 2164,352 2208,352 2253,352 2298,352 2343,352 2387,352 2432,352 2477,352 2522,352 2567,355 2611,355 2656,358 2701,358 2746,361 2790,367 2835,370 2880,373 2883,376"/><TextEquiv><Unicode>tu remarqueras qu'il reste en bas des ordres; tout cela</Unicode></TextEquiv></TextLine><TextLine id="tr_1779785653_tl_4" custom="readingOrder {index:3;}"><Coords points="1751,413 2849,429 2820,381 2655,363 1751,374"/><Baseline points="1761,402 1805,405 1850,405 1895,405 1940,405 1984,405 2029,405 2074,405 2119,405 2164,402 2208,405 2253,405 2298,405 2343,405 2387,408 2432,408 2477,408 2522,408 2567,408 2611,408 2656,411 2701,411 2746,414 2790,417 2835,420 2853,420"/><TextEquiv><Unicode>fait pour l'oreille : Ordre contre ordre, désordre. —</Unicode></TextEquiv></TextLine><TextLine id="tr_1779785653_tl_5" custom="readingOrder {index:4;}"><Coords points="1755,471 2829,499 2872,445 1753,415"/><Baseline points="1764,456 1808,456 1853,459 1898,459 1943,459 1987,459 2032,459 2077,459 2122,459 2167,459 2211,462 2256,462 2301,462 2346,462 2390,462 2435,462 2480,462 2525,462 2570,465 2614,465 2659,465 2704,468 2749,471 2793,474 2838,477 2877,480"/><TextEquiv><Unicode>Je ne sais ce que tu penseras de ce rébus, mais tou¬</Unicode></TextEquiv></TextLine><TextLine id="tr_1779785653_tl_6" custom="readingOrder {index:5;}"><Coords points="1755,542 2876,555 2876,490 1755,471"/><Baseline points="1764,513 1808,513 1853,513 1898,513 1943,513 1987,513 2032,513 2077,516 2122,513 2167,516 2211,519 2256,519 2301,519 2346,519 2390,519 2435,519 2480,519 2525,519 2570,522 2614,522 2659,522 2704,525 2749,522 2793,531 2838,537 2880,537"/><TextEquiv><Unicode>jours est-il qu'il exprime tant bien que mal une grande</Unicode></TextEquiv></TextLine><TextLine id="tr_1779785653_tl_7" custom="readingOrder {index:6;}"><Coords points="1755,591 2879,605 2879,559 1753,542"/><Baseline points="1764,567 1808,570 1853,570 1898,570 1943,570 1987,570 2032,570 2077,573 2122,573 2167,570 2211,573 2256,573 2301,576 2346,573 2390,573 2435,576 2480,576 2525,576 2570,576 2614,576 2659,576 2704,579 2749,579 2793,585 2838,591 2883,591"/><TextEquiv><Unicode>vérité dont je t'engage à faire ton profit... et comme</Unicode></TextEquiv></TextLine><TextLine id="tr_1779785653_tl_8" custom="readingOrder {index:7;}"><Coords points="1757,650 2869,663 2869,605 2788,593 1757,586"/><Baseline points="1767,629 1811,629 1856,626 1901,629 1946,626 1990,626 2035,629 2080,629 2125,629 2170,629 2214,629 2259,629 2304,629 2349,629 2393,629 2438,629 2483,629 2528,629 2573,632 2617,632 2662,632 2707,635 2752,638 2796,641 2841,644 2871,647"/><TextEquiv><Unicode>je me sens en humeur de moraliser aussi, je me hâte</Unicode></TextEquiv></TextLine><TextLine id="tr_1779785653_tl_9" custom="readingOrder {index:8;}"><Coords points="1746,708 2813,706 2813,656 1746,659"/><Baseline points="1755,683 1799,680 1844,683 1889,683 1934,683 1979,686 2023,686 2068,686 2113,686 2158,686 2202,686 2247,689 2292,686 2337,689 2381,689 2426,689 2471,689 2516,689 2561,689 2605,689 2650,689 2695,692 2740,692 2784,695 2817,698"/><TextEquiv><Unicode>de te dire adieu en t'embrassant comme je t'aime.</Unicode></TextEquiv></TextLine><TextEquiv><Unicode></Unicode></TextEquiv></TextRegion><TextRegion id="r_1" custom="readingOrder {index:3;} structure {type:heading;}"><Coords points="953,1065 1409,938 1997,938 2472,1065 2472,1178 1818,1184 980,1184 953,1178"/><TextLine id="r_1_tl_1" custom="readingOrder {index:0;}"><Coords points="1460,1065 1500,1049 1568,1067 1953,1040 1951,948 1917,939 1769,939 1721,966 1579,945 1459,963"/><Baseline points="1471,1026 1516,1026 1561,1023 1605,1026 1650,1026 1695,1026 1740,1026 1784,1026 1829,1029 1874,1029 1919,1029 1955,1032"/><TextEquiv><Unicode>ÉPHÉMÉRIDES.</Unicode></TextEquiv></TextLine><TextLine id="r_1_tl_2" custom="readingOrder {index:1;}"><Coords points="986,1169 2425,1203 2425,1099 2344,1087 986,1108"/><Baseline points="996,1152 1041,1149 1086,1155 1131,1155 1176,1155 1220,1155 1265,1155 1310,1152 1355,1155 1399,1158 1444,1158 1489,1155 1534,1158 1579,1158 1623,1158 1668,1158 1713,1155 1758,1158 1802,1158 1847,1158 1892,1161 1937,1161 1981,1158 2026,1161 2071,1161 2116,1161 2161,1164 2205,1164 2250,1164 2295,1164 2340,1164 2384,1167 2429,1167 2432,1164"/><TextEquiv><Unicode>16 Novembre 1632. — Mort de Gustave-Adolphe, roi de Suéde.</Unicode></TextEquiv></TextLine><TextEquiv><Unicode></Unicode></TextEquiv></TextRegion><TextRegion id="tr_1779785651" custom="readingOrder {index:4;} structure {type:paragraph;score:0.99;}"><Coords points="511,1200 1685,1200 1685,1668 511,1668"/><TextLine id="tr_1779785651_tl_1" custom="readingOrder {index:0;}"><Coords points="589,1281 1644,1308 1660,1239 587,1225"/><Baseline points="599,1274 644,1277 689,1280 734,1280 779,1280 823,1280 868,1280 913,1283 958,1283 1002,1283 1047,1283 1092,1283 1137,1283 1182,1283 1226,1286 1271,1286 1316,1286 1361,1286 1405,1286 1450,1286 1495,1289 1540,1286 1584,1289 1629,1289 1665,1289"/><TextEquiv><Unicode>Gustave-Adolphe succéda à Charles IX, son père,</Unicode></TextEquiv></TextLine><TextLine id="tr_1779785651_tl_2" custom="readingOrder {index:1;}"><Coords points="539,1349 1665,1358 1663,1300 1577,1293 539,1293"/><Baseline points="549,1331 594,1334 638,1334 683,1334 728,1331 773,1334 817,1337 862,1337 907,1337 952,1334 996,1337 1041,1337 1086,1340 1131,1340 1176,1340 1220,1340 1265,1340 1310,1343 1355,1343 1399,1343 1444,1343 1489,1343 1534,1343 1579,1343 1623,1343 1668,1340"/><TextEquiv><Unicode>en 1611; la Suède était alors en guerre avec trois</Unicode></TextEquiv></TextLine><TextLine id="tr_1779785651_tl_3" custom="readingOrder {index:2;}"><Coords points="551,1408 1665,1414 1635,1351 551,1347"/><Baseline points="561,1390 605,1390 650,1390 695,1390 740,1385 785,1385 829,1387 874,1390 919,1390 964,1393 1008,1393 1053,1393 1098,1393 1143,1396 1188,1396 1232,1396 1277,1396 1322,1396 1367,1396 1411,1399 1456,1399 1501,1399 1546,1399 1590,1399 1635,1402 1668,1402"/><TextEquiv><Unicode>puissances : le Danemark, la Russie et la Pologne.</Unicode></TextEquiv></TextLine><TextLine id="tr_1779785651_tl_4" custom="readingOrder {index:3;}"><Coords points="542,1459 1660,1460 1660,1417 1507,1399 542,1410"/><Baseline points="552,1444 596,1444 641,1444 686,1444 731,1444 776,1444 820,1444 865,1444 910,1447 955,1447 999,1447 1044,1447 1089,1447 1134,1447 1179,1450 1223,1453 1268,1453 1313,1450 1358,1450 1402,1453 1447,1453 1492,1453 1537,1453 1582,1453 1626,1453 1665,1450"/><TextEquiv><Unicode>Il fit la paix avec les deux premières, et força la troi¬</Unicode></TextEquiv></TextLine><TextLine id="tr_1779785651_tl_5" custom="readingOrder {index:4;}"><Coords points="539,1509 1660,1520 1649,1460 539,1455"/><Baseline points="549,1498 594,1501 638,1501 683,1498 728,1501 773,1501 817,1501 862,1501 907,1501 952,1501 996,1501 1041,1504 1086,1501 1131,1501 1176,1504 1220,1504 1265,1504 1310,1504 1355,1504 1399,1504 1444,1504 1489,1507 1534,1507 1579,1507 1623,1507 1662,1504"/><TextEquiv><Unicode>sième, par plusieurs victoires successives, à lui céder</Unicode></TextEquiv></TextLine><TextLine id="tr_1779785651_tl_6" custom="readingOrder {index:5;}"><Coords points="539,1557 1651,1568 1649,1516 537,1516"/><Baseline points="549,1549 594,1552 638,1549 683,1552 728,1552 773,1552 817,1555 862,1552 907,1555 952,1555 996,1555 1041,1558 1086,1555 1131,1558 1176,1558 1220,1558 1265,1558 1310,1558 1355,1558 1399,1558 1444,1558 1489,1558 1534,1561 1579,1561 1623,1561 1656,1558"/><TextEquiv><Unicode>toutes les places de la Livonie et de la Prusse polo¬</Unicode></TextEquiv></TextLine><TextLine id="tr_1779785651_tl_7" custom="readingOrder {index:6;}"><Coords points="535,1620 1611,1638 1658,1568 533,1566"/><Baseline points="546,1605 591,1605 635,1605 680,1605 725,1608 770,1605 814,1608 859,1605 904,1605 949,1608 993,1608 1038,1611 1083,1611 1128,1611 1173,1611 1217,1611 1262,1611 1307,1611 1352,1611 1396,1614 1441,1614 1486,1614 1531,1614 1576,1614 1620,1614 1662,1611"/><TextEquiv><Unicode>naise. Il fit ensuite alliance avec les protestants d'Al¬</Unicode></TextEquiv></TextLine><TextEquiv><Unicode></Unicode></TextEquiv></TextRegion><TextRegion id="tr_1779785650" custom="readingOrder {index:5;} structure {type:paragraph;score:0.99;}"><Coords points="1713,1191 2888,1191 2893,1680 1727,1656"/><TextLine id="tr_1779785650_tl_1" custom="readingOrder {index:0;}"><Coords points="1751,1299 2881,1315 2881,1265 2804,1252 1751,1248"/><Baseline points="1761,1286 1805,1289 1850,1289 1895,1289 1940,1289 1984,1289 2029,1289 2074,1289 2119,1292 2164,1292 2208,1292 2253,1295 2298,1295 2343,1295 2387,1295 2432,1298 2477,1295 2522,1298 2567,1298 2611,1298 2656,1298 2701,1301 2746,1301 2790,1301 2835,1304 2880,1301 2883,1301"/><TextEquiv><Unicode>lemagne, et déclara avec eux la guerre à la maison</Unicode></TextEquiv></TextLine><TextLine id="tr_1779785650_tl_2" custom="readingOrder {index:1;}"><Coords points="1739,1365 2879,1372 2879,1320 2829,1309 1739,1318"/><Baseline points="1749,1343 1793,1346 1838,1343 1883,1343 1928,1346 1973,1346 2017,1346 2062,1346 2107,1349 2152,1349 2196,1349 2241,1349 2286,1349 2331,1352 2376,1352 2420,1352 2465,1352 2510,1352 2555,1355 2599,1355 2644,1355 2689,1355 2734,1358 2778,1358 2823,1358 2868,1361 2883,1358"/><TextEquiv><Unicode>d’Autriche. Il remporta victoires sur victoies, dont la</Unicode></TextEquiv></TextLine><TextLine id="tr_1779785650_tl_3" custom="readingOrder {index:2;}"><Coords points="1746,1423 2876,1437 2876,1371 1746,1367"/><Baseline points="1755,1399 1799,1399 1844,1399 1889,1399 1934,1399 1979,1399 2023,1399 2068,1399 2113,1402 2158,1402 2202,1402 2247,1405 2292,1408 2337,1408 2381,1408 2426,1408 2471,1408 2516,1411 2561,1411 2605,1411 2650,1411 2695,1411 2740,1411 2784,1414 2829,1414 2874,1408 2880,1408"/><TextEquiv><Unicode>plus célèbre est celle de Leipzig, et fut tué, le 16 no¬</Unicode></TextEquiv></TextLine><TextLine id="tr_1779785650_tl_4" custom="readingOrder {index:3;}"><Coords points="1746,1473 2870,1480 2869,1439 2806,1426 1746,1423"/><Baseline points="1755,1450 1799,1453 1844,1453 1889,1453 1934,1453 1979,1456 2023,1456 2068,1459 2113,1459 2158,1459 2202,1459 2247,1459 2292,1462 2337,1462 2381,1465 2426,1465 2471,1465 2516,1465 2561,1465 2605,1465 2650,1465 2695,1468 2740,1468 2784,1468 2829,1468 2874,1468"/><TextEquiv><Unicode>vembre 1632, à la bataille de Lutzen, d’une manière</Unicode></TextEquiv></TextLine><TextLine id="tr_1779785650_tl_5" custom="readingOrder {index:4;}"><Coords points="1728,1516 2849,1541 2876,1478 1726,1468"/><Baseline points="1737,1507 1782,1504 1826,1501 1871,1504 1916,1507 1961,1510 2005,1510 2050,1510 2095,1513 2140,1513 2184,1513 2229,1513 2274,1516 2319,1516 2364,1516 2408,1516 2453,1519 2498,1519 2543,1519 2587,1522 2632,1522 2677,1525 2722,1525 2767,1525 2811,1525 2856,1525 2880,1522"/><TextEquiv><Unicode>mystérieuse, qui a fait croire à un assassinat. Il était</Unicode></TextEquiv></TextLine><TextLine id="tr_1779785650_tl_6" custom="readingOrder {index:5;}"><Coords points="1737,1570 2872,1600 2836,1534 1737,1516"/><Baseline points="1746,1561 1790,1558 1835,1561 1880,1561 1925,1564 1970,1564 2014,1561 2059,1564 2104,1564 2149,1567 2193,1567 2238,1570 2283,1570 2328,1570 2373,1570 2417,1573 2462,1573 2507,1573 2552,1576 2596,1576 2641,1576 2686,1576 2731,1576 2775,1579 2820,1579 2865,1573 2874,1573"/><TextEquiv><Unicode>âgé de trente-huit ans. Il ne laissa qu’une fille, Chris¬</Unicode></TextEquiv></TextLine><TextLine id="tr_1779785650_tl_7" custom="readingOrder {index:6;}"><Coords points="1730,1640 2806,1645 2770,1588 1728,1575"/><Baseline points="1737,1614 1782,1617 1826,1614 1871,1617 1916,1617 1961,1614 2005,1617 2050,1617 2095,1620 2140,1623 2184,1623 2229,1623 2274,1623 2319,1623 2364,1623 2408,1626 2453,1626 2498,1629 2543,1629 2587,1629 2632,1629 2677,1629 2722,1632 2767,1635 2808,1635"/><TextEquiv><Unicode>tine, qui, après lui, monta sur le trône de Suède.</Unicode></TextEquiv></TextLine><TextEquiv><Unicode></Unicode></TextEquiv></TextRegion><TextRegion id="tr_1779785658" custom="readingOrder {index:6;} structure {type:heading;score:0.99;}"><Coords points="1509,1685 1886,1685 1886,1793 1509,1793"/><TextLine id="tr_1779785658_tl_1" custom="readingOrder {index:0;}"><Coords points="1520,1787 1599,1800 1617,1782 1654,1784 1674,1802 1721,1789 1766,1805 1868,1791 1866,1714 1809,1681 1705,1714 1618,1679 1570,1697 1518,1681"/><Baseline points="1528,1761 1573,1761 1617,1761 1662,1758 1707,1761 1752,1761 1796,1761 1841,1761 1871,1764"/><TextEquiv><Unicode>Mosaïque.</Unicode></TextEquiv></TextLine><TextEquiv><Unicode></Unicode></TextEquiv></TextRegion><TextRegion id="tr_1779785654" custom="readingOrder {index:7;} structure {type:paragraph;score:0.99;}"><Coords points="528,1842 1601,1842 1601,2019 528,2019"/><TextLine id="tr_1779785654_tl_1" custom="readingOrder {index:0;}"><Coords points="575,1899 1654,1922 1626,1839 575,1848"/><Baseline points="585,1883 629,1883 674,1883 719,1883 764,1883 808,1886 853,1886 898,1886 943,1886 988,1886 1032,1889 1077,1886 1122,1886 1167,1886 1211,1889 1256,1889 1301,1889 1346,1892 1390,1892 1435,1892 1480,1892 1525,1892 1570,1892 1614,1889 1659,1892"/><TextEquiv><Unicode>Au moment où la foi sort du cœur, la crédulité</Unicode></TextEquiv></TextLine><TextLine id="tr_1779785654_tl_2" custom="readingOrder {index:1;}"><Coords points="533,1958 593,1944 706,1969 803,1947 859,1963 875,1949 947,1954 945,1908 918,1897 860,1908 710,1891 634,1906 595,1891 532,1900"/><Baseline points="543,1934 588,1937 632,1940 677,1940 722,1940 767,1940 811,1940 856,1940 901,1940 946,1943 952,1943"/><TextEquiv><Unicode>entre dans l’esprit.</Unicode></TextEquiv></TextLine><TextLine id="tr_1779785654_tl_3" custom="readingOrder {index:2;}"><Coords points="1261,2010 1277,2008 1299,2024 1335,2010 1353,2019 1367,2008 1378,2017 1424,2012 1439,2023 1514,2012 1514,1949 1469,1960 1453,1954 1432,1970 1405,1958 1390,1970 1345,1945 1320,1962 1311,1954 1302,1962 1277,1942 1261,1945"/><Baseline points="1271,1999 1316,1999 1361,1999 1405,2002 1450,2002 1495,2002 1519,1999"/><TextEquiv><Unicode>LAMENNAIS.</Unicode></TextEquiv></TextLine><TextEquiv><Unicode></Unicode></TextEquiv></TextRegion><TextRegion id="tr_1779785659" custom="readingOrder {index:8;} structure {type:paragraph;score:0.99;}"><Coords points="1731,1836 2860,1836 2878,2051 1731,2051"/><TextLine id="tr_1779785659_tl_1" custom="readingOrder {index:0;}"><Coords points="1775,1917 2834,1931 2860,1850 1773,1839"/><Baseline points="1784,1889 1829,1895 1874,1895 1919,1895 1964,1895 2008,1898 2053,1898 2098,1898 2143,1898 2187,1901 2232,1901 2277,1904 2322,1904 2367,1904 2411,1904 2456,1907 2501,1907 2546,1907 2590,1907 2635,1910 2680,1910 2725,1910 2770,1913 2814,1913 2859,1907 2865,1910"/><TextEquiv><Unicode>Faites-vous une étude de la patience et sachez cé¬</Unicode></TextEquiv></TextLine><TextLine id="tr_1779785659_tl_2" custom="readingOrder {index:1;}"><Coords points="1735,1972 1803,1981 1850,1970 1879,1988 2071,1974 2069,1945 2023,1913 1960,1911 1909,1926 1891,1913 1796,1922 1762,1906 1733,1920"/><Baseline points="1743,1949 1787,1952 1832,1952 1877,1952 1922,1955 1967,1955 2011,1958 2056,1958 2074,1958"/><TextEquiv><Unicode>der par raison.</Unicode></TextEquiv></TextLine><TextLine id="tr_1779785659_tl_3" custom="readingOrder {index:2;}"><Coords points="2396,2030 2425,2041 2439,2028 2464,2044 2486,2032 2522,2041 2549,2024 2648,2046 2667,2033 2730,2037 2754,2032 2752,1985 2682,1970 2649,1992 2626,1972 2574,1967 2506,1988 2452,1969 2393,1979"/><Baseline points="2405,2014 2450,2008 2495,2014 2540,2020 2584,2020 2629,2020 2674,2023 2719,2023 2758,2023"/><TextEquiv><Unicode>Mme DE LAMBERT.</Unicode></TextEquiv></TextLine><TextEquiv><Unicode></Unicode></TextEquiv></TextRegion><TextRegion id="tr_1779785655" custom="readingOrder {index:9;} structure {type:heading;score:0.99;}"><Coords points="1240,2119 2087,2119 2087,2302 1240,2302"/><TextLine id="l" custom="readingOrder {index:0;}"><Coords points="1444,2245 1873,2254 1874,2224 1445,2215"/><Baseline points="1444,2245 1873,2254"/><TextEquiv><Unicode>REBUS</Unicode></TextEquiv></TextLine><TextEquiv><Unicode></Unicode></TextEquiv></TextRegion><TextRegion id="r" custom="readingOrder {index:10;}"><Coords points="717,2322 2607,2322 2607,3738 717,3738"/><TextEquiv><Unicode></Unicode></TextEquiv></TextRegion><TextRegion id="tr_1779785662" custom="readingOrder {index:11;} structure {type:footer;score:0.8;}"><Coords points="1147,3807 2154,3807 2154,3908 1147,3908"/><TextLine id="tr_1779785662_tl_1" custom="readingOrder {index:0;}"><Coords points="1196,3878 1715,3876 1794,3907 1856,3882 1899,3910 2112,3883 2111,3830 1195,3817"/><Baseline points="1205,3853 1250,3856 1295,3859 1340,3862 1385,3865 1429,3865 1474,3862 1519,3862 1564,3862 1608,3862 1653,3862 1698,3862 1743,3862 1787,3865 1832,3868 1877,3871 1922,3871 1967,3874 2011,3877 2056,3877 2101,3880 2116,3877"/><TextEquiv><Unicode>Paris. — de Typ. Morris et comp. rue Amelot, 64.</Unicode></TextEquiv></TextLine><TextEquiv><Unicode></Unicode></TextEquiv></TextRegion></Page></PcGts>