2907 4318
1333 149 1434 234 17
458 325 2299 534 QUI DONNE AUX PAUVRES, PRÉTE A DIEU
1097 531 1651 639 PROVERBE DRAMATIQUE
632 632 895 753 PERSONNAGES.
339 735 744 836 FRANVAL, médecin.
344 820 719 893 ADÈLE, sa femme.
348 877 737 948 AGATHE, leur fille.
344 918 1191 1003 DURCOURT, leur parent, homme d’affaires.
346 987 916 1063 EUGÈNE, leur voisin, artiste.
339 1042 600 1129 UN HUISSIER.
554 1250 998 1326 Acte premier.
545 1413 1014 1502 SCÈNE PREMIÈRE.
224 1495 1333 1603 (Madame Franval et sa fille travaillent auprès d’une
268 1594 1335 1674 table. Agathe parait distraite et jette de temps en
263 1640 1058 1713 temps un coup d'œil vers la fenêtre.
316 1736 1241 1839 ADÈLE, AGATHE, DURCOURT survenant.
261 1818 1335 1930 DURCOURT. Où donc est Franval, mes chères cou¬
229 1898 355 1960 sines?
266 1924 989 2022 ADÈLE. Il est allé voir ses malades.
266 2001 1337 2095 DURCOURT. Il en a donc beaucoup? jamais je ne le
222 2050 394 2139 trouve !
270 2091 650 2185 ADÉLE. Hélas! oui.
273 2137 1147 2251 DURCOURT. Vous devriez dire : Tant mieux.
268 2221 1095 2288 ADÈLE. Nous ne sommes pas si égoïstes.
268 2256 1333 2354 DURCOURT. Mais il me semble que cette nombreuse
229 2331 1330 2427 cientèle ne l’enrichit guère: je ne vois pas qu’il fasse
220 2384 396 2462 fortune.
268 2423 1330 2508 ADÈLE. Il est vrai qu’il agit avec beaucoup de désin¬
224 2487 1326 2560 téressement et n’est jamais pressé d’envoyer ses mé-
224 2558 1333 2620 moires, surtout quand il a des clients malaisés. Il
231 2599 1330 2670 visite aussi volontiers le pauvre que le riche; et quand
224 2666 1330 2723 il voit le dénûment dans une maison, bien loin de
224 2723 1321 2780 rien réclamer pour ses honoraires, il glisse furtive-
229 2773 1330 2851 ment une ou deux pièces d’or sur la cheminée, afin
224 2819 994 2901 qu’on puisse suivre ses ordonnances.
273 2853 1340 2940 DURCOURT. Peste! je ne suis pas étonné qu’il ait
224 2936 1335 2995 autant de pratiques!... aussi n’amassera-t-il jamais
229 2991 1340 3048 rien. Il est bon d’être charitable, mais l’excès en tout
238 3046 1328 3103 est un défaut, et charité bien ordonnée commence par
231 3094 433 3162 soi-même.
277 3144 1330 3240 ADÈLE. C’est ainsi que vous la pratiquez... Chacun
236 3192 488 3272 sa manière!
273 3247 1333 3327 DURCOURT. Ce que j’en dís, c’est par intérêt pour vous
238 3295 1330 3387 tous; car enfin, vous et votre fille serez victimes de
240 3373 1337 3449 sa prodigalité. Vous devriez bien combattre en lui
236 3424 1083 3488 cette manie d’être généreux à vos dépens.
279 3446 1326 3543 ADÈLE. A Dieu ne plaise! nous nous associons de
231 3527 1330 3598 tout notre cœur à ses nobles sentiments; et je ne
238 3579 1330 3657 puis que louer mon mari de suivre les traces de son
240 3634 1330 3717 vénérable père qui a exercé la médecine avec la même
231 3687 1081 3753 distinction et le même désintéressement.
273 3719 1328 3808 DURCOURT. Son vénérable père!... Où l'aurait-il con¬
240 3801 1360 3875 auit s’il eût vécu plus longtemps? Il ne lui aurait rien
403 3856 1014 3941 VIRGT CINQUIEME ANNÉE. — N° I.
1420 650 2524 783 laissé du tout. Heureusement, nous avons eu, dans
1413 737 2517 838 la personne de notre oncle, un tuteur qui nous a
1422 799 2521 900 donné de plus sages enseignements; mais Franval
1424 868 2526 946 n’a pas su en profiter... Ce cher oncle avait pour
1415 914 2521 1001 maxime qu’il faut toujours tenir ouverte la porte par
1413 971 2528 1060 laquelle entre l’argent, et fermée, celle par laquelle il
1413 1037 2517 1111 sort. Pour moi, j’ai constamment été fidèle à ce prin-
1413 1081 2521 1168 cipe; aussi j’ai beaucoup augmenté le petit capital
1424 1147 2530 1227 qu’il m’a laissé, tandis que l’héritage de votre mari a
1418 1189 2514 1292 périclité entre ses mains. Ah! il le prévoyait, ce bon
1418 1260 2519 1330 oncle! Plus d’une fois il m’a confié ses craintes à ce
1415 1303 2521 1383 sujet, car j’étais son favori... Pauvre oncle!... S’il
1424 1360 2526 1445 peut voir dans l’autre monde ce qui se passe dans
1424 1420 2526 1491 celui-ci, quelle peine il doit éprouver de voir Franval
1424 1472 2526 1559 dissiper follement ce qu’il avait amassé avec tant de
1420 1521 1537 1592 soin!
1461 1582 2514 1660 ADÈLE. L’opinion de votre oncle doit être aujour-
1415 1633 2517 1720 d’hui grandement modifiée sur la valeur des biens
1420 1695 2521 1768 de ce monde. Croyez que, s’il peut voir ce qui se
1418 1759 2528 1839 passe ici-bas, il rend plus de justice au neveu qu’il
1420 1807 2514 1878 avait jadis mal apprécié. Je dirai même que si, mal¬
1424 1866 2514 1928 gré toutes ses vertus, il a laissé quelque chose à dési¬
1427 1917 2514 1990 rer sous le rapport de la charité, c’est un devoir pour
1413 1972 2524 2056 ses héritiers de réparer cette omission en sanctifiant
1422 2031 2194 2105 son héritage par leurs bonnes œuvres.
1463 2091 2517 2159 DURCOURT. Eh bien! votre mari se charge de ce soin
1424 2141 2521 2205 pour nous deux, et moi de celui d’amasser quelque
1418 2198 2514 2269 chose pour votre fille, car, selon toute probabilité, elle
1420 2242 1825 2315 sera mon héritière.
1456 2285 2517 2377 ADÈLE. Pourquoi ne vous mariez-vous pas? Il n’est
1418 2359 2524 2448 pas encore trop tard; et je connais plus d’une femme
1418 2409 1983 2478 qui pourrait vous convenir.
1456 2437 2524 2530 DURCOURT. Je n’y songe plus. Il n‘y a jamais eu
1415 2510 2514 2583 qu’une femme qui m’ait plu et qui m'a empêché de
1420 2560 1894 2640 penser à aucune autre.
1456 2622 2521 2695 ADÈLE. Pourquoi ne l’avoir pas épousée? Elle n’était
1415 2654 1740 2743 donc pas libre?
1463 2723 2219 2801 DURCOURT. Si ; mais elle n'avait rien.
1463 2785 2143 2849 ADÈLE. Je vous reconnais bien là.
1468 2837 2514 2917 DURCOURT. D'ailleurs, j’ai déjà assez de soucis sans
1415 2904 2501 2963 me charger encore de ceux du ménage. Les spécula¬
1418 2943 2517 3021 tions, la hausse, la baisse, les reports, tout cela m’ab¬
1413 3000 2524 3082 sorbe et me prend tout mon temps. Tenez, pendant
1415 3071 2512 3126 que je m’oublie ici à causer, je puis manquer une
1415 3124 2514 3179 affaire importante. Je reviendrai plus tard en dire un
1415 3174 2402 3250 mot à Franval; ainsi, chères cousines, au revoir.
1843 3236 2100 3353 SCÈNE II.
1777 3337 2155 3456 ADÈLE, AGATHE,
1463 3449 2517 3545 AGATHE. Oh! maman... mais c’est qu’il croit de
1418 3522 2514 3609 bonne foi être l’homme le plus raisonnable du
1420 3584 1589 3650 monde!
1463 3598 2505 3701 ADÉLE. Sans doute; il n’est pas méchant, mais l’é¬
1424 3701 2512 3756 goïsme lui rétrécit le cœur, et le rend incapable de
1434 3733 2446 3822 goûter les plus nobles et les plus pures affections.
1463 3801 2517 3904 AGATHE. Il a cependant quelque amitié pour nous !
2292 3872 2327 3937 2
