2897 4318
1101 271 1215 365 an
99 361 1117 445 emploi du er coau dinutile, et par conséquent la
87 413 820 500 nuance des cheveux n'est pas altérée.
118 484 1113 551 Pour donner la frisure aux cheveux, on ne tire pas
84 530 1113 604 la raie transversale très-loin, parce que les frisures
80 598 1115 661 légères sont plus seyantes; ensuite on roule la pointe
87 653 1109 703 de ses cheveux sur le moule friseur, et puis on main¬
84 695 1119 758 tient ce petit rouleau en forme, en le transperçant
75 738 1116 807 avec une frisette à un cran : ceci se fait le soir. Le
84 799 1113 865 lendemain, pour se coiffer en boucles solides, on dé¬
83 854 1119 912 tache une petite mèche sur le devant du front, on la
82 901 1116 967 roule sur ses doigts et arrivé près de la tête, on plante
84 959 1103 1015 une frisette (sorte de broche) à deux crans sur le der¬
79 1007 1111 1080 rière de la boucle, et l’on fait faire un demi-tour à
79 1069 1111 1129 celle-ci, afin que la broche passe en dessous; ce qui
75 1112 1116 1175 découvre les racines et le coiffage a cet air gracieux
75 1172 1109 1221 et dégagé qui est le caractère distinctif de cette mode.
118 1215 1117 1278 On continue ainsi sa touffe en employant ensuite
72 1273 1107 1336 une frisette à trois crans, puis une à quatre et même
78 1326 1111 1395 une à cinq au besoin, car la collection compte cinque
75 1373 1109 1428 numéros ou cinq longueurs (1). Le nœud de ruban
75 1428 1107 1489 est fixé sur la touffe à l’aide d’une épingle qui pénètre
82 1481 1006 1537 jusque sous les frisettes, et il tient parfaitement.
106 1577 1105 1630 Observation importante. – Ces mêmes frisettes sont
75 1624 1104 1682 aussi employées dans les coiffures en bandeaux, savoir:
82 1673 1105 1742 celles à quatre et cinq crans pour faire les bandeaux
74 1737 1107 1799 roulés, soit en dessus, soiit endessous, avec ou sans
80 1789 1104 1847 petit bandeau plat; et celles à deux et trois crans
79 1840 1104 1894 pour les bandeaux bouffants ordinaires, c’est-à-dire
74 1875 313 1939 non roulés. »
99 1943 1101 2013 Maintenant, tu attends de moi, ainsi que je te l’ai
75 2000 1104 2059 promis le mois dernier, un petit mot sur nos change¬
71 2049 1096 2122 ments de mode pour cette saison, qui commence à
78 2100 1096 2186 peine, car l’été s’est prolongé au delà des limites or¬
66 2146 228 2213 dinaires.
105 2198 1109 2279 Que te dirai-je des manteaux que ne t’ait déjà dit
62 2256 1096 2330 notre gravure du mois d'octobre; j’ajouterai seule¬
66 2315 1101 2386 ment que les burnous, après avoir été adoptés avec
68 2363 1103 2453 frénésie, vont être abandonnés, et qu’on reviendra aux
62 2413 1090 2497 vêtements à manches; manches très-longues, trè¬
62 2467 1104 2543 amples. Comme étoffe, ce sont toujours les draps et
62 2516 1097 2591 le velours, velours presque toujours noir. Des pelu¬
71 2567 1101 2652 ches de velours et des tissus de laine écossais, qui
68 2615 1093 2712 viennent de faire leur apparition, sont coupés en lar¬
66 2677 1092 2762 ges biais et s’emploient comme garniture, les deux
71 2729 1098 2805 premiers pour le drap, pour les ornements de robes
62 2783 1092 2857 élégantes, et les derniers pour toutes les robes et les
66 2827 1088 2919 manteaux de négligé. Ces écossais se trouvent dis¬
62 2888 1097 2966 posés dans toutes les couleurs, mais pour la ville les
64 2931 1089 3030 plus adoptées sont mélangés de gros bleu, gros vert,
58 2991 1094 3074 avec des filets cerise, réveillant légèrement ces ton
62 3027 1092 3117 un peu sombres. La broderie en soutache et galon que
62 3073 1094 3196 l'on n'abandonne jamais tout à fait, semble vouloir
59 3136 1078 3220 reconquérir tous ses droits; elle est adoptée par cer¬
56 3185 1081 3291 taines de nos grandes maisons, comme l'accompa¬
55 3232 1080 3330 gnement obligé de tous les costumes élégants et dis¬
56 3297 1085 3377 tingués, et se retrouve sur les manteaux de drap, sur
56 3333 1088 3446 les robes; disposée alors soit en quilles, soit  en tablier,
93 3514 1084 3621 (1) Prix des broches frisettes : à un cran, la douzaine, 1 fr.;
59 3554 1084 3658 à deux crans, 1 fr. 50; à trois crans,, 2 fr.; à quatre
56 3604 1080 3706 crans, 2 fr. 50., et celle à cinq crans, 3 fr. ; le moule fri¬
59 3662 1092 3751 seur, 50 centimes. Les frisettes envoyées franco dans toute la
50 3706 1085 3802 France, 50 centimes en plus. Pour une douzaine seule, 25 c.,
51 3741 357 3832 rue Richelieu, 76.
1200 363 2263 490 soit enfin ormant des nœuds brandebourgs, retenus
1196 444 2252 546 aux extrémités par de gros boutons plats en passe¬
1198 482 1408 549 menterie.
1242 546 2263 642 Les casaques impériales, impératrices se portent
1198 602 2263 695 encore en drap et en velours; ce vêtement n'exige
1200 646 2263 747 aucune garniture, seulement celles en velours sont
1203 710 2256 814 parfois, à l’intérieur, entourées d’une petite ru¬
1200 759 2256 864 che de ruban de satin dont la tête dépasse légère¬
1203 802 1333 864 ment.
1238 852 2264 972 J’entends dire partout que les basques sont décidé¬
1198 929 2264 1014 ment abandonnées et pourtant, si je vais chez une
1198 993 2265 1069 couturière, n’importe son degré de réputation, sur six
1199 1045 2253 1117 robes faites, cinq auront certainement des basques.
1192 1100 2256 1179 Je laisse à d’autres le soin de débrouiller le nœud de
1200 1155 2263 1221 cette énigme ; toujours est-il que les robes tout à fait
1200 1190 2255 1277 élégantes se font sans basques; elles ont alors des
1200 1254 2279 1335 pointes devant, derrière, et deux pointes ouvertes sur
1191 1298 2252 1394 les hanches; les jupes sont généralement unies, ornées
1191 1345 2253 1438 de quilles ou à deux jupes, les manches nouvelles
1191 1402 2252 1497 sont fermées au milieu de l’avant-bras, avec revers
1191 1455 2252 1553 et jockeys; ces sortes de manches, dont le numéro pro¬
1195 1514 2251 1587 chain te donnera un patron, ne sont pas pour les ro¬
1186 1569 2255 1650 bes de toilette; ces dernières conservent les formes
1191 1615 2251 1703 de cet été, dont tu as reçu des modèles; elles sont très¬
1186 1656 1929 1742 large et feudues jusqu’à la saignée.
1227 1737 2253 1817 Pour chez soi, les corsages de drap noir seront
1187 1797 2252 1876 toujours préférés; ici les basques, et des basques
1190 1843 2243 1915 très-longues, sont de rigueur (trente à quarante cen¬
1187 1901 2251 1966 timètres); les plus simples sont seulement ornés d’un
1190 1954 2251 2025 galon posé à cheval; les plus élégants brodés au passé
1186 2013 2244 2074 ou en soutache; les manches doivent être à revers,
1188 2049 2245 2135 fendues au milieu et garnies de boutons. Je ne dis
1187 2118 2236 2169 rien des corsages de velours, car ils seront éternelle¬
1187 2170 2245 2224 ment de mode; pour chez soi, l’on fait aussi ce que
1190 2210 2245 2288 l’on appelle des vestes grecques, la vraie veste grecque
1192 2271 2241 2327 dans toute sa vérité, avec manches longues et carrées
1192 2326 2241 2375 non coupées à l’entournure du bras; ces vestes se
1183 2370 2251 2444 font en cachemire, bordées d’un galon d‘or, ou d‛une
1180 2430 2241 2487 couleur tranchée, mais les plus jolies sont entourées
1190 2481 2245 2532 d'une bordure en cachemire, et à ce sujet, je te dirai
1192 2535 2237 2597 que c’est là un bon moyen pour utiliser des châles
1187 2579 2239 2638 dont la mode ne permet plus l’emploi; le fond est
1180 2629 2241 2685 uni, et porte la couleur et la bordure plus ou moins
1183 2682 2235 2744 haute, suivant les ressources que l’on a. Les capuches
1187 2736 1764 2817 se font dans le même genre.
1223 2792 2236 2862 Les chapeaux ressemblent tellement, comme forme,
1183 2860 2235 2913 à ceux que nous venons de quitter, qu’il n’y a rien à
1180 2911 2229 2963 dire à leur sujet, si ce n'est pour déplorer leur exi¬
1183 2964 2235 3029 guité; les marchandes de modes affirment bien qu’ils
1175 3011 2229 3063 sont plus grands, mais je les crois seules de cet avis;
1175 3065 2229 3121 s'ils sont petits, on ne les en charge et surcharge pas
1175 3106 2224 3177 moins de plumes, de fleurs en velours, de dentelles
1175 3161 2225 3219 et de rubans; les demoiselles Bricard et Callmann
1175 3210 2214 3278 font cependant exception à cette règle, leur goût dis¬
1180 3262 2216 3336 tingué les préservant de cette ridicule exagération.
1178 3313 2222 3391 Parmi les jolis chapeaux que j’ai remarqués chez
1168 3358 2218 3423 elles, deux surtout m’ont semblé ravissants; l’un pour
1180 3419 2209 3493 jeune femme était en velours noir avec biais de ve¬
1167 3456 2218 3536 lours vert de mer; sur le fond de la calotte, une den¬
1175 3515 2218 3599 telle noire était retenue par une couronne; charmante
1175 3566 2205 3644 imitation de corail, en velours noir et vert; en des¬
1168 3620 2216 3694 sous un seul dahlia en velours blanc s’entremêlait à
1172 3664 2212 3741 de la blonde. L’autre chapeau pour jeune fille, était
1168 3719 2214 3785 en velours bleu Suède, simplement orné d’une corde¬
1171 3780 2209 3875 lière, de même couleur; cette garniture toute nou¬
