2897 4318
1172 321 1283 399 349
118 403 1169 466 qu’on a une bouilloire devant le feu, de risquer, en
123 463 1169 526 la retirant, de se brûler les doigts. Cette poignée se
120 512 1161 570 fait en drap, en velours, en peau, en moire, en n’im¬
124 567 1169 624 porte quelle étoffe offrant un peu de solidité. La bro¬
111 623 1169 680 derie en soutache sera d'une neance plus ou moins
111 677 1161 723 claire; entre les deux soutaches, tu mettras des perles
111 723 1169 787 ou tu feras un point noué. La soutache de soie ou
115 766 1168 831 d’or pourrait encore être remplacée par un double
106 827 1162 881 rang de points de chaînette. La poignée sera ensuite
114 874 1166 939 doublée ou de soie ou der percaline; le tour sera garni
115 918 1166 989 d’une ruche de ruban, d’un petit effilé, d'une ganse
110 973 1174 1049 ou d'un simple feston. Avec une ganse très-fine, tu
110 1018 1164 1100 feras, à l’une des extrémités, une boucle pour la
118 1087 1169 1148 suspendre. Le dessus brodé en soutache n'est pas de
104 1136 1164 1209 rigueur et pourrait être remplacé par un dessus
111 1184 852 1242 fait au crochet, au fidet, en tapisserie.
147 1233 914 1307 80, CROQUIS DE LA PGlGNÉE A BOUILLOTTE.
148 1285 1160 1362 81, FESTON A LA MINUTE. L'explication de ce nouveau
102 1341 1149 1418 genre de broderie a été donnée dès son apparition,
99 1404 1157 1451 mais plusieurs abonnées l'ayant redemandée, je vais
98 1447 1156 1513 la répéter, et d'une manière complète. On prend
98 1488 1157 1570 du coton de moyenne grosseur; on pique l’aiguille
103 1553 1156 1613 sans la tirer; sur le bout qui sort, on tourne le
103 1599 1159 1670 coton de droite à gauche, neuf ou dix fois, plus ou
93 1650 1152 1719 moins, suivant la longueur de sa feuille, puis, on tire
93 1703 1155 1784 l’aiguille, en retenant avec le pouce le coton qui est
95 1758 1157 1828 enroulé dessus, et l’on ramène son aiguille au point
94 1813 1152 1871 de départ, afin de faire la seconde partie de sa feuille.
93 1848 1149 1924 Il faut avoir deux pelotons, l’un pour couper et
94 1916 1147 1976 mettre dans l’aiguille, l‘autre pour faire le feston.
94 1956 1145 2031 Lorsque les deux fils sont attachés, on prend l'ai¬
97 2017 1152 2080 guille dans la main gauche (voir la figure du
98 2072 1151 2137 numéro 82), et le coton de la pelote dans la main
98 2105 1145 2194 droite, en retenant le fil dans les trois derniers doigts
97 2157 1145 2238 fermés, puis avec le pouce et l’index tendus, l‘on
94 2211 1144 2299 forme, en tournant un peu l'index, une petite boucle
98 2269 1140 2345 que l’on glisse sur l‘aiguille (de même que pour
87 2322 1143 2394 monter un tricot avec une seule aiguille). Lorsque
86 2363 1133 2435 l’on a sur l’aiguille un nombre suffisant de points.
86 2418 1143 2498 selon la dimension du feston, on serre légèrement
87 2476 1132 2537 ies points entre le pouce et l’index, et l'on tire l‘ai¬
91 2526 1137 2615 guille de la main droite. Le feston étant retenu par
90 2588 1139 2657 un point ou deux, on recommence, faisant, soit un
91 2640 1140 2699 seul rang, soit plusieurs, ainsi que te le montre
91 2674 1124 2744 notre échantillon. De ce même point, tu peux en¬
87 2744 1133 2802 core faire les barettes des broderies guipure, ce qui
87 2790 1127 2857 simplifie singulièrement le travail, tout en valant in¬
82 2847 838 2911 finiment mieux qu'un simple fil lancé.
124 2898 1131 2969 83, DESSUS DE PELOTÉ, à broder au plumetis; dans
82 2936 988 3014 le milieu, on place un chiffre ou un nom.
120 2993 1128 3072 84 et 85, ALPHABET DOUBLE gothique, à broder au
81 3036 259 3104 plumetis.
119 3089 1121 3162 86, TAPISSERIE PAR SIGNES; cette couronne, sur ca¬
79 3145 1128 3218 nevas de soie, blanc ou noir, peut faire un joli dessus
86 3185 1116 3261 de pelote, d'écran, de plomb ou de boîte à timbres¬
86 3251 1128 3329 poste; tu sais que ces dernières boîtes, dont le genre
83 3298 1116 3378 varie à l'infini, doivent toujours avoir, dans l'inté¬
75 3346 1120 3423 rieur, plusieurs compartiments pour les timbres de
85 3407 1112 3473 valeurs différentes; enfin, sur du gros canevas, ce
75 3453 1116 3534 dessin serait encore convenable pour un guéridon, un
73 3503 308 3568 coussin, etc.
111 3548 1110 3629 87, CROQUIS D'UNEMANCHE DE DESSOUS; autre nou¬
74 3609 1107 3684 veauté de madame Gillard, et celle-ci a toutes mes
81 3657 1116 3737 sympathies, car elle fait espérer que la mode aura
70 3707 1116 3780 enfin pitié de nous et voudra bien mettre nos bras à
71 3744 1110 3837 l'abri du froid. Si donc tu ne veux pas te laisser
1263 398 2306 514 prendre au dépourvu, mets-toi bien vite à l'œuvre.
1260 479 2306 562 Cette manche se fait en mousseline; elle est presque
1255 520 2302 611 juste au bras, sans boutons, et n’a de largeur que
1251 574 2306 660 celle nécessaire pour laisser passer facilement la
1255 641 2296 717 main. Commence d’abord par couper une bande
1256 682 2309 776 droite, de huit centimètres de hauteur et de soixante
1255 734 2304 820 de longueur; tu disposeras cette bande en plis plats,
1251 775 2299 858 d’un centimètre de profondeur et placés à un centi¬
1250 840 2296 907 mètre de distance les uns des autres. Les plis termi¬
1252 895 2308 964 nés, tu laisses à ta bande vingt-six centimètres dans
1246 934 2305 1010 le haut, et dans le bas vingt-trois; puis, de chaque
1246 993 2301 1067 côté, tu couds à surjet un entre-deux de mousseline
1248 1042 2299 1116 brodée, de deux centimètres de hauteur. Pour plus
1248 1102 2306 1186 de solidité, ton entre-deux aura été préalablement
1247 1161 2295 1221 ourlé. Sur les bords de cet entre-deux, tu poseras une
1251 1202 2293 1279 valencienne ou tout autre dentelle d’une hauteur de
1243 1252 2291 1340 un centimètre et demi; le bouillon qui s’adapte à cette
1241 1317 2285 1389 sorte de poignet a soixante-dix centimètres de large,
1242 1358 2295 1430 trente-trois de long sur le dessus du bras, et vingt
1234 1411 2288 1493 en dessous. Le poignet du haut doit avoir neuf centi¬
1235 1475 2288 1546 mètres de hauteur, et trente-trois de largeur. Il faut,
1239 1518 2292 1594 pour faire une paire de manches, un demi-mètre
1242 1562 2300 1648 de mousseline, un mètre d'entre-deux et trois mètres
1234 1607 2289 1698 de dentelle. C’est par une erreur du dessinateur que
1242 1662 2288 1738 les nœuds de taffetas n° 5 ne se trouvent pas placés
1239 1719 2288 1805 juste au-dessus de l'entre-deux. — Je compléterai
1235 1777 2277 1844 cette explication en ajoutant que l'entre-deux est par¬
1229 1829 2284 1912 fois remplacé par un bouillonné, ou par une bande
1230 1875 1771 1949 de tout petits plis très-fins.
1276 1933 2277 2006 88, SouFFLET en cuir de Russie avec application de
1237 1976 2273 2055 velours; c’est un des plus jolis ouvrages que ma¬
1231 2034 2279 2116 dame Marie Soudant ait composés comme objets
1231 2084 2277 2164 d’étrennes. Le fond est en cuir de Russie ; les car¬
1226 2125 2281 2206 reaux losanges ont deux centimètres et demi ; les
1227 2177 2279 2264 bandes de velours grenat un centimètre; elles sont
1226 2232 2265 2305 retenues, de chaque côté, par une petite soutache d’or,
1223 2289 2281 2355 L’intérieur des carreaux est garni alternativement
1225 2337 2277 2414 d’une rosette en velours appliqué, bordée de frisure
1225 2392 2271 2456 brillante et de cinq perles grenat également entou¬
1219 2447 2263 2522 rées de frisure ; cinq de ces mêmes perles sont pla¬
1225 2496 2271 2575 cées sur le velours, à la jonction de chaque carreau;
1226 2550 2258 2620 une petite bande ondulée, d’un centimètre de lar¬
1223 2608 2263 2667 geur, retenue par une soutache d’or, borde le tour
1219 2656 2264 2738 du soufflet. Le petit balai, accompagnement obligé
1213 2701 1784 2773 du soufflet, doit être assorti.
1262 2753 2267 2828 90, DESSOUS DE LAMPE EN CHENILLE, GRENAT ET NOIR. Le
1223 2789 2261 2870 plateau offre, dans le milieu, un narcisse en chenille
1217 2867 2256 2921 grenat, avec nervures noires; les six pointes des pé¬
1210 2921 2263 2978 tales sont fixées à un rond, en fil de fer, recouvert de
1213 2968 2258 3031 soie noire, et ayant neuf centimètres de diamètre.
1214 3019 2254 3079 Autour de ce rond on fait, avec la chenille grenat,
1210 3070 2255 3125 vingt-deux dents de feston lâche; un second rang de
1205 3122 2248 3187 ce feston doit avoir trente-deux dents; pour obtenir
1214 3170 2248 3226 cette augmentation, il faut, à des distance égales,
1214 3223 2248 3285 passer deux fois la chenille dans le feston précédent.
1207 3269 2251 3331 Après ces deux rangs de feston grenat, on en fait deux
1202 3319 2252 3387 noirs, ayant, l'un trois dents d’augmentation, et l’autre
1198 3372 2244 3423 six; deux rangs grenat suivent, dans les mêmes pro¬
1210 3420 2244 3487 portions que les deux précédents; l’on termine par
1205 3477 2244 3536 deux rangs noirs, entre lesquels on place un fil de fer
1201 3540 2235 3597 semblable à celui du milieu ; celui-ci doit avoir dix¬
1198 3573 2239 3634 neuf centimètres de diamètre. Le plateau fini, tu t'oc¬
1198 3633 2250 3686 cuperas de l’encadrement, lequel comprend quatre
1192 3687 2244 3755 narcisses avec feuillage et boutons, en chenille grenat
1201 3740 2239 3786 et nervures noires; dans le milieu des fleurs, les pis¬
1194 3788 2239 3856 tils noirs produisent l’effet des mûres. Ce dessous de
