2840 4318
1227 177 1312 261 39
123 263 1244 348 ne changent guère en ce bas monde ; les costumes
124 328 581 398 seuls varient un peu.
170 383 1233 468 Pour en revenir à notre Abusé du quinzième siècle,
124 433 1242 521 il veut à toute force, lui, pauvre pelit gentilhomme
119 496 1241 569 à peine débarqué de sa province, se maintenir sur le
117 560 1238 619 même pied que les plus hauts seigneurs ; il prétend
119 607 1241 682 lutter de magnificence avec plus fort que lui. C’est
122 665 1247 743 toujours cette vieille fable de la Grenouille qui veut
124 728 837 790 se faire aussi grosse que le Bœuf :
493 816 834 897 La chétive pécore
238 836 799 938 S’enfla si bien qu’elle creva.
165 942 1241 1036 Même chose advient à l’imprudent fauconnier. Il
120 1016 1237 1084 dépense à tort et à travers, s’endette, se ruine, et,
129 1066 1240 1143 finalement, tombe malade. Deux soeurs, Pauvreté et
122 1129 1241 1230 Maladie, viennent alors le trouver et le conduisent à
126 1174 316 1248 l’hôpital.
165 1214 1233 1305 Heureusement qu’Aristote se trouve là; — au moyen
124 1295 1230 1365 âge Aristote est partout. — Il console l’Abusé, le gué¬
126 1351 1230 1404 rit au physique et au moral, et lui fait avaler à très¬
122 1400 1235 1479 forte dose, en guise de remèdes souverains, les plus
123 1451 1235 1518 beaux préceptes de la philosophie. L’Abusé se pénètre
123 1507 1223 1575 pleinement de tous ces préceptes, promet au sage
126 1564 1223 1627 qu’ils feront dorénavant le sujet assidu de ses médi¬
116 1621 1234 1683 tations, et souhaite à quiconque se sera laissé comme
123 1671 1234 1734 lui décevoir par madame la Cour, de ne pas attendre
119 1723 804 1799 si tard pour venir à résipiscence.
172 1783 1230 1846 Terminons ces détails sur la poésie allégorique de
116 1824 1227 1920 notre seconde période, en mentionnant le Parement
117 1887 1227 1956 et Triomphe des Dames, ouvrage d’Olivier de la
119 1938 1230 2012 Marche, maître d’hôtel et capitaine des gardes du
120 1996 1178 2061 fameux duc de Bourgogne, Charles le Téméraire.
158 2052 1217 2120 L’auteur, à la veille de se marier, se demande quel
122 2103 1223 2193 présent, ou, comme nous dirions aujourd’hui, quelle
120 2172 1220 2233 corbeille de noces il pourrait bien envoyer à sa fu¬
117 2214 1214 2292 ture compagne. Après longues et sérieuses réflexions,
117 2278 1214 2370 il se décide à lui faire cadeau de la singulière garde¬
116 2314 444 2397 robe que voici :
152 2355 695 2454 Les pantoufles d’humilité;
155 2423 1009 2527 Les souliers de soing et bonne diligence ;
155 2481 676 2556 L'espinglier de patience ;
147 2535 636 2609 La bourse de libéralité;
147 2585 513 2659 La bague de foy;
152 2631 725 2753 La robbe de beau maintien ;
1371 254 2050 348 La ceineture de décote mémoise ;
1365 333 1811 405 Les gants de charité;
1371 394 2086 475 Le pigne de remors de conscience ;
1365 447 1986 517 Le ruban de crainte de Dieu ;
1365 504 2003 581 La coiffe de honte de meffaire;
1371 566 2057 634 Le chaperon de bonne espérance ;
1374 620 1824 695 L’anneau de noblesse;
1365 679 2300 749 Enfin, le miroüer d'entendement par la mort.
1374 728 2439 798 Ce dernier article de toilette nous semble avoir été
1322 791 1923 862 emprunté à Jehan de Castel.
1370 843 2441 907 Du reste, Olivier de la Marche n’est pas exclusif
1322 896 2440 973 dans sa libéralité. Il exhorte, en finissant, toutes les
1325 949 2437 1022 dames qui liront son livre à profiter du cadeau plus
1322 1010 2200 1089 ou moins galant qu’il destine à sa future :
1400 1112 2144 1202 Pour ce, mesdames, qui lisez ce dictier;
1403 1185 2379 1259 Le bien soit pris, le mal en non chaloir (mis de côte);
1406 1231 2304 1305 Pour l’amour d’une, que mon cœur a plus cher,
1404 1282 2116 1342 J’ay pris la peine de ce livre traicter:
1399 1330 2264 1396 Dont toutes autres en pourront mieulx valoir.
1398 1375 2288 1448 Je donc, La Manche, mu d’aulcun bon vouloir,
1409 1430 2173 1504 Quérant vertus et reboutant les blasmes,
1400 1474 2085 1561 L’ay baptisé le Triomphe des Dames.
1393 1575 2162 1667 Or prens congé des dames humblement,
1402 1634 2081 1702 A chascune d’elles me recommande;
1398 1685 2095 1752 Mon service, je l’ay faict loyalment,
1398 1727 2194 1793 De cœur, d’esprit, de sens, d'entendement.
1389 1793 2257 1857 Si faulte y a, j’offre que je l’amende (corrige) ;
1395 1836 2320 1895 Le temps me monstre qu’il fault que je me rende :
1389 1878 2181 1954 Puisque ainsi est, je me rens et me donne
1389 1940 2149 2000 A Jésus-Christ qui les péchez pardonne.
1356 2053 2411 2126 Dans notre prochain article, nous essaierons de faire
1305 2089 2415 2172 connaître la poésie lyrique de la période qui nous
1314 2161 2400 2225 occupe encore actuellement. C’est un côté de la ques-
1312 2215 2416 2278 tion littéraire du moyen âge que, jusqu’ici, nous
1307 2268 2408 2337 avons du forcément laisser dans l’ombre, par la
1300 2323 2416 2394 grande raison qu’il est impossible de tout dire à la
1305 2381 2412 2451 fois. Mais patience : les naïfs Orphées de notre vieille
1302 2432 2408 2509 Gaule ne tarderont pas à paraître dans la présente
1300 2495 2400 2564 Chronique, et nous les saluerons l’un après l‘autre,
1291 2545 2405 2604 depuis le châtelain de Coucy jusqu’au touchant et
1295 2602 1871 2664 gracieux captif d’Azincourt.
1906 2638 2263 2753 JOSEPH BOULMIER.
880 2843 1629 3023 BIBLIOGRAPHIIE.
390 3108 907 3193 SIMPLES CONSEILS
600 3170 686 3280 SUR
254 3272 1051 3410 MEDOLACION DU CORUR
342 3396 939 3477 Par Mme HERMINE THIERRY (1).
134 3613 1199 3680 Bien souvent nos lectrices, parmi lesquelles il se
94 3664 1199 3744 trouve un grand nombre de jeunes mères et de sœurs
134 3779 1184 3889 (1) A Montauban, chez Forestié, un volume in-8°,
92 3821 386 3917 prix : 6 francs.
1282 3140 2376 3197 ainées, ayant charge d'âmes, nous demandent quel¬
1293 3195 2374 3251 ques indications sur les livres qui traitent de l’éduca¬
1283 3239 2373 3311 tion. Heureuses de pouvoir les obliger, nous inter¬
1282 3288 2379 3360 rompons la suite de nos articles sur Christophe
1290 3357 2376 3420 Colomb pour dire un mot d’un livre écrit par une
1276 3396 2373 3473 mère, et qui renferme des renseignements précieux,
1279 3453 2370 3526 d’excellentes observations sur le premier des arts,
1279 3502 2376 3580 l’art d’élever l’enfant qui, à son tour, en élèvera
1279 3568 2292 3631 d’autres, gland de chêne qui renferme une forêt.
1323 3621 2373 3681 Madame Hermine Thierry offre aux mères le résul¬
1277 3671 2376 3734 tat de son expérience personnelle; elle a élevé ses
1276 3731 2367 3786 enfants, et le succès a couronné ses efforts; elle a dé¬
1275 3780 2373 3849 siré que d’autres dévouements pussent profiter de sa
1276 3832 2373 3930 science maternelle; ces conseils destinés à sa fille,
