2897 4318
1263 266 1378 365 237
204 325 1269 414 toutes nos forces, le baron et moi, et je fus assez heu¬
200 408 1271 467 reuse pour atteindre le fuyard, que je rapportai triom¬
208 438 733 515 phante à son propriétaire.
249 509 1273 573 « Merci, madame, me dit-il en me souriant avec
203 549 1273 629 bienveillance, sans vous je courais grand risque d’at¬
207 602 1271 688 traper un rhume de cerveau; mais vous voilà vous-
204 661 1279 745 même bien essoufflée. Si vous vouliez me faire l’hon¬
199 721 1278 780 neur de venir vous reposer dans ma maison, qui n’est
208 763 1278 848 qu’à deux pas, j’aurais au moins la satisfaction de
207 826 749 875 vous offrir quelques fleurs.
308 870 1278 936 Vous êtes bien aimable, monsieur, mais nous
189 937 1048 986 sommes venus ici pour visiter cette église.
315 977 1269 1050 Pour moi, dit-il, j’aimais mieux l’ancienne,
189 1040 1274 1102 qui avait été vendue pendant la révolution, mais que
188 1077 1266 1162 l’on rendit plus tard à la commune. Malheureuse¬
196 1139 1271 1202 ment, elle était devenue trop petite pour les besoins
191 1189 1263 1274 de la paroisse, car la population s’est beaucoup aug¬
185 1243 1273 1313 mentée depuis cinquante ans; cependant celle-ci a
189 1290 724 1366 bien encore son mérite. »
226 1344 1263 1434 Et en disant ces mots, il entrait avec nous dans le
187 1390 403 1470 saint lieu.
686 1531 755 1561 II
177 1626 1256 1689 COMMENTM. GERVAIS FUT AMENÉ A RACONTER SON
601 1678 833 1785 HISTOIRE
225 1820 1259 1892 Lorsque nous sortîmes de l’église, M. Gervais renou¬
183 1880 1261 1945 vela ses instances pour nous mener chez lui, et
183 1938 1251 2006 comme j’éprouvais quelque peine à refuser ses poli¬
187 1979 1255 2049 tesses, je vis venir vers nous une vieille dame toute
181 2038 1256 2107 rondelette, qui n’avait pas plus de quatre pieds de
183 2076 1252 2164 haut, et dont le coutume, d'une extrême simplicité, an¬
176 2125 1252 2209 nonçait un dédain absolu des exigences de la mode.
177 2182 1254 2274 Dès que M. Gervais eut aperçu la petite vieille, ses yeux
180 2253 1255 2320 s’animèrent d’une expression indéfinissable, il fit trois
176 2298 1247 2380 pas en avant, et la salua aussi profondément et avec
180 2344 1247 2428 le même respect que si elle eût été reine de France,
188 2405 1243 2497 puis il la suivit du regard jusqu’à ce qu’elle fût en¬
176 2444 537 2518 trée dans l’église.
227 2499 1242 2579 « Oserais-je vous demander le nom de cette per¬
176 2563 1251 2647 sonne, que j'ai déjà rencontrée plusieurs fois? lui
176 2617 1242 2689 dis-je, un peu Intriguée de ces témoignages extraor¬
176 2663 1242 2752 dinaires de déférence, reçus, du reste, avec l’indiffé¬
170 2708 657 2782 rence la plus complète.
222 2777 1243 2843 — Je la connais peu, n’ayant jamais eu l’occasion
173 2813 1242 2896 de lui adresser la parole, mais elle m’a sauvé la vie,
177 2870 1240 2962 et, quoiqu’il y ait soixante ans de cela, je ne la vois
179 2909 591 2993 jamais sans émotion.
254 2985 1238 3069 - Et comment cette petite dame a-t-elle pu vous
170 3028 668 3089 sauver la vie, monsieur?
218 3069 1235 3158 — Oh! ceci est une histoire un peu longue, me ré¬
183 3123 1236 3209 pondit-il en souriant ; mais si vous voulez bien venir
188 3177 1240 3262 vous reposer dans ma maisonnette et visiter mon
180 3226 1215 3320 petit jardin, je vous la conterai d’un bout à l’autre.
280 3285 857 3357 Bien volontiers, lui dis-je. »
218 3318 726 3391 Il prit un air tout joyeux.
220 3374 1223 3475 « Vous n’aurez pas loin à aller, madame, c’est là¬
170 3430 774 3489 bas, sous ce massif d’arbres. »
220 3487 1224 3567 Nous arrivâmes bientôt, en effet, devant une char¬
170 3552 1228 3631 mante petite maison à trois fenêtres, ombragée de
164 3603 1229 3679 saules aux longs rameaux. Dans le jardin, de grands
164 3645 1217 3737 massifs de reine:-marguerites, des luchsias élégants.
168 3694 1219 3790 des chrysanthèmes variés, de superbes dahlias éta¬
168 3741 1228 3842 laient de toute part leurs brillantes couleurs, et les
1361 357 2434 468 dernières roses de l'année embaumaient l'air de leur
1362 411 1535 479 parfum.
1398 465 2436 561 M. Gervais nous introduisit dans un Salon fort
1370 532 2428 615 propre, ordonna à sa gouvernante d’apporter une bou¬
1367 587 2432 668 teille de cidre doux, fourragea toutes ses fleurs pour
1361 630 2430 721 choisir les plus belles et m'en former un bouquet;
1367 695 2420 768 puis, comme je lui rappelais sa promesse de nous ap¬
1358 748 2430 820 prendre comment la petite dame que nous avions ren¬
1357 806 2436 871 contrée à la porte de l’église lui avait autrefois sauvé
1355 841 1952 905 la vie, il s’inclina en disant :
1404 913 2434 978 « Fournir à un vieillard l’occasion de parler de sa
1352 945 2432 1036 jeunesse, c’est lui procurer un des plus grands plaisirs
1357 1014 2428 1089 qu’il puisse encore goûter dans ce monde; c’est si bon
1352 1055 2424 1142 d’être jeune! le corps est alors si souple et si dispos,
1350 1110 2413 1198 le sang circule si librement dans les veines, l’imagi¬
1352 1159 2424 1235 nation est si féconde, le cœur si confiant et si chaleu¬
1347 1219 2424 1289 reux!... Puis, comme dans ce bel âge l'on jouit des
1346 1270 2418 1351 moindres plaisirs ! Comme on s'amuse aisément!
1351 1334 2421 1411 comme on est bien reçu dans le monde ! La jeunesse
1347 1382 2424 1455 est un talisman qui dispose les autres hommes à la
1343 1415 2422 1516 bienveillance à notre égard, c'est un trésor inesti¬
1346 1477 2422 1554 mable que malheureusement il ne dépend pas de
1344 1527 2421 1618 nous de conserver, et dont on ne connaît tout le prix
1340 1586 2421 1661 que lorsqu’il commence à nous échapper sans retour.
1343 1630 2420 1711 Dans ma première enfance mon cœur ne s’ouvrait,
1347 1683 2416 1766 pour ainsi dire, qu’à la joie; à dix-huit ans, déjà il
1344 1747 2409 1804 m’est arrivé quelquefois de me croire le plus mal¬
1340 1779 2406 1873 heureux des hommes; mais il se trouve que le sou¬
1350 1845 2414 1927 venir de ces peines éphémères est pour moi plein
1343 1898 2401 1979 de charmes, et je donnerais volontiers la petite ai¬
1344 1958 2409 2019 sance que je possède pour être encore malheureux
1344 2013 2407 2084 comme à ce bel âge. Après cela, tout le monde ne sent
1347 2061 2397 2140 point de la même manière, tout le monde n'a pas
1335 2117 2406 2186 été élevé aussi doucement que je le fus moi-même,
1340 2164 2410 2238 car peu de gens ont eu moins à se plaindre du sort
1340 2221 2406 2297 que moi, quoique j’aie traversé une terrible époque
1335 2283 2417 2353 et que j'aie été témoin d'événements affreux, dont
1331 2325 2395 2410 Dieu veuille préserver à jamais les générations à ve¬
1328 2371 1426 2439 nir!
1370 2416 2398 2497 » Je suis né au Mans, d’une bonne famille bour¬
1335 2483 2399 2544 geoise, l’une des douze en possession du droit de
1328 2536 2387 2600 Mésaige qui se transmettait en ligne directe ou col¬
1334 2579 2395 2660 latérale et qui nous faisait participer à une foule
1332 2639 2401 2704 d'honneurs et de privilèges. Mon père était mort trois
1323 2687 2398 2766 mois avant ma naissance, et ma mère, dont j'étais
1330 2733 2387 2813 l’ unique enfant, reportant sur moi toute sa tendresse,
1320 2800 2395 2865 m’éleva avec tout l’amour dont le cœur d’une femme
1327 2844 2397 2907 est capable. A l'âge de douze ans je n'en avais pas
1324 2901 2394 2973 encore été séparé une heure de suite ; elle m'avait
1319 2958 2380 3013 appris elle-même à lire, à écrire et à compter, pour¬
1325 3005 2380 3077 voyant à tous mes besoins, m'évitant toutes les peines;
1319 3067 2380 3126 c’était bien l’ange de Dieu envoyé vers moi pour
1319 3122 2379 3185 m’ôter les pierres du chemin, selon la parole de
1315 3166 2375 3219 l’Ecriture. Il me fallut cependant la quitter pour tra¬
1320 3214 2376 3281 vailler sérieusement à mon éducation; mais je trouvai
1315 3262 2375 3319 dans les pères de l'Oratoire, auxquels je fus alors
1312 3308 2372 3370 confié, des maitres aussi vertucux que savants, dont
1312 3364 2372 3452 la bienveillance adoucit lesquets d'une séparation
1312 3419 1706 3479 devenue nécessaire.
1352 3439 2367 3538 » Comme je ne veux point abuser de votre com¬
1312 3515 2372 3592 plaisance, madame, je vous fais grâce de mille pe¬
1305 3579 2372 3640 tites circonstances de ma vie qui ne peuvent avoir
1305 3618 2374 3692 d'intérêt que pour moi seul, afin d'arriver plus vite
1305 3673 2368 3779 à celle dont vous avez daigné me demander les dé¬
1308 3734 1411 3810 tails.
1340 3752 2372 3874 » J'étais encore bien enfant lorsque la convocation
