2959 4075
1615 108 1740 210 250
535 165 1624 271 que Duprez reçut d’un tel maître qu’il faut chercher
532 244 1624 330 le signe distinctif de sa méthode actuelle. Ce fut donc
532 303 1629 385 Choron qui voua Duprez aux plus nobles destinées de
535 355 1622 417 la scène lyrique. L'élève répondit aux soins du maî¬
542 409 1617 481 tre par son application et aussi par d'honorables ré¬
542 463 1624 518 sultats. Le professeur l'aimait et le traitait avec dis¬
535 513 1622 579 tinction; Duprez fut initié par lui aux grands effets
535 572 1622 643 de l'art musica : l'harmonie et la pompe des concerts
535 629 1624 685 religieux, les soirées solennelles dans lesquelles les
535 678 1624 737 disiples de l'institution de la rue de Vaugirard fai¬
537 730 1622 804 saient retentir dans la salle de l’Opéra les chœurs
537 786 1622 858 d'Athalie, Armide, et les hautes parlitions ; une étude
537 841 1615 905 sérieuse sur l'harmonie, quelques travaux de compo¬
530 890 1612 954 sitions graves, des motets, des cantiques, et un essai
530 942 1615 1021 de cantate sur la Chute des feuilles de Millevoye;
530 998 1617 1067 voilà ce qui préparait l’avenir de Duprez. N’est-ce
530 1055 1548 1114 pas ainsi que se sont formés les maîtres illustres?
567 1087 1615 1166 Gilbert, il faut bien le dire, ne comprit pas ce qu’il
528 1136 1612 1237 y avait de précieux et de fécond dans ces nations qui
528 1208 1615 1292 le pénétraient malgré lui. Quelle tristesse fut celle de
523 1262 1612 1331 Choron lorsqu’il apprit que son élève chéri s'était en¬
525 1321 1615 1383 gagé au théâtre de l'Odéon ! et qu'à dix-neuf ans il
520 1371 1617 1452 se hâtait de remplacer ainsi l'art par le métier, l'é¬
530 1417 1612 1489 tude par l'exploitation ! Triste condition de notre so¬
532 1481 1615 1558 ciété ! La France achète les artistes, elle les paie
523 1518 1447 1600 magnifiquement; elle ne sait pas les former.
574 1565 1610 1661 combien cette première période de la vie de Du¬
528 1624 1610 1696 prez fut lamentable ! La détresse, la disgrâce, l'hu¬
523 1693 1615 1760 miliation, des débuts toujours malheureux l'accablèrent
518 1740 1605 1799 sans relâche. Alors il se réfugia en Italie, tout meur¬
523 1795 1607 1876 tri qu’il était par ces revers que rien n’avait pu con¬
520 1839 648 1918 jurer.
562 1881 1610 1972 Il y aurait un charme inexprimable à suivre Du¬
520 1945 1617 2021 prez pas à pas, marchant à ses côtés de ville en ville
508 2007 1617 2080 et de théâtre en théatre. Dans ce pays, l'histoire d'un
510 2068 1617 2127 artiste, c'est l'histoire de tout ce qui l'entoure. Un
510 2115 1610 2191 musicien célèbre, chanteur ou compositeur, résume
518 2164 1610 2246 toujours admirablement la patrie italienne. Il ne
520 2214 1610 2297 nous est pas donné de voyager ainsi avec Duprez,
515 2263 1602 2381 de rapporter ses traités avec les impresarii, ces bro¬
1716 175 2798 286 canteurs dont la cupidité a des bizarreries si amu¬
1703 276 2800 345 santes; de nous livrer à la joyeuse insouciance de
1716 318 2800 389 cette existence nomade, que la musique, occupe sans
1703 377 2790 449 relâche ; de nous asseoir dans le réduit obscur des
1706 431 2793 495 répétitions pour écouter les plus belles partitions du
1698 486 2798 550 monde, récitées avec amour ; de courir pendant huit
1706 537 2793 609 prices d’artiste que la verve, l’originalité et le talent
1703 587 2785 670 Eenice à Tordinona, au milieu d’impressions vives
1706 643 2512 707 pittoresques et sans cesse renaissantes.
1740 695 2793 762 Duprez a passé neuf années en Italie ; il a visité
1698 735 2793 818 tous les théâtres, il a exécuté toutes les partitions, il
1703 799 2790 870 s’est soumis à toutes les épreuves, et, de l’humble
1696 853 2793 937 état de doublure, en traversant le mezzo carattere, il
1698 915 2783 971 est monté jusqu’au faîte; il a été l’idole de la popu¬
1693 959 2785 1028 lation la plus musicale du monde. Naples garde en¬
1693 1018 2790 1080 core le souvenir de ce Bravo qui laissa partir les stea¬
1693 1072 2788 1149 mers de la rade sans leur rendre les passagers qu’il
1691 1124 2790 1198 retenait à San-Carlo. Ses fatigues et ses études sont
1691 1178 2788 1257 immenses, depuis le jour où il se fit le serf de Lanari,
1693 1228 2788 1289 qui le conduisait à son gré et le faisait chanter à ou¬
1693 1282 2790 1358 trance de bourgade en bourgades jusqu’au moment où
1689 1334 2798 1405 l'Italie tout entière, dans chacune de ces villes con¬
1689 1390 2785 1462 sacrées à l'art, Turin, Gênes, Milan, Venise, Bologne,
1693 1440 2785 1511 Florence, Rome et Naples, l’adoptait et le proclamait
1696 1496 2778 1565 le roi de la scène lyrique. Quelle ère illustre! quelle
1698 1553 2781 1620 voie glorieuse! Là, il avait trouvé les grands artistes
1696 1607 2778 1671 que le monde honore : Pasta et Malibran, Lablache et
1696 1659 2781 1716 Rubini; là, il avait vécu dans la familiarité des chefs¬
1689 1716 2785 1787 d’œuvre ; là, il avait rencontré Rossini, Meyerbeer,
1693 1758 2790 1831 Bellini, Donizetti, de Ruolz et Auber, dont il avait
1691 1817 2788 1881 chanté la Muette ; là, il avait écouté les accounts de la
1689 1866 2785 1935 chapelle Sixtine, et l’œuvre de Palestrina lui avait
1689 1928 2601 1979 rappelé Choron et ses graves enseignements.
1735 1984 2776 2036 Ce fut instruit à cette école qu’il revint dans sa pa¬
1689 2024 2785 2093 trie, dans cette France qu'il avait quittée jadis, souf¬
1689 2073 2783 2149 frant et abaissé. Il y revenait pur de tout sentiment
1691 2132 2573 2238 de rivalité, et se destinait à l'Opéra italien.
2258 2184 2628 2302 MARIE LASSAVEUR
2105 2292 2709 2396 (La fin au prochain Numéro.)
648 2714 2633 2835 ÉCONOMIE DOMESTIQUE.
863 2906 1247 3020 POMMES AU RIX.
545 3000 1600 3081 Faites une marmelade de pommes, et prépavez un
500 3064 1597 3138 riz au lait bien sucré et armatisé de vanille. Mettez
493 3111 1590 3187 dans un plat une couche de marmelade, une coucle
495 3163 1590 3234 de riz et ainsi de suite; donnez au tout une forme py¬
503 3224 1590 3296 ramidale, recouvrez de blancs d'œufs sucrés et battus
500 3281 1590 3350 en neige, faites cuire avec feu dessus et dessous.
493 3325 1583 3419 Lorsque les blancs sont montés et un peu colorés,
491 3377 656 3453 servez.
841 3451 1255 3527 PoIRES AU ROUX.
540 3493 1595 3579 Pelez des poires, cou —les en quartiers et mettez¬
493 3545 1592 3641 les cuire dans une casserole avec de l'eau en quantité
493 3611 1590 3698 suffisante pour qu'elles y baignent; ajoutez du sucre.
486 3661 1600 3786 Lorsque la cuisson sera à moitié achevée, faites un
1676 2936 2776 3020 roux assez copieux, mouillez avec le jus des poires,
1676 2997 2776 3074 laissez achever la cuisson. Il faut que la sauce soit
1666 3047 2776 3135 bien liée. Faites griller des petites tartines de pain
1666 3103 2776 3207 bien minces, rangex-les au fond d’un plat, placez-y
1676 3155 2083 3249 les poires et servez.
1997 3303 2448 3421 SALADE DE PÈCHES.
1711 3412 2768 3488 Pelez les pêches, cou —les en tranches, mettez-les
1671 3476 2761 3562 dans un compotier après les avoir bien saupoudrées de
1669 3532 2763 3594 sucre en poudre des deux côtés; arrosez de bonne eau¬
1666 3584 1829 3651 de-vie.
1711 3628 2756 3710 Les poires fondantes, les abricots, les pommes ten¬
1661 3702 2633 3769 dres, les oranges sont excellents préparés ainsi.
