2897 4318
1210 154 1330 219 365
167 225 1224 292 vous voulez y contribuer, car près de vous mon cœur
170 284 1231 342 vivra pleinement, et j’y puiserai tous les sentiments
175 330 1227 391 élevés qui font les grandes choses et les grands
166 369 1219 446 hommes!... Mais laissez-moi emporter un mot d’espé¬
166 431 1225 496 rance, promettez-moi de ne pas me repousser, et,
167 473 1229 558 tenez, — vous comprendrez ce sentiment qui me
175 541 1216 601 porte à mettre ma plus chère ambition sous la pro¬
171 594 1221 647 tection de la religion, — promettez-moi sur ce rosaire
175 635 1084 698 que vous tenez, de m'accorder ma demande...
267 690 1046 749 Je le promets, dit faiblement Pauline...
267 748 1220 808 Ah! merci! merei ! soyez satisfaite, car vous
170 802 1220 855 venez de donner le plus grand des bonheurs, vous
171 847 1224 901 venez d’illuminer une âme bien sombre, de relever un
166 899 1219 955 cœur bien abattu. J’emporte cette sainte promesse, et
168 951 1212 1008 vous quitte pour me redire cent fois à moi-même que
166 1000 1217 1064 vous êtes un ange de bonté, et que vous venez de me
159 1052 354 1113 sauver. »
210 1103 1217 1167 Pauline demeura seule un moment; elle était épou¬
159 1159 1217 1215 vantée de la décision qu’elle venait de prendre, de
163 1216 1210 1261 cette promesse solennelle qu’elle avait accordée; puis
162 1265 1212 1321 en interrogeant sa conscience, en constatant la droi¬
163 1312 1210 1375 ture et la pureté des motifs auxquels elle avait cédé,
163 1370 1219 1428 elle se rassura un peu; d’ailleurs elle ne s’était pas
154 1407 1207 1483 engagée sans restitution, et M. Bertaux restait maî¬
163 1468 1208 1529 tre de sanctionner l’engagement qu’elle venait de
166 1516 330 1585 prendre.
202 1577 1206 1633 Ce jour devait être fécond en événements; en re¬
159 1626 1212 1698 gagnant la maison, elle trouva M. Bertaux dans son
156 1679 1206 1740 jardin; il avait un air satisfait et mystérieux à la fois,
154 1729 1207 1782 il lui prit doucement le bras et l’emmena dans un ca¬
153 1779 1196 1845 binet. « Mets-toilà en face de moi, lui dit-il, en l’instal
154 1832 1208 1895 lant dans un fauteuil, et écoute-moi. Ma plus chère
153 1883 1214 1947 espérance vient de se réaliser. Mon ami Simon m’a
151 1938 1204 1985 écrit pour me proposer un mariage entre toi et Mau¬
146 1988 1202 2053 rice; tu le connais, tu sais qu’il n’y a pas de cœur
154 2044 1207 2097 plus généreux que le sien ; tu sais qu’il ne recule pas
147 2095 1207 2146 devant le labeur le plus difficile, le plus aride, quand
154 2149 1196 2202 son devoir est en jeu; il t’apporte les plus sérieuses
153 2204 1207 2263 garanties du bonheur, l'amour du travail utile, et la
146 2251 1203 2309 passion du dévouement; en te remettant à lui, j’aurai
141 2306 1195 2361 accompli ma tâche de père, car j’aurai fait, pour as¬
142 2353 1206 2415 surer ton bonheur, tout ce qui dépend de la tendresse
147 2407 1202 2459 et de la prévoyance humaine. Voyons, réponds, tu
150 2447 329 2517 consens?
204 2496 1053 2564 — Non, mon père, dit Pauline à demi-voix.
243 2560 1190 2606 Non ! tu as dit non! s’écria M. Bertaux, avec l’ac¬
142 2605 1195 2676 cent du plus vif regret. Oh! mon enfant, réfléchis, je
145 2652 1194 2728 t'en supplie; que peux-tu lui reprocher? Je devine,
135 2719 1184 2785 ajouta-t-il en s’animant, Maurice n’est pas poétique,
145 2767 1188 2822 il n’a pas de grands cheveux noirs, une figure pâle
141 2818 1191 2882 et inspirée; il ne parle pas du lever et du coucher du
141 2866 1184 2934 soleil, il n’évoque pas l’idéal à toute heure de la
146 2912 1182 2991 journée, il n’aspire pas à l’infini! Il s’applique sim¬
142 2969 1190 3029 plement à rendre heureux ceux qui l’entourent, et il
138 3030 1172 3081 n’étale pas la puissance de ses aspirations et la su¬
134 3069 598 3131 blimité de ses pensées!
210 3142 1184 3190 — Je ne puis accepter ce mariage, dit Pauline, parce
145 3179 1184 3236 que j'ai promis d'épouser M. de Gontheraut, si vous
151 3227 375 3292 y consentez.
196 3282 1179 3347 — Tu as promis!... dit M. Bertaux atterré... toi...
134 3309 633 3398 Pauline... et si je refuse?
231 3385 1184 3462 Je ne me marierai pas, car j’ai fait une promesse
134 3424 279 3492 sacrée.
231 3487 1182 3546 Toi, épouser M. de Gontheraut, un homme sans
139 3533 1184 3597 ressources, sans profession, sans talent, quoique il en
139 3582 1191 3655 dise !— Mais ce n'est pas possible, j'entends et je
1310 255 2355 322 comprends mal... Je vais essayer de me calmer, de
1305 286 2347 378 raisonner, tu me comprendras, tu as toujours été rai¬
1308 351 2346 424 sonnable, on ne change pas ainsi tout d’un coup !
1317 389 2343 485 Voyons, mon enfant, écoute et réfléchis. M. de Gou¬
1306 436 2349 541 theraut est un charmant convive, un homme agréable
1298 497 2346 577 à rencontrer, mais ce n’est pas un homme qu’on
1308 546 2345 631 épouse; nous examinerons plus tard, d'ailleurs, si sa
1312 606 2347 680 conduite ici n’est point fort répréhensible; ne dis¬
1308 662 2342 747 cutons pas encore son caractère et sa loyauté. Ap¬
1309 710 2357 779 prends d’abord qu’il a trente-cinq ans; quand un
1306 755 2354 830 homme, qui veut devoir sa renommée à des œuvres
1301 801 2353 885 d’imagination, n’a rien fait à cet âge, il n‘en faut rien
1301 867 2353 927 attendre, parce que le côté passionné de l'esprit et du
1298 914 2347 981 cœur est déjà amorti. Il est donc incapable ou pares¬
1298 968 2350 1044 seux, — et l'on ne guérit d'aucune de ces deux infir¬
1302 1028 2350 1095 mités. Je m'en étais douté, rien qu'à l'emplase avec
1296 1057 2345 1137 laquelle il parle de ses travaux futurs, — toujours
1293 1111 2341 1198 futurs. Mais je ne l’avais pas jugé avec la sévérité qu’il
1298 1172 2342 1241 mérite. Je vois clair en lui maintenant. Je ne dis plus :
1292 1228 2341 1288 il est incapable ou paresseux, je dis qu’il est l’un et
1293 1267 2343 1345 l’autre, et qu’il a, de plus, fort bien calculé que ta
1296 1318 2341 1394 dot lui donnerait une aisance qu’il ne peut acquérir
1302 1385 2337 1448 par lui-même, et qui lui permettra de jouir éternel¬
1298 1428 2340 1500 lement, dans ce demi-jour mystérieux, d'une supé¬
1293 1492 2350 1545 riorité qui, ne se manifestant jamais, pourra échapper
1292 1528 2343 1610 à tout examen, à toute comparaison, à toite critique.
1292 1578 2341 1658 Je suis affligé de déflorer ton âme, en faisant, devant
1292 1645 2340 1706 toi, l’analyse de ce caractère composé d’hypocrisie et
1298 1695 2334 1769 de vanité, mais il le faut ! Descends de tes illumions,
1288 1748 2336 1804 apprends que la pureté, le désintéressement, ne con¬
1288 1788 2341 1851 duisent pas tous les hommes, et qu’il n’est point de
1301 1850 2336 1906 pire compagnon d’existence que celui qui a plus de
1296 1903 2326 1962 prétentions que de capacité, plus de vanité que d’or¬
1285 1948 2322 2012 gueil, et qui, en toute circonstance, en fout lieu, ré¬
1290 2009 2334 2080 clame, exige ou quête des distinction impossibles,
1293 2052 1899 2107 parce qu’elles sont imméritées.
1383 2095 2326 2168 Je savais d'avance, dit Pauline tristement, que
1285 2155 2326 2215 ce mariage, ne m’apportant pas une brillante fortune,
1280 2206 1899 2259 n’aurait pas votre approbation.
1383 2244 2326 2312 Et tu crois que c’est là l’ unique motif qui me
1285 2305 2329 2362 fait envisager avec défaveur l’alliance d’un homme
1288 2361 2322 2415 qui a abusé d’une bienveillante hospitalité pour tour¬
1280 2410 2314 2477 ner la tête à une jeune fille? Eh! Maurice non plus
1277 2465 2317 2516 n’a point de fortune, mais il possède, ce que j’estime
1277 2512 2310 2582 fort au-dessus d’une fortune acquise, du cœur et l’a¬
1280 2558 1614 2626 mour du travail.
1371 2614 2308 2664 - J'estime monsieur Maurice, dit Pauline en se le¬
1277 2671 2314 2710 vant, mais je ne l’épouserai pas, ajouta-t-elle fer¬
1271 2716 2308 2768 mement. Je n’épouserai pas M. de Gontheraut si vous
1277 2768 2314 2821 vous y opposez, mais alors, ainsi que je vous l'ai déjà
1271 2824 2308 2873 dit, je ne me marierai jamais, parce que je suis liée
1273 2863 2076 2942 par une promesse volontaire et sacrée. »
1753 2963 1836 3024 IV
1306 3062 2306 3127 Dès ce jour, le trouble entra dans la maison de
1271 3119 2310 3184 M. Bertaux. Pauline était en proie aux remords, en
1273 3171 2308 3232 voyant le chagrin de son père, mais sa conscience mal
1265 3231 2296 3285 éclairée, s’exagérant la portée de ses engagement irré¬
1271 3280 2308 3342 fléchis, elle ne croyait pas que son devoir lui permît
1268 3330 2305 3390 de s'en affranchir. M. Bertaux avait fermé sa porte à
1265 3377 2305 3442 M. de Gontheraut; elle ne le voyait plus, mais elle le
1268 3428 2305 3495 rencontrait sans cesse à l’église, aux promenades,
1265 3481 2301 3540 dans toutes les rues avoisinant sa demeure; partout
1259 3533 2301 3601 il échangeait avec elle un triste et respectueux salut,
1261 3598 2305 3674 et la mélancolie de ses regards, la sombre expression
