2897 4318
1193 209 1334 304 225
800 483 1722 602 HISTOIRE ET CHRONIQUE
1221 700 1305 733 DE
613 797 1901 1014 LA POSIE FRANÇAISE
222 1082 2258 1250 Depuis ses plus anciens monument jusqu’à l’époque de Malherbe.
152 1529 2334 1689 SECONDE PÉRIODE. — Régne de l'allégorie, du genre didactique et de la satire.
1052 1689 1423 1822 (Onzième article.)
512 1947 784 2020 FROISSART.
160 2052 1204 2161 Froissart est surtout connu comme historien ; c’est
111 2120 1201 2215 le Tite-Live du moyen âge. Mais à côté de sa célèbre
114 2185 1201 2261 .chronique, il a laissé quelques poésies qui ne man¬
111 2242 396 2307 quent pas, —
420 2261 1190 2324 tant s’en faut! — de grâce, de fraî¬
114 2305 1196 2375 cheur et de naïveté. Son style de trouvère n’est pres¬
103 2348 1198 2424 que jamais saillant, et nous devons, avant tout,
111 2413 1201 2473 convenir de ce point; en revanche, il est très-souvent
103 2456 1188 2532 naturel et vrai. Le sentiment y tient la place de l’es¬
108 2511 1193 2606 prit, et, au bout du compte, ce n’est pas un bien grand
111 2554 325 2638 dommage.
152 2600 1188 2687 Son caractère, vif et inquiet, se manifesta dans son
100 2654 1190 2749 enfance par une extrême dissipation; et dans un âge
106 2714 1198 2803 plus avancé, par son amour pour les voyages. A suivre
106 2768 1196 2855 les détails de sa vie, on ne le voit jamais en place;
106 2820 1196 2901 toujours par monts et par vaux, il allait, ilallait sans
111 2879 1196 2950 cesse, s’enquérant partout sur son passage des beaux
98 2923 1196 3012 faits d’armes et des chevaleresques emprises. En outre,
103 2985 1190 3061 comme un véritable touriste flamand qu’il était, il se
103 3028 1188 3113 gardait bien de sacrifier le confortable au pittoresque :
103 3083 1190 3164 il aimait à voyager, mais à voyagner commodément et
108 3134 1185 3221 avec distinction. Du reste, ses habitudes nomades ne
100 3183 1182 3275 paraissent pas avoir nui beaucoup à sa vive passion
100 3245 1185 3329 pour l’étude; il est même probable que le désir de
114 3291 1179 3381 s’instruire contribua, pour une forte part, à l’affermir
111 3340 1182 3435 dans son système de pérégrination à tout propos. En
108 3389 1185 3492 1395, nous le trouvons en Angleterre; le duc d’York,
106 3449 1185 3538 un de ses Mécènes, l’introduisit dans la chambre du
106 3503 1177 3592 roi Richard, qui le reçut avec une courtoisie des plus
100 3549 1169 3638 flatteuses. Ce noble accueil eut pour résultat de fixer
100 3595 1182 3704 auprès du monarque anglais, durant trois grands
89 3657 1174 3769 mois, — une éternité! — la fantaisie inconstante, la
98 3706 1038 3831 nature d'hirondelle de maître Jehan Froissart.
249 3766 900 3874 VINGT-CINQUIÈME ANNÉE. — N° VIII.
1350 1911 2142 2039 Mais le désir de voir et l’humeur inquiète
1361 2009 1743 2090 L’emportèrent enfin.
1312 2074 2364 2193 Il partit... laissant mille desrets à son hôte, et riche
1272 2134 2364 2245 d’un présent de cent nobles, — autrement dit, six cents
1277 2215 1998 2296 francs de notre monnaie actuelle, —
2025 2234 2359 2302 déposés dans un
1277 2277 2361 2356 gobelet d’argent doré pesant deux marcs, que Richard
1269 2326 1873 2399 lui donna de sa royale main.
1318 2372 2356 2456 Voilà, sauf erreur, le dernier épisode remarquable
1274 2413 2348 2521 qui se rencontre dans cette existence a blentureuse, in¬
1269 2489 2353 2573 dépendante et vraiment poétique. Froissart mourut,
1261 2530 2345 2616 âgé de plus de soixante ans, et fut inhumé, dit-on,
1261 2592 2345 2671 dans la chapelle Sainte-Anne de la collégiale de Chi¬
1269 2641 2353 2717 may. Il n’y a pas fort longtemps que sa ville natale
1263 2695 2334 2774 lui érigeait une statue. Mieux vaut tard que jamais.
1312 2746 2351 2825 Nous connaissons l’homme ; voici maintenant le
1269 2798 2353 2893 poète. Le virelai qu’on va lire est de sa plus gracieuse
1258 2852 1451 2936 facture :
1480 2917 2014 3012 On dit que j’ai bien matière
1540 2991 1949 3058 D’être orguillousette ;
1478 3028 1952 3104 Bien a raison d’être fière
1537 3091 1868 3156 Jeune bachelette.
1472 3142 1873 3251 Hier matin me levai,
1518 3224 1884 3289 Droit à la journée ;
1480 3256 1884 3340 En un jardinet entrai,
1518 3319 1849 3381 Dessus la rousée.
1472 3351 1917 3416 Je cuidais être première
1513 3413 1930 3462 Au clos sur l’herbette ;
1475 3449 1936 3508 Mais mon doux ami y ère,
1502 3500 1914 3565 Cueillant la flourette.
1469 3563 1985 3668 On dit que j’ai bien matière
1505 3638 1909 3698 D'être orguillousette ;
1464 3666 1922 3758 Bien a raison d’être fière
1502 3739 1838 3817 Jeune bachelette.
2157 3823 2222 3856 15
