2959 4075
1674 102 1843 178 216
1291 436 2201 547 LE PROGRÈS MUSIAL.
1055 656 2383 751 CATALOGLES GÉNÉRAUX DU PROGRÈS MUSIAL.
1669 789 1795 892 No 7.
636 974 1691 1070 Nous prévenons les abonnées que ce mois-ci une collec¬
599 1040 1688 1111 tion nouvelle, contenant DIX-HUIT morceaux de danse fa¬
611 1103 1691 1154 ciles, sera ajoutée à notre Catalogue. On remarquera, en
606 1153 1686 1215 outre : des fantaisies pour violon avec accompagnement
603 1191 1683 1252 de piano, composées sur des motifs d’opéras; le Beau lan¬
599 1252 1688 1311 cier, quadrille anglais, de Mathieu, sur des airs originaux;
608 1293 1683 1352 puis enfin les romances intitulées : le silence des fleurs, —
603 1346 1683 1420 Dieu bénit celui qui donne, — Modestie de jeune fille, dues
1770 981 2855 1093 au talent bien connu de MM. Couplet, Moniot et Peronnet.
1808 1068 2855 1141 Nous recommandons ces méladies avec d’autant plus
1767 1106 2855 1177 d'assurance, que nous avons été appelés à juger de leur
1764 1151 2858 1222 effet dans un concert donné le mois dernier au bénéfice
1762 1196 2270 1267 d’une famille malheureuse.
1806 1253 2858 1328 C'est à M. l'éditeur Petit que nous devons la publication
1759 1313 2614 1384 de toutes les compositions désignées ci-dessus.
1196 1721 2237 1848 ÉDUCATION MUSICALE.
687 1932 1547 2053 DES DIVES GENRES DE COMPOSITION.
621 2086 1655 2157 On peut réduire à quatre les divers genre de mu¬
576 2137 1660 2204 sique connus : La musique sacrée, la musique drama¬
576 2178 1438 2246 tique, la musique de Salon et la symphonie.
619 2237 1653 2308 La musique sacrée comprend toutes les messes de¬
586 2290 1651 2363 puis celles du plain-chant, jusqu’à celles qu’on ne
583 2351 1650 2421 peut exécuter qu’avec toutes les forces de l’orches¬
576 2396 1655 2475 tre; les psaumes, hymnes et motets, les oratorios et
570 2449 1645 2523 les cantates sacrées. Les admirables psaumes de Mar¬
576 2510 1651 2571 cello, les messes et motets de Palestrina, le Miserere
565 2569 1651 2634 d’Allegri, celui de Leo, celai de Jomelli, la musique
565 2611 1646 2673 d’église et divers oratorios de Jean Sébastien et Char¬
566 2662 1643 2731 les-Emmanuel Bach; Athalie, Iamson, les Machabées,
565 2710 1651 2786 le Messie de Haendel; David pénitent, de Mozart; la
561 2764 1640 2855 Mort de Jésus, de Graun; la Création, les Sept pa¬
563 2824 1640 2903 roles de Jésus-Christ, de Haydn; le Requiem, de Mo¬
560 2868 1643 2952 zart, les messes de Cherubini, et entre autres la cé¬
561 2918 1645 3012 lèbre messe à trois voix ; telles sont, en ce genre, les
558 2984 1640 3053 compositions qui jouissent de la plus haute renom¬
552 3032 659 3098 mée.
594 3086 1633 3149 La musique dramatique comprend toutes les com¬
553 3147 1635 3222 positions destinées à être exécutées sur les théâtres
558 3203 1638 3274 publics. Les musiciens qui se sont le plus illustrés
552 3253 1638 3329 dans ce genre sont, en Italie : Hasse, Leo, Pergolese,
552 3306 1630 3370 au commencement du dernier siècle; plus tard, Paë¬
548 3355 1630 3430 siello, Cimarosa, Guglielmi ; postérieurement encore,
555 3418 1628 3499 et dans un ordre inférieur, Fioravanti, Zingarelli,
558 3453 1633 3539 Paër; de nos jours, Rossini, qui a surpassé tous ses
548 3519 1638 3606 devanciers, et élevé l'opéra moderne à son plus haut
555 3563 1623 3651 point de splendeur. Après lui, quoique aucun ne puisse
538 3623 1631 3722 lui être comparé, on peut nommer Mercadante, Do¬
1745 1998 2832 2059 nizetti, Bellini surtout, qui a eu souvent d’heureuses
1744 2044 2825 2125 inspirations. L’Allemagne, moins riche dans ce genre
1744 2107 2834 2175 que l’Italie, a cependant produit des compositeurs
1744 2155 2834 2219 dramatiques d'un grand talent. Keiser, l'un des plus
1734 2214 2824 2275 anciens, et créateur en quelque sorte de l'opéra alle¬
1740 2256 2817 2325 mand, a écrit un nombre considérable d’ouvrages
1745 2315 2819 2389 qui ne se jouent plus depuis les développements qu’a
1740 2370 2817 2432 pris l'orchestre, mais où l’on trouve encore des
1734 2431 2807 2492 chants extrêmement heureux. Hændel, qui lui a suc¬
1735 2479 2805 2541 cédé, a composé des opéras allemands, italiens et an¬
1737 2525 2809 2592 glais; Mozart, plus près de nous, est auteur d'opéras
1727 2581 2809 2644 allemands et italiens qui sont considérés comme des
1731 2632 2799 2688 chefs-d’œuvre. Nous nommerons après lui Winter
1727 2688 2807 2748 et Weigl, compositeurs estimables, mais d’un ordre
1721 2734 2802 2794 inférieur. L’Allemagne moderne prononce avec or¬
1726 2792 2807 2860 gueil les noms de Weber, créateur de Freischütz; de
1726 2840 2807 2908 Spohr, de Meyerbeer, qui n’a acquis la haute répu¬
1722 2893 2809 2952 tation dont il jouit que depuis son bel opéra de Ro¬
1714 2938 2799 3020 bert le Diable. La plupart des musiciens qui ont il¬
1716 2995 2810 3065 lustré la scène française sont Allemands ou Italiens.
1719 3052 2805 3121 Lulli fut le premier; après lui vint Rameau, dont les
1714 3096 2799 3179 chants manquaient de grâce et la déclamation de vé¬
1711 3164 2805 3245 rité, mais où l’on trouve quelques beaux chœurs, et,
1712 3225 2802 3291 en général, un style plus dramatique que celui de
1712 3266 2799 3344 Lulli et de ses omitateurs; plus tard, Gluck, auteur
1709 3322 2802 3397 des deux Iphigénies, d’Armide, d'Orphée; Piccini,
1712 3375 2802 3443 Sacchi, à qui nous devons OEdips; Spontini, dont
1711 3428 2805 3497 les opéras de la Vestale et de Fernand Cortès sont
1704 3479 2799 3567 maintenant si connus. Rossini est en ce moment,
1706 3549 2796 3629 sans contredit, le musicien le plus recommandable
1709 3590 2153 3666 de la scène française.
1745 3646 2796 3742 La Muette, d'Auber, et Robert le Diable, de Meyer¬
