2897 4318
1222 299 1342 389 cherw.
188 381 1243 450 vais-je, le mois prochain, t'en expédier un patron
183 427 1246 504 des plus parfaits, certaine du bon accueil qu'il recevra
185 480 1239 562 de toi; en attendant, occupons-nous de celui-ci, qui
185 536 1238 602 est, comme tu le vois, composé de trois parties. Le
184 590 1239 652 fond de la manche se plisse à plis plats, dans le haut
183 637 1237 701 et dans le bas; ces plis, dont la profondeur est indi¬
188 684 1234 759 quée sur notre planche par quelques fraits fins, doi¬
186 743 1231 815 vent cependant suivre certaines modifications, selon
173 790 1226 869 la grosseur du bras; ainsi, dans le bas, il faut fermer
183 846 1233 913 la manche de manière à pouvoir seulement passer la
171 907 1218 971 main, mais très-aisément; dans le haut, l’entour¬
171 959 1226 1030 nure du corsage te guide; tu poses ton jockey, le¬
181 1006 1230 1077 quel n’a, dans le milieu, qu’un seul pli creux; tu fais
171 1061 1229 1136 de même pour le revers du bas, improprement
171 1096 1231 1177 nommé jockey dans notre planche. Ce jochey et ce
168 1160 1226 1243 revers, doivent être garnis comme le reste de la robe;
172 1217 1229 1292 voici comment était celle sur laquelle j'ai copié notre
164 1264 1223 1338 manche; c’est une charmante idée, dont nos amies
164 1324 1229 1398 déjà mariées profiteront j’en suis sûre, et qu’à notre
168 1363 1221 1444 tour, nous pourrons suivre dans une certaine limite:
209 1415 1223 1489 Cette robe était en satin uni, marron mi-foncé; le
159 1481 1222 1542 corsage sans basques faisait la pointe; sur le devant
168 1517 1211 1591 était un plastron en velours noir, dont les bords for¬
164 1584 1218 1652 mant une légère ondulation, étaient terminés par une
160 1631 1211 1699 guipure de trois centimètres; le milieu du corsage
168 1684 1222 1754 était fermé par deux rangées de boutons en passemen¬
160 1735 1211 1801 terie, rattachées l’une à l‘autre au moyen de ganses
160 1780 1209 1850 formant un peu brandebourg. Sur la jupe, se trou¬
169 1836 1217 1911 vaient des revers en velours, disposés en tablier et
160 1891 1214 1956 ornés de guipure comme le plastron du corsage, avec
161 1936 1221 2010 deux rangées de boutons du haut en bas. Quant à la
161 1992 1202 2067 manche, que voici, le fond était en satin, et le jockey
159 2038 840 2112 et le revers en velours et guipure.
196 2088 1210 2166 N’est-ce pas que cette robe est jolie? de plus, elle
156 2144 1206 2213 nous repose de ces quilles, de c es pyramides, de es
160 2203 722 2256 pentes que l’on voit partout.
214 2240 1206 2312 Cette robe, pour jeune fille, serait aussi très¬
157 2306 1211 2366 convenable et très-jolie, moyennant les Imodifications
151 2361 1209 2415 suivantes; il faudrait : 1° choisir une étoffe de fan¬
148 2408 1202 2477 taisie, unie ou d’un petit dessin couleur sur couleurs;
159 2451 1207 2525 2° le velours, complétement supprimé sur la jupe, ne
152 2515 1194 2582 serait conservé qu’au corsage, et à la place de la gul¬
153 2563 1200 2628 pure serait un petit effilé; mieux encore, une bretelle
144 2617 1201 2674 à longs bouts, formée par un large ruban de velours
151 2661 1202 2731 que terminerait un petit tom-pouce ; 3° les manches
148 2712 1200 2781 comme les précédentes, sauf l'effilé à la place de la
153 2763 1194 2837 guipure. Maintenant, pour plus de simplicité encore,
140 2824 1200 2886 nous pourrions remplacer le velours qui est toujours,
142 2870 1188 2936 de quelque façon qu’on l'emploie, une chose élégante,
149 2920 1194 2993 par de la peluche, de la moire, ou enfin par de l’étoffe
144 2980 973 3040 écossaise, si fort à la mode en ce moment.
181 3031 1194 3091 Puisque nous voilà sur le chapitre robes, épuisons
143 3077 1190 3149 les renseignements que nous nous sommes procurés
144 3125 1188 3186 à ce sujet. Il y a encore de très-jolis corsages complé¬
147 3171 1192 3252 tement faits de bandes de velours coupées à la pièce,
140 3235 1192 3300 alternées avec d’autres bandes de même largeur,
143 3278 1190 3358 pareilles à l’étoffe de la robe; ces sortes de corsages,
140 3331 1192 3392 qui peuvent se reproduire de toutes les couleurs, se
140 3370 1188 3436 font sans basques, et se terminent par une petite cein¬
143 3428 1190 3497 ture de velours à longs bouts flottants; les manches
135 3482 1180 3559 sont places, à coude, et ont dans le haut un jockey
142 3531 361 3601 de velours.
184 3581 1182 3651 On porte beaucoup de petites pèlerines, rondes der¬
138 3625 1178 3714 rière et coupées carrément sur le devant; quelque¬
142 3678 1188 3759 fois carrées devant et derrière; ces pèlerines, qui ne
143 3727 1182 3821 descendent guère plus bas qu’une berthe ordinaire,
1326 413 2387 483 se garnissent d’effilés, de passementeries, de dentelle
1332 458 2378 549 guipure ou autre, suivant le degré d’élégance que
1322 505 2373 598 l'on veut leur donner. Si la robe est garnie de ve¬
1325 558 2373 648 lours, la pèlerine peut être alors tout en velours.
1316 600 2375 710 Pour le soir, on en fait en dentelle noire, blanche, et
1317 660 2108 770 enfin en toutes sortes d'étoffes légères.
1361 737 2031 821 44, CROQUIS DE LAMANCHE DE ROBE.
1365 796 2369 906 45, 46, 47, PARTON D'UN BONNET DE NUIT entièrement
1320 882 2373 948 coulissé. Ce bonnet se fait en nansouk; la largeur des
1322 935 2362 1014 coulisses se trouve indiquée par des traits finis, sur la
1322 988 2355 1055 passe faisant pointe et sur le fond à porte. Comme
1312 1033 2359 1118 les coulisses doivent nécessairement rétrécir beau¬
1311 1087 2351 1166 coup le bonnet, il faut avoir grand soin de laisser
1311 1144 2361 1214 en plus la largeur de ces coulisses; tu choisiras de la
1308 1188 2345 1270 ganse très-fine, et feras des points excessivement rap¬
1315 1250 2357 1324 prochés. Le bavolet, qui est uni, aura un ourlet de 2
1304 1303 2351 1374 cent., surmonté de cinq petits plis. Les deux rangs de
1311 1356 2353 1424 garniture sont également en nausouk, ayant au bord
1308 1404 2354 1476 un simple feston feuille de rose ou ordinaire; ces
1308 1449 2355 1530 garnitures ont trois centimètres de hauteur, à partir
1309 1505 2350 1572 du milieu du front jusqu’aux tempes, et quatre, des
1301 1547 2340 1631 tempes jusqu’au bas des joues; les bouts se ter¬
1299 1607 2350 1682 minent en pointe sous le bavolet. Pour le rang de
1301 1654 2343 1730 dessous, il faut un mètre quinze de longueur, et
1299 1707 2336 1773 un mètre pour celui de dessus; le point de celui¬
1299 1762 2345 1826 ci est caché par un biais de nansouk, d'un demi
1301 1817 2334 1882 centimètre de large, piqué de chaque côté. La
1292 1859 2332 1932 garniture du bavolet, longue de soixante-dix centi¬
1292 1928 2330 1982 mètres, a, dans le milieu, quatre centimètras de hau¬
1293 1968 2334 2037 teur, et deux et demi vers les bords. En dessous du
1293 2014 2332 2087 bavolet est une petite coulisse dans laquelle on passe,
1300 2072 2329 2142 soit un ruban de pertale, de trois centimètres de large,
1287 2116 2329 2197 soit des bandes de nansouk ourlées comme les brides.
1297 2169 2336 2239 Cette forme, qui coiffe parfaitement, pourrait encore
1296 2224 2329 2283 se faire en supprimant les coulisses, que l'on rempla¬
1288 2283 2328 2337 cerait par un entre-deux et une bande formée de plu¬
1289 2329 2332 2396 sieurs petits plis; cela varierait et n’en serait pas
1287 2369 1514 2445 moins joli.
1329 2425 1779 2537 48, CROQUIS DU BONNET.
1326 2537 2322 2591 49, PARTON DE DEINTURE pour jupons. Cette cein¬
1288 2580 2317 2662 ture se coupe en biais, se termine sur les hanches,
1285 2625 2318 2724 et doit avoir une boutonnière dans le milieu du de¬
1289 2691 1394 2767 vant.
1321 2765 1849 2824 50, C. M., plumetis riche.
1317 2812 1879 2912 51, C. C. G., plumetis idem.
1317 2911 1727 2976 52, C. 0., plumetis.
1321 2962 1717 3067 53, F. O., plumetis.
1324 3046 2317 3120 54, DESSIN SIMPLE, à exécuter en soutache, pour bour¬
1280 3109 2310 3165 relets de fenêtres; ces bourrelets, plus élégants que
1280 3158 2306 3218 les affreux bourrelets que l’on achète chez les tapis¬
1271 3218 2310 3276 siers, se font en drap de la couleur du meuble ; ils
1276 3267 2289 3326 doivent être doublés de percaline glacée, bien ouatés
1271 3326 2309 3378 et soigneusement piqués. Au bord, dans le bas, on
1271 3370 2310 3435 met un petit effilé tom-pouce, une soutache posée à
1283 3419 2301 3485 plat, ou l'on fait tout simplement découper le drap
1274 3465 1574 3546 à dents de scie.
1312 3540 2304 3624 55, VIDE-PoCHE. Le canevas est de moyenne gros¬
1264 3613 2305 3674 seur, les marguerites sont blanches, en perles lait,
1268 3649 2312 3716 avec nervures en perles d’or; les feuilles, en per les
1264 3712 2314 3776 noires et nervures d'or; les deux fonds, l'un en fan¬
1272 3769 2308 3855 taisie rose chine et l’autre vert de mer, sont séparés
