2822 3966
1568 87 1679 167 184
498 163 1572 227 La prolongation des sons, cette admirable puissance
500 224 1579 285 de l’orgue qui laisse à l‘expression et au sentiment
504 276 1576 339 de si vastes champs à parcourir, les embarrasse, les
500 330 1577 391 gêne, les arrête dans leur essor frivole. Il est vrai que
498 379 1577 438 la contredanse, la polka, la schostich... ce flux et ce
505 422 1583 483 reflux de petite musique sautillante qui est à l'ordre
500 478 1577 535 du jour, ne s'arrangent guère des sons majestueux de
505 542 1567 600 ce sublime instrument; mais en dehors de ces plaisirs
500 585 1567 648 naturels à la jeunesse et que nous nous gardons bien
505 635 1572 700 de condamner, n’y a-t-il pas des jouissances infinies
497 690 1564 757 à se recueillir dans un ordre de pensées plus élevées,
504 752 1569 812 plus profondes, plus religieuses surtout. Je conçois
497 795 1565 867 qu'on aime le piano le matin, quand le soleil luit,
500 853 1565 911 quand les oiseaux chantent, quand toute la nature
485 904 1564 967 scintille et sourit. Je le comprends encore le soir à la
490 953 1561 1011 clarté des girlandoles, au bruit des voix joyeuses de la
483 999 1556 1066 foule. C'est un instrument gai qui s'accorde parfaite¬
482 1049 1549 1121 ment avec l’éther du ciel et les folâtreries de la jeu¬
481 1105 1561 1166 nesse, mais il faut avoir le talent des Chopin, des
482 1159 1557 1223 Litz et des Thalberg pour en tirer des notes profondes
486 1226 1549 1283 qui touchent aux cordes sensibles de l’âme humaine.
490 1269 1554 1326 Quand le jour s’efface sous les premières teintes
487 1325 1558 1383 du crépuscule, quand le silence du soir a succédé
482 1379 1549 1435 au tumulte de la vie agissante, le son d’un organe
481 1432 1557 1499 joué avec âme arrive à nos oreilles ravies comme
482 1486 1553 1545 un écho lointain des célestes concerts. Il fait naître
487 1539 1550 1600 en nous je ne sais quel sentiment profond qui a des
482 1592 1542 1651 retentissements dans les plus secrets refuges du cœur.
475 1629 1534 1696 Les impressions qu’en ressentent les natures éle¬
481 1696 1538 1754 vées ne peuvent s’analyser; mais à travers les mou¬
474 1731 1539 1803 vements confus qu'elles jettent dans l’âme, il est évi¬
475 1791 1553 1852 dent que la pensée religieuse est la première. Or, la
468 1841 1541 1920 pensée religieuse est la source de tout ce qui est bon.
474 1899 1534 1981 Nous regrettons donc qu’avec la possibilité d’avoir au¬
472 1947 1543 2027 jourd'hui des ogues à des prix fabuleusement bas, on
474 2010 1539 2078 ait si rarement chez soi un de ces instruments pour
462 2054 1548 2131 lesquels la méthode est presque la même que pour le
471 2108 1543 2186 piano et dont le moindre pianiste, avec très-peu
463 2146 1432 2215 d’étude, parviendrait à tirer un excellent parti.
510 2217 1535 2274 Comment se fait-il aussi que la plupart des églises
456 2270 1535 2340 de village se bornent pour toute musique au bruit mo¬
457 2328 1538 2395 notone du serpent traditionnel pompeusement décoré
457 2373 1538 2433 du nom d’ophicléide? Croit-on que l’homme de la
460 2423 1539 2491 campagne soit insensible aux influence religieuses
466 2471 1447 2555 que produisent les grandes méladies de l'orgue?
500 2526 1535 2590 L’homme du peuple, l’ homme des champs, l'enfant
462 2585 1527 2651 même qui ne comprend et ne sent qu'avec son institut,
452 2639 1538 2705 sont profondément remués par la musique. Ajoutons
1667 147 2733 262 que la musique sacrée a des effets bien plus efficaces
1664 224 2734 310 sur l'âme que la musique profane, et disons que dans
1662 273 2720 360 chaque village où se trouve une église, il devrait
1660 335 2726 406 avoir un origue. On lit chaque jour, dans les jour¬
1662 394 2727 462 naux, que le facteur d'orgues Alexandre, que je n'ai
1655 445 2723 519 pas l'avantage de connaître, mais dont j'apprécie les
1651 493 2725 562 excellents instruments, donne, pour 400, 200 et même
1652 535 2719 620 100 francs, des oegues payables à termes. Nous avons
1652 592 2725 671 été appelée nous-même à en toucher dans plusieurs
1655 634 2718 722 églises, et nous les avons trouvés irréprochables;
1649 705 2718 772 certes, c’est un grand pas que l’industrie fait faire à
1647 748 2723 817 l'art, que cette facilité mise à la portée de tous les
1649 810 2716 880 moyens pécuniaires. On ne peut donc plus alléquer la
1648 867 2720 930 pauvreté des communes pour justifier l'indifférence
1647 914 2714 980 apportée jusqu'alors à l'utilité des ogues dans les
1645 957 1959 1024 églises rurales.
1689 1009 2701 1071 Il est impossible qu’il ne se trouve pas dans une lo¬
1645 1060 2714 1131 calité quelques personnes qui, se cotisant entre elles
1648 1116 2703 1196 pour l’avantage de tous, pourraient faire hommage à
1644 1173 2710 1242 leur chapeile de ce complément nécessaire, de même
1643 1234 2715 1295 qu'il nous semble fort probable que, sans être contraint
1633 1276 2714 1355 à rétribuer un organiste, on rencontrerait aisément,
1633 1344 2714 1408 fût-ce dans le plus humble hameau, quelque pianiste
1633 1386 2708 1461 qui, après une courte étude, arriverait à tirer bon
1644 1442 2325 1496 parti de cet admirable instrument.
1677 1500 2704 1554 Ce goût de la belle musique, cette appréciation des
1629 1539 2700 1609 hautes méladies puisées à une source sainte, seraient
1634 1595 2696 1659 d’un excellent effet sur les habitants des campagnes.
1629 1649 2689 1709 Peut-être iraient-ils d’abord à l’église plus pour écou¬
1629 1702 2689 1758 ter que pour prier. Mais la prière se mêlant à la mé¬
1628 1747 2701 1811 lodie ramènerait bien vite le sentiment à la place de la
1629 1810 2689 1864 sensation, réveillerait la piété endormie et enveloppe¬
1621 1864 2699 1933 rait le culte divin de ce charme doux et sérieux qui
1622 1917 2701 1977 nous fait voir le ciel à travers de saintes espérances.
1622 1968 2680 2034 Nous ne saurions trop engager les mères à faire ap
1630 2020 2697 2084 prendre l’orgue à leurs enfants et à les habituer à
1625 2077 2686 2123 écouter avec onction la musique sacrée, bien autre¬
1622 2131 2689 2186 ment grande, bien autrement pénétrante et sympath¬
1619 2184 2697 2240 thique que toutes les combinaisons des Orchestres de
1624 2225 2696 2290 théâtres et de concerts. Dans une semblable étude, le
1617 2281 2699 2338 côté moral de l’être humain a tout à gagner, le côt6
1619 2328 2693 2408 artistique ne peut qu’y acquérir un goût plus pur,
1628 2382 2693 2460 plus large et plus complet; et les propositions rurales,
1617 2442 2689 2503 en suivant notre avis, entreraient à coup sûr dans la
1624 2503 2684 2556 voie du progrès religieux, si nécessaire au repos indi¬
1625 2548 2696 2605 viduel et si indispensable à la moralité comme à la
1618 2590 2046 2678 tranquillité générale.
2202 2629 2556 2711 MARIE LASSAVEUR
1181 2862 1947 2962 Revue Musicale.
475 3090 1527 3164 Il est bien difficile aujourd’hui de trouver des libretti qui
433 3152 1524 3216 inspirent aux Gompositeurs de musique des œuvres vraiment
440 3213 1520 3262 remarquables; excepté la peinture des mœurs peu methodoxes
447 3244 1512 3325 de la Bohême moderne, quels sujets intéressants peut-on dé¬
448 3300 1514 3363 couvrir dans la mine si longtemps et si laborieusement ex¬
445 3356 1514 3428 ploitée du drame et de l'histoire? Depuis les plus importants
443 3387 1516 3460 événements jusqu'aux plus simples anecdotes, depuis les
444 3445 1518 3531 plus grands caractères de l'antiquité jusqu'aux physiono¬
438 3491 1516 3553 mies les plus insignifiantes du monde où nous vivons, tout
433 3540 1514 3610 a été évoqué, décrit, représenté, chanté sur tous les ton,
432 3588 1514 3676 sous toutes les faces. Or, comme le génie de l'homme a des
1598 3117 2678 3190 limites, il devient impossible, malgré les plus courageux ef¬
1602 3172 2677 3238 forts des imaginations en travail, il devient impossible, dis-je,
1607 3220 1997 3280 de créer du nouveau.
1640 3272 2689 3323 Nous devons nécessairement retomber dans les données
1602 3316 2672 3384 déjà connues, parcourir les chemins où nos pères ont mar¬
1602 3372 2681 3428 ché avant nous et composer des œuvres dont la tradition
1602 3420 2667 3497 pourrait nous offrir le modèle, si nous consultions la tradi¬
1599 3467 2672 3515 tion. La conséquence de cet état de choses, c'est que l'écri¬
1599 3494 2674 3562 vain le plus intelligent, le poète le plus fécond ne savent
1602 3558 2681 3614 sur quel sujet broder leur prove ou leurs vers; c'est que les
1599 3601 2674 3696 libretti manquent aux compositeurs, c'est enfin que le mu¬
