2946 4158
1652 173 1770 262 284
568 267 1670 329 selon ce voyageur, il paraît que tout y était si mathé¬
578 309 1668 384 matiquement réglé, que, faim ou non, sauf à ne pas
574 369 1668 432 manger du tout, il fallait manger quand les autres
583 426 1671 490 mangeaient ; il fallait aussi se promener là où ils se
583 479 1661 538 promenaient, sous peine d’être montré au doigt; aller
574 535 1668 599 de tel côté et non selon sa fantaisie; enfin, dans cette
574 590 1660 657 république, l'homme n'était plus une individualité,
574 642 1661 706 mais la mièvre portion d'un grand tout, dont rien ne
574 691 1660 774 devait obstruer la marche majestueuse et compassée.
581 742 1656 817 Après s’êtreifangé de façon qu’à huit heures du
572 812 1661 866 soir, il avait encore l’estomac vide, et qu’ayant été
570 869 1656 932 contrarié dix fois dans ce qu’il prétendait faire, il
564 898 1657 989 avait le système nervaux irrité outre mesure; le
558 952 1650 1032 malheureux voyageur nous dit que, pour oublier sa
556 1008 1657 1089 faim et son humeur, il eut l’idée d’aller au théâtre. Il
558 1069 1645 1156 regarde l’affiche; l‘affiche lui sourit; il arrive au bu¬
561 1108 1656 1195 reau de location, il paye sa place, une belle place, il
558 1179 1646 1255 met le pied dans la salle; mais immédiatement huit
558 1217 1646 1303 heures sonnent, heure fatale, après laquelle les vio¬
556 1266 1650 1360 lons devaient taire leurs accords, et les empereurs et
560 1326 1645 1416 les impératrices déposer leurs manteaux de pourpre
570 1381 1643 1464 jusqu’au lendemain! Il avait payé pour jouir de l'as¬
564 1441 1645 1515 pect d’une vilaine toile rougeâtre qui tombait, en
561 1498 1646 1565 grinçant, sur des palais de papier gris! Mais là ne
551 1553 1172 1624 s’arrêtèrent point ses misères.
590 1632 1639 1699 « Partons ! partons ! s'écria-t-il, en sortant du théâ¬
556 1656 1642 1745 tre, fuyons cette ville stupide, où rien ne se fait
553 1720 927 1791 comme ailleurs ! »
590 1770 1638 1874 Et les malles se cadenassent, et la chaise s'attelle,
543 1848 1632 1929 et déjà il lui semble respirer plus à l’aise, lorsque,
550 1898 1633 1976 arrivé aux portes de Berne, il se les voit fermer au
546 1958 1635 2044 nez! De rage, il resta dans sa voiture toute la nuit,
550 2011 1628 2097 et y voulut attendre que l’heure fût Revenue d’ou¬
549 2065 1635 2151 vrir ces portes détestées ! L’histoire ne nous a pas
543 2118 1628 2204 transmis le nombre des malédictions qui, cette nuit¬
542 2168 1633 2250 là, durent nécessairement tomber sur Berne et les
538 2222 1629 2320 Bernois, voire même sur les Bernoises, malgré leurs
549 2268 824 2351 jolis bonnets.
585 2341 1624 2435 Des nouvelles de Paris, il n’y en a guère en ce mo¬
531 2399 1621 2487 ment, ma Florence; on trouverait plutôt Paris où tu
539 2462 1615 2526 es qu’où nous sommes: Paris est en Suisse et en Alle¬
529 2516 1619 2593 magne, Paris est aux Pyrénées, Paris etsur les rives
525 2565 1614 2654 de la Manche, Paris est à Plombières, à Vichy, à Bade,
526 2618 1617 2696 Paris est partout, hors à Paris; Paris est où l’on se
525 2660 1607 2747 baigne, où l’on danse, ou l‘on joue! oui, hélas ! oÙi
528 2713 1606 2809 l'on joue! le jeu étant, pour certains, l'un des attruits
531 2766 1608 2857 les plus puissants des villes d’eaux. Une anecdote
522 2816 1611 2912 à ce sujet : Dernièrement, à Wiesbaden, au milieu
519 2878 1613 2979 de joueurs, les uns aux regards ardents, les autres,
512 2934 1603 3026 au visage de glace, une jeune fille, blonde et modeste,
514 2997 1599 3077 se glisse, accompagnée d'une personne âgée et res¬
521 3043 1608 3123 pectable; on leur fait place avec étonnement; il faut
517 3104 1601 3175 croire que, d’ordinaire, les dames qui s’approchent
507 3147 1600 3236 des tapis verts ne sont pas précisément dignes de
507 3203 1594 3281 tous les respects; la jeune fille joue et gagne; elle
503 3272 1593 3346 double sa mise, gagne encore, et ainsi de suite, jus¬
504 3303 1599 3389 qu'à ce que, se trouvant à la tête d'une somme très¬
510 3377 1601 3456 considérable, la personne qui l’accompagne lui fait
508 3420 1597 3515 un signe, et toutes deux se retirent, laissant les
512 3460 1596 3580 joueurs étonnés de voir quitter le jeu au moment
501 3527 1154 3612 d'une veine aussi remarquable.
546 3579 1597 3692 On a su que le gain de cette joueuse était destiné à
497 3639 1589 3737 une bonne œuvre, et y avait été entièrement consa¬
497 3692 1589 3793 cré; voilà qui est bien, mais ma mère dit que la fin
490 3746 1590 3877 ne justifie pas les moyens, et que, risquer de prendre
1755 265 2853 372 goût à un vice, c’est presque gâter une bonne ac¬
1757 333 1856 400 tion.
1796 373 2848 476 Je te disais qu’à Paris, il n’y avait point de nou¬
1749 444 2859 531 velles; en voici une pourtant, et triste : je ne veux
1757 487 2849 585 point parler de la mort de Béranger; la mort des Bé¬
1750 558 2852 638 ranger n’est plus la nouvelle de Paris, et les mille dé¬
1752 604 2850 695 tails concernant le poète national, sont certainement
1743 668 2846 749 arrivés jusqu’à toi; je veux te parler de la mort de
1749 709 2853 797 Sauvage, l’inventeur de l‘hélice, cette simple et ad¬
1742 781 2850 851 mirable machine, adoptée désormais dans la naviga¬
1746 824 2034 890 tion à vapeur.
1784 893 2850 961 Après une vie longue et toute pleine de luttes contre
1746 933 2841 1005 l’ignorance, le mauvais vouloir et la misère, Sau¬
1749 997 2843 1081 vage, devenu fou, est mort dans la maison de santé
1742 1047 2842 1113 de Picpus, où, depuis quelques années, le gouverne¬
1731 1104 2846 1171 ment lui faisait une pension de deux mille francs.
1788 1153 2391 1214 Dieu ait pitié des novateurs!
1778 1214 2845 1291 Je suppose, mon amie, qu’ainsi que moi, tu as
1736 1259 2846 1333 donné quelques minutes à la mémoire de ceux qu'on
1734 1317 2852 1395 appelle les pionniers de l'humanité; maintenant, si¬
1725 1360 2837 1466 tu le veux bien, après un gros soupir d’allégement,
1734 1425 2378 1504 nous passerons à nos planches.
1773 1473 2839 1553 1, QUART D'UN MOUCHOIR, dessin facile et léger, se
1728 1528 2838 1607 composant de plumetis, de points sablés et de jours
1729 1586 2825 1667 dans l'intérieur des feuilles du bord et des petites ro¬
1729 1638 2178 1709 saces de marguerites.
1768 1700 2838 1775 2, Suzanne, plumetis fin; ce nom peut être adopté
1713 1728 2037 1812 à ce mouchoir.
1770 1796 2494 1887 3, C. 0., plumetis, æillets ou pois.
1770 1851 2078 1923 4, A. D., dito.
1768 1904 2832 1993 5, Maire, plumetis fin avec mélange de points
1713 1958 1923 2021 d’échelle.
1763 2014 2830 2096 6 et 7, PASSE ET BAVOLET D'UN BONNE T dont tu vois
1713 2064 2828 2156 l'effet au numéro 54, côté verso de notre planche; ce
1713 2114 2828 2200 bonnet du matin, d’une forme toute nouvelle, est
1716 2182 2828 2254 très-facile à faire, le dessin lui-même est peu compli¬
1718 2235 2818 2321 qué, et pour le monter voici comment tu dois t’y
1718 2291 2814 2378 prendre. Ta broderie terminée, tu coudras, au bord,
1709 2351 2820 2426 sur la longueur de la passe, une bande de mousseline
1717 2394 2810 2479 qui aura quatre centimètres de largeur; cette bande,
1702 2461 2817 2537 rabattue en dessous de la passe, fera la coulisse dans
1702 2498 2810 2569 laquelle on passe un ruban de taffetas de même lar¬
1703 2561 2807 2635 geur (quatre centimètres); ensuite, par derrière, tu
1703 2615 2804 2682 fronceras le fond auquel tu joindras le bavolet et un
1702 2662 2806 2729 morceau de mousseline en biais haut de trois centi¬
1696 2735 2802 2803 mètres qui doit servir de coulisse; ces trois parties,
1706 2779 2796 2850 cousues ensemble à l’aide d’une petite ganse très¬
1699 2834 2798 2903 fine, sont froncées sur une longueur de trente centi¬
1697 2892 2802 2960 mètres; le bavolet, une fois joint à la petite patte qui
1693 2944 2798 3016 se trouve détachée du fond, ne doit pas la dépasser
1703 2983 2804 3069 par sa longueur. Maintenant, venons à la dentelle
1696 3050 2798 3116 qui se trouve sur deux rangs, chacun d’une hauteur
1689 3101 2795 3182 différente : le premier rang retombe sur le front; il se
1684 3146 2793 3225 coud en dessous de la passe, un demi-centimètre en
1686 3196 2796 3282 dedans ; dans le milieu, on laisse un grand écart uni;
1684 3260 2791 3339 cet écart, plus ou moins large, varie suivant la figure,
1690 3321 2782 3395 car à quelques visages l’ampleur des garnitures pla¬
1681 3385 2784 3444 cées près du front va très-bien, tandis que pour d'au¬
1686 3424 2784 3494 tres, c’est le contraire qui arrive; les fronces de la
1677 3465 2781 3552 dentelle se terminent au commencement du bavolet,
1678 3524 2785 3607 là elle est posée unie tout au long; le second rang de
1678 3580 2768 3661 dentelle, qui doit retomber en arrière, a sept centi¬
1681 3646 2778 3712 mètres de hauteur et se termine au bas de la passe;
1677 3676 2779 3772 l’écart du front suit les proportions du rang déjà placé;
1681 3744 2781 3835 ceci terminé, tu passes un ruban numéro quatre
1677 3785 2785 3898 dans la coulisse du devant; ce ruban te fait aussi les
