2822 3966
1623 81 1704 175 96
567 147 1615 240 quitter Paris; l’Espagne, sollicitée par les rebelles, prit-
567 237 1607 297 part aux troubles, et cette guerre civile de la Fronde,
558 290 1605 359 commencée en riant, mit le royaume à deux doigts
564 330 1606 398 de sa perte. Mazarin se maintint cependant au pou¬
571 386 1603 436 voir, malgré tant d'orages; les partis se réconcilièrent
568 435 1609 496 il eut la gloire de conclure la paix avec l'Espagne
566 477 1606 537 et d'affermir cette paix en négociant le mariage du
566 531 1606 608 jeune Louis XIV avec l'infante. Ce traité fit beaucoup
566 599 1601 655 d'honneur au génie et à la politique de Mazarin, qui
566 640 1606 705 pendant quatorze ans, dès son arrivée au ministère,
566 686 1599 753 avait médité une alliance, par laquelle la France
568 747 1601 816 mettait fin à une longue inimitié et acquérait des
570 807 1598 863 droits à la succession d'Espagne. Ce fut le dernier acte
559 857 1599 913 politique de sa vie : il mourut deux ans après, à Vin¬
563 908 1610 970 cennes, âgé de 59 ans, « Ce ministre, dit le président
554 938 1611 1019 Hénault, était aussi doux que le cardinal de Richelieu
555 992 1620 1096 était violent; un de ses plus grands talents fut de bien
1695 162 2748 276 connaître les hommes. Le caractère de sa politique
1695 241 2735 311 était plutôt la finesse et la patience que la force... In¬
1697 286 2744 371 sensible aux plaisanteries de la Fronde, méprisant les
1695 343 2747 423 bravades du coadjuteur, écoutant les murmures de
1693 392 2740 492 la populace, comme on écoute du rivage le bruit des
1695 443 2021 507 flots de la mer.»
1738 470 2733 582 Il y avait dans le cardinal de Ricnelieu quelque
1696 549 2747 625 chose de plus grand, de plus vaste et de moins concerté
1697 615 2737 676 et dans le cardinal Mazarin plus d’adresse, plus de
1693 653 2747 727 mesure et moins d'écarts. On haïssait l'un et l'on se
1689 702 2748 774 moquait de l'autre, mais tous deux furent les maîtres
1693 770 2744 827 de l’Etat. « La France doit à Mazarin l‘Alsace, qu’il
1697 820 2745 888 acquit au temps où les Français étaient déchaînés
1689 861 2745 933 contre lui. Il légua son immense fortune, plus ou
1689 916 2732 1006 moins bien acquise, à sa nièce, Hortense Mancini,
1683 965 2312 1052 femme du duc de la Meilleraie.
1485 1170 1803 1267 Mosaigue.
685 1304 1475 1367 ORIGINE DES MOTS Fronde ET Frondeurs.
603 1355 1597 1436 Sous la régence d'Anne d'Autriche, il y avait à Paris
553 1428 1597 1500 une troupe de jeunes gens qui se battaient à coups de
553 1477 1597 1545 fronde; des blessés et des morts demeurèrent sur le
555 1528 1591 1589 terrain. Le parlement rendit un arrêt pour défendre
547 1582 1601 1644 ces jeux sanglants, et un jour qu’on opinait dans la
546 1640 1587 1696 grand'chambre, un président parlant selon le désir
550 1691 1585 1749 de la cour, son fils, qui était conseiller aux enquêtes,
543 1733 1589 1801 dit en riant : « Quand ce sera mon tour de parler, je
543 1786 1585 1855 fronderai bien l'opinion de mon père.» Ce mot fit rire,
541 1834 1585 1938 et depuis on nomma ceux qui étaient contre la cour,
539 1879 750 1946 frondeurs.
586 1940 1613 2034 On a attribué à ces mots une autre origine : Maza¬
1689 1309 2737 1387 rin, importuné par l’opposition du parlement, avait
1688 1366 2737 1431 dit, un jour, que ce corps ressemblait aux écoliers
1692 1422 2741 1485 qui frondent dans les fossés de Paris, et se séparent
1683 1465 2740 1537 quand ils voient survenir les gens du lieutenant de
1688 1521 2735 1578 police, pour se rassembler de nouveau dès qu’il s’est
1685 1575 2740 1642 éloigné. Barillon, membre du parlement, lui répondit
1683 1615 2030 1684 par ce quatrain :
1997 1666 2323 1737 Un vent de fronde
1952 1725 2292 1778 A soufflé ce matin,
1985 1760 2365 1814 Je crois qu'il gronde
1950 1791 2299 1875 Contre le Mazarin.
1725 1852 2735 1927 Les Princes aussitôt acceptèrent la dénomination de
1676 1909 2736 1995 frondeurs, et prirent des cordons de chapeau qui
1659 1952 2288 2043 avaient la forme d'une fronde.
1936 2086 2021 2169 *
1811 2132 1866 2196 2
1183 3592 2054 3670 Paris. — Typ. Morris et comp., rue Amelot, 64.
