2822 3966
1611 105 1728 202 156
552 162 1618 270 devenir pour lui confectionner soi-même un mantelet
549 238 1615 325 ou un caraco. Grâce au concours de M. Herbillon,
548 310 1619 369 nous espérons former le goût et le talent de nos jeu¬
553 360 1612 419 nes amies et les amener peu à peu a confectionner
556 402 1618 477 elles-mêmes les divers objets de la toilette de leurs
560 457 1618 521 poupées. Les différents patrons que nous enverrons
548 510 1608 573 seront taillés pour une poupée de même proportion,
549 563 1615 619 cette poupée, que nous nommerons Lilie, recevra un
548 613 1612 672 trousseau complet, depuis le corset jusqu’aux cos¬
546 669 1616 743 tumes de bal les plus élégants, le tout marqué
546 721 1292 775 tantôt à son chiffre, tantôt a son nom.
592 771 1608 843 Pour commencer, aujourd’hui, nous donnons
540 807 1604 901 d’abord un patron de talma n° 46, lequel se fait en
538 874 1385 945 piqué blanc et se met sur toutes les robes.
572 933 1603 998 46, COL ALLANT AVEC LE TALMA et pouvant au besoin
522 978 1603 1043 se broder séparément comme col de lingerie; il serait
525 1037 1603 1094 alors accompagné de la manchette mousquetaire du
522 1077 1591 1162 n° 47 ; cette manchette se ferme avec de petits bou¬
530 1125 802 1194 tons doubles.
567 1179 1447 1252 47,MANCHETTE dont nous venons de parler.
567 1229 1600 1316 48, 49 et 50, DEVANT, PETIT CõTÉ ET nos d'une robe
530 1294 1588 1362 pour Lilie; cette robe, qui se fait en piqué à petits car¬
518 1355 1593 1421 reaux ou en nankin, doit être ornée de galons et de
525 1390 993 1459 franges de coton blanc.
561 1447 1585 1526 51, 52 et 53, BERTHE, BASQUE ET MANCHE de la robe,
518 1497 1593 1582 ornées comme elle de galons et de franges. L'une de
521 1551 1576 1643 nos prochaines gravures t’offrira le portrait de made¬
513 1595 809 1669 moiselle Lilie.
559 1641 1585 1731 54, TAPISSERIE PAR SIGNES, fond courant, pouvant
518 1700 1317 1776 servir pour voltaires, devant de feu, etc.
556 1756 1578 1831 55, R. D. C. enlacés avec couronne de baron, pour
510 1810 1577 1914 service de table ; la couronne au plumetis; le chiffre,
513 1868 1515 1938 plumetis, feston feuille de rose et œillets ou pois.
546 1921 1565 2007 56, P. R. C. enlacés avec couronne de baron,
506 1968 702 2044 plumetis.
549 2021 959 2103 57, R. F., plumetis.
549 2079 970 2164 58, G. N., plumetis.
544 2137 962 2210 59, V. N., plumetis.
552 2195 1054 2272 60, Félicité, plumetis fin.
540 2234 940 2325 61, Léontine, idem.
540 2305 962 2395 62, D. M., plumetis.
544 2379 1570 2457 63, CROQUIS D'UN BÉNITIER qui peut encore te servir
498 2440 1573 2536 pour un autel du mois de Marie, quoiqu'il ne doive
498 2485 962 2560 t'arriver que le 1er mai.
540 2540 1570 2617 Coupe, dans du carton un peu ferme, un morceau
494 2601 1562 2686 ayant la forme de ce modèle ; recouvre le dessus d'un
496 2651 1562 2739 morceau de moire ou, ce qui vaut mieux, de velours
496 2700 1554 2779 gros vert ou grenat; je n’ose dire bleu, couleur d cir¬
490 2758 1563 2831 constance, à cause de l'entourage vert. La moire ou le
490 2805 1562 2890 velours du dessus, étant collée, il faut aussi coller en
480 2847 1566 2932 dessous un papier moiré de couleur assortie, puis
475 2894 1561 2990 faire, avec de la laine mousse, une jarretière de douze
475 2959 1555 3042 mailles que l’on coupe par la moitié et dont l‘on
483 3008 1559 3086 entoure le bénitier. Dans cette bordure de mousse
480 3065 1555 3155 on sème un rang de petites pâquerettes ou autres
475 3111 1558 3209 fleurs mignonnes; ces fleurs pourront être en papier,
480 3165 1542 3254 en laine ou en étoffe ; si nous en avons dans nos car¬
477 3215 1550 3303 tons, ce sera une occasion de les utiliser. On terminera
483 3265 1561 3361 enfin ce bénitier en plaçant dans le milieu une petite
483 3329 1554 3410 croix en ivoire, en os ou en vieux chêne, et, dans le
480 3370 1554 3471 bas, une vraie coquille pour recevoir l'eau bénite; un
481 3419 1553 3531 petit anneau de rideau, cousu entre le velours et la
471 3489 1553 3577 mousse, servira à le suspendre. Celles de nos amies
479 3538 1550 3630 qui se sont adonnées aux fleurs en cuir pourraient
471 3590 1547 3714 remplacer la bordure de mousse par une légère guir¬
1697 195 2766 308 lande de liserons : la croix alors devrait de rigueur
1699 272 2704 352 être en vieux chêne et le velours, bleu de France.
1741 318 2760 406 64. PORTE-CIGARETTES EN CHENILLE ET –PERLES. Pro¬
1703 368 2756 473 cure-toi une carcasse dans la forme de notre modèle,
1708 419 2751 511 ou à peu près, composée de six larges feuilles poin¬
1703 469 2748 565 tues et recourbées; puis, ayant choisi trois nuances
1699 515 2750 625 de chenille, rouge, verte ou bleue, selon ton goût,
1695 586 2747 659 recouvre chacune des feuilles avec l'une de ces nuan¬
1697 638 2747 718 ces, en allant progressivement. Enfile un passe¬
1693 682 2751 770 lacet à l'un des bouts de la chenille dont tu vas te
1688 753 2751 829 servir, fixe l’autre bout au bas de la feuille, puis,
1687 790 2752 880 commence ton travail en passant alternativement
1687 841 2751 929 dessus et dessous les montants qui se font face ; tu
1684 890 2750 971 indiqueras ensuite la nervure de chaque feuille par
1691 947 2744 1036 un rang formé de 18 perles de cristal. Un petit feston,
1687 993 2748 1085 dont chaque dent contient six perles, termine le haut
1681 1050 2739 1136 de ton porte-cigarettes; le pied est complètement re¬
1684 1108 2746 1185 couvert par la chenille la plus claire, alternée avec
1678 1152 2754 1238 de la chenille noire, enroulées toutes les deux. Ce
1676 1205 2549 1281 petit ouvrage peut aussi servir de baguier.
1726 1261 2752 1342 65, CACHE-POT EN PAPIER. Etablis avec du carton
1669 1315 2747 1390 ferme la carcasse de ton cache-pot sur les dimensions
1669 1385 2751 1455 suivantes : Quinze centimètres de hauteur, vingt de
1669 1421 2739 1503 diamètre dans l’ovale du haut, et quinze dans celui du
1669 1461 2750 1545 bas; ferme ton carton à l'aide d'un point ou d' un peu
1670 1528 2748 1599 de gomme; garnis l'intérieur d’un papier vert, et
1670 1580 2740 1653 enfin occupe-toi de la décoration extérieure. Pour
1672 1634 2736 1700 cela, commence par prendre une feuille de papier an¬
1668 1689 2742 1756 glais, vert; découpe-la par bandes de quatre centimètres
1669 1734 2736 1819 de haut; place quatre de ces bandes l’une sur l‘autre,
1664 1793 2735 1862 et, avec des ciseaux très-fins, découpe-les jusqu’à la
1666 1830 2739 1916 hauteur de trois centimètres; plus ton découpage sera
1666 1895 2736 1967 fin, plus le travail sera joli. Détache ensuite ces
1668 1941 2725 2014 bandes avec grand soin, et recommence de même jus¬
1669 1988 2732 2075 qu'à ce que tu aies la quantité à peu près suffisante
1672 2050 2728 2125 pour recouvrir le cache-pot. Cette première opération
1657 2106 2728 2173 terminée, tu disposes toutes ces bandes découpées sur
1657 2156 2727 2236 le carton, ayant préalablement dessiné quatre médail¬
1654 2206 2732 2276 lons juste assez grands pour être remplis par une grosse
1651 2259 2724 2336 fleur, telle qu’un dalhia, une boule de neige, une rose
1651 2317 2717 2389 un peu forte, etc.; les bandes que tu colles en tour¬
1655 2372 2723 2440 nant autour des médaillons leur font un cadre de
1654 2418 2724 2483 gazon; tu places une bordure semblable dans le bas
1654 2462 1983 2533 et dans le haut.
1693 2526 2704 2589 66 et 67, CARCASSE ET MONTURE D'UNEtaB8ILLE des
1653 2571 2714 2643 tinée à recevoir les cartes de visite; crochet, per¬
1645 2614 2704 2708 les de verre et tapisserie; l’ovale a treize centimè¬
1651 2667 2713 2758 tres de long et huit de large dans le milieu; il est
1646 2740 2717 2805 composé d’un petit bouquet de fleurs en tapisserie
1641 2797 2717 2858 soie et laine, dont le fond est en perles blanches. Le
1651 2835 2710 2907 tour est un travail au crochet fait avec du coton
1645 2875 2714 2962 blanc et lamé argent. Monte 87 mailles chaînettes,
1637 2940 2706 3008 joins la première à la dernière, puis continue pen¬
1642 2996 2713 3067 dant trois rangs, en faisant trots mailles en l’air ou
1634 3046 2717 3115 chaînettes; alors glisse une perle (les perles auront
1634 3104 2708 3170 été préalablement enfilées dans le coton); cette perle
1641 3151 2712 3220 doit remplacer la maille double; pique ton crochet
1637 3207 2708 3277 dans la maille précédente, en laissant un intervalle
1638 3266 2710 3345 de deux mailles, puis trois chaînettes ou mailles en
1642 3304 2705 3379 l’air; glisse une perle et fais ainsi tes trois rangs.
1643 3368 2700 3441 Pour que la corbeille conserve sa forme évasée, tu de¬
1645 3422 2702 3484 vras faire les deux rangs suivants avec quatre mail¬
1634 3475 2710 3560 les chaînettes, en piquant toujours le crochet à deux
1628 3537 2704 3598 mailles de distance; puis les deux rangs suivants avec
1639 3576 2705 3653 cinq mailles chaînettes, et, enfin, les deux derniers
1638 3636 2693 3736 avec huit. Ceci terminé, tu auras une sorte de petite
