<?xml version="1.0" encoding="UTF-8" standalone="yes"?><PcGts xmlns="http://schema.primaresearch.org/PAGE/gts/pagecontent/2013-07-15"><Metadata><Creator>prov=READ-COOP:name=TrHtr:version=2.44.0:model_id=51170:date=14_06_2026_10:11</Creator><Created>2026-05-21T18:02:58.484133</Created><LastChange>2026-06-20T13:24:57.728+02:00</LastChange><TranskribusMetadata docId="14756063" pageId="115166806" pageNr="254" userId="187713" imgUrl="https://files.transkribus.eu/Get?fileType=view&amp;id=OEDHDBVBGMIAEFSYONOKVJVY" imageId="97254302"/></Metadata><Page imageFilename="20144531_254.jpg" imageWidth="2959" imageHeight="4075"><TextRegion id="tr_1779379407" custom="readingOrder {index:0;} structure {type:page-number;score:0.99;}"><Coords points="1627,121 1744,121 1744,191 1627,191"/><TextLine id="tr_1779379407_tl_1" custom="readingOrder {index:0;}"><Coords points="1629,190 1640,190 1659,204 1685,191 1690,195 1701,190 1708,193 1719,186 1741,190 1743,137 1724,138 1716,131 1705,138 1671,112 1656,115 1645,126 1631,127"/><Baseline points="1638,176 1656,176 1701,176 1746,173"/><TextEquiv><Unicode>232</Unicode></TextEquiv></TextLine><TextEquiv><Unicode></Unicode></TextEquiv></TextRegion><TextRegion id="tr_1779379403" custom="readingOrder {index:1;} structure {type:paragraph;score:0.99;}"><Coords points="519,180 1660,193 1661,1586 519,1586"/><TextLine id="tr_1779379403_tl_1" custom="readingOrder {index:0;}"><Coords points="557,260 1646,266 1645,213 556,201"/><Baseline points="564,241 609,238 653,235 698,238 743,238 788,241 832,238 877,241 922,241 967,244 1012,247 1056,247 1101,247 1146,250 1191,250 1235,256 1280,256 1325,256 1370,256 1415,256 1459,256 1504,256 1549,259 1594,256 1638,256 1650,256"/><TextEquiv><Unicode>dresse y ont élevé et réchauffé nos cœurs ! O chère</Unicode></TextEquiv></TextLine><TextLine id="tr_1779379403_tl_2" custom="readingOrder {index:1;}"><Coords points="564,312 1642,318 1631,266 563,255"/><Baseline points="570,295 614,295 659,292 704,292 749,295 794,295 838,295 883,298 928,298 973,298 1018,298 1062,301 1107,307 1152,307 1197,307 1241,310 1286,310 1331,310 1376,313 1421,310 1465,310 1510,310 1555,310 1600,307 1644,304"/><TextEquiv><Unicode>maison paternelle, déserte aujourd’hui! foyer où per¬</Unicode></TextEquiv></TextLine><TextLine id="tr_1779379403_tl_3" custom="readingOrder {index:2;}"><Coords points="560,362 1640,377 1614,321 560,316"/><Baseline points="567,343 611,346 656,346 701,349 746,349 791,349 835,349 880,352 925,352 970,355 1015,355 1059,358 1104,361 1149,364 1194,364 1238,364 1283,367 1328,364 1373,364 1418,364 1462,364 1507,364 1552,364 1597,361 1641,358"/><TextEquiv><Unicode>sonne de nous ne s’assiéra plus! asile d’une famille</Unicode></TextEquiv></TextLine><TextLine id="tr_1779379403_tl_4" custom="readingOrder {index:3;}"><Coords points="560,419 1638,424 1637,374 559,370"/><Baseline points="567,400 611,400 656,400 701,403 746,400 791,403 835,406 880,406 925,408 970,408 1015,414 1059,414 1104,417 1149,417 1194,417 1238,417 1283,417 1328,417 1373,417 1418,414 1462,414 1507,414 1552,414 1597,411 1641,408"/><TextEquiv><Unicode>dispersée, passé en d’autres mains, que je voudrais</Unicode></TextEquiv></TextLine><TextLine id="tr_1779379403_tl_5" custom="readingOrder {index:4;}"><Coords points="563,467 825,459 925,496 1638,471 1622,422 1139,449 563,419"/><Baseline points="570,453 614,456 659,453 704,456 749,459 794,459 838,459 883,462 928,462 973,468 1018,465 1062,468 1107,471 1152,471 1197,468 1241,468 1286,468 1331,468 1376,465 1421,465 1465,465 1510,462 1555,462 1600,462 1641,459"/><TextEquiv><Unicode>vous revoir et reposer une nuit encore sous ce toit</Unicode></TextEquiv></TextLine><TextLine id="tr_1779379403_tl_6" custom="readingOrder {index:5;}"><Coords points="566,525 1638,536 1638,470 566,485"/><Baseline points="573,507 617,510 662,510 707,513 752,516 797,516 841,519 886,519 931,522 976,522 1020,525 1065,522 1110,522 1155,522 1200,519 1244,519 1289,516 1334,516 1379,516 1424,513 1468,513 1513,513 1558,513 1603,513 1641,513"/><TextEquiv><Unicode>où j'ai vu se lever tant de jours sereins! Jamais !</Unicode></TextEquiv></TextLine><TextLine id="tr_1779379403_tl_7" custom="readingOrder {index:6;}"><Coords points="574,583 1519,587 1645,581 1646,538 575,530"/><Baseline points="582,567 626,567 671,567 716,567 761,570 806,573 850,573 895,576 940,576 985,576 1029,573 1074,570 1119,570 1164,570 1209,570 1253,570 1298,567 1343,567 1388,567 1432,567 1477,567 1522,567 1567,567 1612,567 1647,567"/><TextEquiv><Unicode>jamais plus! Mon pauvre père est mort; ma mère a</Unicode></TextEquiv></TextLine><TextLine id="tr_1779379403_tl_8" custom="readingOrder {index:7;}"><Coords points="566,633 1644,648 1644,593 1599,578 566,592"/><Baseline points="573,617 617,620 662,620 707,623 752,623 797,626 841,626 886,629 931,626 976,626 1020,626 1065,620 1110,620 1155,620 1200,620 1244,620 1289,617 1334,620 1379,620 1424,620 1468,617 1513,620 1558,620 1603,620 1647,623"/><TextEquiv><Unicode>dû quitter la maison chérie, trop grande désormais;</Unicode></TextEquiv></TextLine><TextLine id="tr_1779379403_tl_9" custom="readingOrder {index:8;}"><Coords points="566,691 1641,705 1641,648 1553,634 566,633"/><Baseline points="573,674 617,674 662,677 707,677 752,677 797,677 841,677 886,677 931,677 976,674 1020,674 1065,671 1110,668 1155,671 1200,671 1244,671 1289,671 1334,671 1379,671 1424,671 1468,671 1513,674 1558,677 1603,677 1644,674"/><TextEquiv><Unicode>elle habite seule une pauvre demeure où je voudrais</Unicode></TextEquiv></TextLine><TextLine id="tr_1779379403_tl_10" custom="readingOrder {index:9;}"><Coords points="563,736 1634,753 1634,702 1553,686 563,686"/><Baseline points="570,725 614,728 659,728 704,731 749,728 794,728 838,725 883,725 928,725 973,725 1018,722 1062,722 1107,722 1152,722 1197,722 1241,722 1286,725 1331,725 1376,728 1421,728 1465,728 1510,728 1555,731 1600,731 1638,728"/><TextEquiv><Unicode>être avec elle ; Léonide est mariée, et a suivi son</Unicode></TextEquiv></TextLine><TextLine id="tr_1779379403_tl_11" custom="readingOrder {index:10;}"><Coords points="570,797 1635,803 1634,758 568,742"/><Baseline points="576,782 609,782 653,782 698,782 743,779 788,779 832,779 877,776 922,776 967,773 1012,773 1056,773 1101,776 1146,776 1191,776 1235,779 1280,779 1325,779 1370,782 1415,782 1459,782 1504,782 1549,785 1594,782 1638,779"/><TextEquiv><Unicode>mari dans le bourg où le fixe sa profession de méde¬</Unicode></TextEquiv></TextLine><TextLine id="tr_1779379403_tl_12" custom="readingOrder {index:11;}"><Coords points="566,840 1605,857 1637,802 564,799"/><Baseline points="573,829 617,832 662,832 707,832 752,829 797,829 841,826 886,826 931,826 976,826 1020,826 1065,826 1110,826 1155,826 1200,829 1244,832 1289,832 1334,835 1379,835 1424,835 1468,835 1513,838 1558,838 1603,838 1641,838"/><TextEquiv><Unicode>cin, et moi, je suis venue à Paris, où l’on m’avait</Unicode></TextEquiv></TextLine><TextLine id="tr_1779379403_tl_13" custom="readingOrder {index:12;}"><Coords points="570,904 1624,913 1637,863 568,854"/><Baseline points="576,883 620,880 665,880 710,880 755,880 800,877 844,877 889,877 934,877 979,877 1023,880 1068,880 1113,880 1158,883 1203,886 1247,886 1292,889 1337,889 1382,892 1426,892 1471,889 1516,892 1561,892 1606,892 1641,892"/><TextEquiv><Unicode>trouvé une place de sous-maîtresse : j’ai quitté ma</Unicode></TextEquiv></TextLine><TextLine id="tr_1779379403_tl_14" custom="readingOrder {index:13;}"><Coords points="556,958 1640,963 1638,910 1564,902 556,900"/><Baseline points="564,934 609,931 653,931 698,931 743,928 788,931 832,934 877,931 922,931 967,934 1012,931 1056,934 1101,937 1146,937 1191,940 1235,943 1280,943 1325,943 1370,946 1415,946 1459,946 1504,946 1549,946 1594,946 1638,943 1641,943"/><TextEquiv><Unicode>mère, je suis chez des étrangers, parce qu'il faut</Unicode></TextEquiv></TextLine><TextLine id="tr_1779379403_tl_15" custom="readingOrder {index:14;}"><Coords points="562,1007 1634,1012 1633,978 560,952"/><Baseline points="567,985 611,985 656,982 701,982 746,982 791,982 835,982 880,982 925,988 970,988 1015,991 1059,991 1104,991 1149,994 1194,994 1238,997 1283,997 1328,997 1373,997 1418,997 1462,1000 1507,1000 1552,1000 1597,1000 1638,1000"/><TextEquiv><Unicode>vivre ! Oh! le triste mot et la dure destinée !... En¬</Unicode></TextEquiv></TextLine><TextLine id="tr_1779379403_tl_16" custom="readingOrder {index:15;}"><Coords points="556,1047 1640,1077 1638,1027 1567,1012 555,1008"/><Baseline points="564,1038 609,1038 653,1035 698,1035 743,1032 788,1038 832,1038 877,1041 922,1041 967,1044 1012,1044 1056,1044 1101,1044 1146,1047 1191,1047 1235,1050 1280,1050 1325,1050 1370,1050 1415,1053 1459,1053 1504,1053 1549,1053 1594,1053 1638,1056 1641,1056"/><TextEquiv><Unicode>core si je subissais seule mon isolement ! mais non,</Unicode></TextEquiv></TextLine><TextLine id="tr_1779379403_tl_17" custom="readingOrder {index:16;}"><Coords points="566,1119 1627,1123 1638,1077 564,1057"/><Baseline points="573,1089 617,1089 662,1092 707,1089 752,1095 797,1092 841,1095 886,1095 931,1098 976,1095 1020,1098 1065,1101 1110,1101 1155,1101 1200,1101 1244,1104 1289,1104 1334,1104 1379,1104 1424,1104 1468,1104 1513,1104 1558,1104 1603,1107 1641,1107"/><TextEquiv><Unicode>privée d’amitié, de sympathie, plus seule de cœur</Unicode></TextEquiv></TextLine><TextLine id="tr_1779379403_tl_18" custom="readingOrder {index:17;}"><Coords points="566,1164 1638,1178 1627,1118 566,1118"/><Baseline points="573,1143 617,1143 662,1140 707,1146 752,1146 797,1146 841,1149 886,1152 931,1152 976,1152 1020,1152 1065,1155 1110,1155 1155,1155 1200,1158 1244,1158 1289,1158 1334,1158 1379,1161 1424,1158 1468,1158 1513,1158 1558,1155 1603,1158 1641,1158"/><TextEquiv><Unicode>que je ne le serais au fond d’un bois, je ne puis goû¬</Unicode></TextEquiv></TextLine><TextLine id="tr_1779379403_tl_19" custom="readingOrder {index:18;}"><Coords points="564,1212 1635,1234 1634,1182 563,1163"/><Baseline points="570,1197 614,1197 659,1197 704,1200 749,1200 794,1203 838,1203 883,1206 928,1206 973,1206 1018,1206 1062,1206 1107,1206 1152,1209 1197,1209 1241,1212 1286,1212 1331,1212 1376,1212 1421,1215 1465,1215 1510,1215 1555,1215 1600,1215 1638,1215"/><TextEquiv><Unicode>ter la solitude... Elles sont toujours là ces enfants</Unicode></TextEquiv></TextLine><TextLine id="tr_1779379403_tl_20" custom="readingOrder {index:19;}"><Coords points="560,1262 1634,1277 1600,1224 1504,1253 1359,1219 560,1215"/><Baseline points="567,1250 611,1247 656,1250 701,1250 746,1253 791,1256 835,1256 880,1256 925,1259 970,1259 1015,1259 1059,1259 1104,1259 1149,1262 1194,1265 1238,1265 1283,1265 1328,1265 1373,1268 1418,1268 1462,1268 1507,1268 1552,1268 1597,1268 1638,1268"/><TextEquiv><Unicode>légères et rieuses... elles épient mes larmes... et le</Unicode></TextEquiv></TextLine><TextLine id="tr_1779379403_tl_21" custom="readingOrder {index:20;}"><Coords points="556,1324 1640,1331 1638,1276 556,1275"/><Baseline points="564,1298 609,1307 653,1307 698,1307 743,1307 788,1310 832,1310 877,1310 922,1313 967,1313 1012,1313 1056,1316 1101,1316 1146,1316 1191,1319 1235,1319 1280,1322 1325,1322 1370,1322 1415,1322 1459,1322 1504,1322 1549,1322 1594,1325 1638,1322 1641,1322"/><TextEquiv><Unicode>sommeil même n'est plus un repos, puisqu'il faut</Unicode></TextEquiv></TextLine><TextLine id="tr_1779379403_tl_22" custom="readingOrder {index:21;}"><Coords points="564,1372 1436,1402 1638,1381 1637,1333 563,1325"/><Baseline points="570,1361 614,1358 659,1361 704,1364 749,1364 794,1364 838,1364 883,1364 928,1364 973,1367 1018,1370 1062,1370 1107,1370 1152,1373 1197,1373 1241,1373 1286,1373 1331,1373 1376,1373 1421,1373 1465,1376 1510,1376 1555,1376 1600,1379 1641,1376"/><TextEquiv><Unicode>dormir au milieu d'elles. Oh! une heure de paix, de li¬</Unicode></TextEquiv></TextLine><TextLine id="tr_1779379403_tl_23" custom="readingOrder {index:22;}"><Coords points="557,1432 1642,1439 1609,1388 556,1374"/><Baseline points="564,1415 609,1415 653,1415 698,1418 743,1418 788,1418 832,1421 877,1418 922,1418 967,1418 1012,1421 1056,1424 1101,1424 1146,1424 1191,1426 1235,1426 1280,1426 1325,1426 1370,1426 1415,1429 1459,1429 1504,1429 1549,1432 1594,1429 1638,1432 1644,1432"/><TextEquiv><Unicode>berté, de solitude ! Un mot d'affection, un baiser de</Unicode></TextEquiv></TextLine><TextLine id="tr_1779379403_tl_24" custom="readingOrder {index:23;}"><Coords points="563,1485 1638,1495 1612,1441 563,1429"/><Baseline points="570,1468 614,1468 659,1471 704,1471 749,1471 794,1474 838,1474 883,1474 928,1477 973,1477 1018,1477 1062,1477 1107,1477 1152,1477 1197,1480 1241,1477 1286,1483 1331,1483 1376,1483 1421,1483 1465,1480 1510,1483 1555,1483 1600,1486 1641,1483"/><TextEquiv><Unicode>ma mère et de ma sœur, serait-ce assez payer ces</Unicode></TextEquiv></TextLine><TextLine id="tr_1779379403_tl_25" custom="readingOrder {index:24;}"><Coords points="562,1552 1601,1556 1600,1506 560,1480"/><Baseline points="567,1522 611,1522 656,1522 701,1525 746,1525 791,1525 835,1525 880,1525 925,1528 970,1528 1015,1525 1059,1525 1104,1528 1149,1531 1194,1531 1238,1534 1283,1534 1328,1534 1373,1534 1418,1537 1462,1534 1507,1537 1552,1540 1597,1540 1603,1540"/><TextEquiv><Unicode>biens que de les acheter par des années de vie?...</Unicode></TextEquiv></TextLine><TextEquiv><Unicode></Unicode></TextEquiv></TextRegion><TextRegion id="tr_1779379408" custom="readingOrder {index:2;} structure {type:heading;score:0.99;}"><Coords points="1201,1622 1498,1622 1498,1694 1201,1694"/><TextLine id="tr_1779379408_tl_1" custom="readingOrder {index:0;}"><Coords points="1250,1715 1273,1715 1299,1696 1312,1700 1353,1683 1379,1702 1413,1685 1429,1696 1459,1691 1478,1700 1481,1663 1463,1664 1406,1630 1342,1640 1318,1629 1305,1640 1273,1620 1247,1626"/><Baseline points="1256,1671 1301,1674 1346,1677 1391,1677 1435,1680 1480,1680 1486,1680"/><TextEquiv><Unicode>Mardi, 18...</Unicode></TextEquiv></TextLine><TextEquiv><Unicode></Unicode></TextEquiv></TextRegion><TextRegion id="tr_1779379401" custom="readingOrder {index:3;} structure {type:paragraph;score:0.99;}"><Coords points="514,1686 1672,1698 1646,2723 518,2723"/><TextLine id="tr_1779379401_tl_1" custom="readingOrder {index:0;}"><Coords points="601,1754 1635,1773 1593,1705 600,1700"/><Baseline points="609,1740 653,1740 698,1740 743,1740 788,1740 832,1740 877,1743 922,1743 967,1743 1012,1743 1056,1743 1101,1746 1146,1746 1191,1749 1235,1749 1280,1749 1325,1752 1370,1752 1415,1755 1459,1755 1504,1755 1549,1755 1594,1755 1638,1755"/><TextEquiv><Unicode>J’ai relu ce que j’ait écrit l’autre jour au milieu de</Unicode></TextEquiv></TextLine><TextLine id="tr_1779379401_tl_2" custom="readingOrder {index:1;}"><Coords points="555,1805 1633,1821 1631,1779 1544,1765 553,1761"/><Baseline points="561,1788 606,1788 650,1791 695,1794 740,1794 785,1794 829,1791 874,1794 919,1791 964,1794 1009,1794 1053,1797 1098,1797 1143,1800 1188,1803 1232,1803 1277,1800 1322,1803 1367,1806 1412,1806 1456,1806 1501,1809 1546,1809 1591,1809 1635,1809 1638,1806"/><TextEquiv><Unicode>mes larmes et de ma tristesse, et j’en suis mécon¬</Unicode></TextEquiv></TextLine><TextLine id="tr_1779379401_tl_3" custom="readingOrder {index:2;}"><Coords points="553,1853 1640,1883 1616,1828 1484,1814 553,1803"/><Baseline points="561,1841 606,1844 650,1844 695,1844 740,1841 785,1844 829,1844 874,1847 919,1847 964,1847 1009,1847 1053,1847 1098,1850 1143,1850 1188,1853 1232,1853 1277,1856 1322,1856 1367,1859 1412,1859 1456,1859 1501,1859 1546,1862 1591,1862 1635,1865 1641,1868"/><TextEquiv><Unicode>tente. Il y a de l'orgueil et de l’impatience là-dedans,</Unicode></TextEquiv></TextLine><TextLine id="tr_1779379401_tl_4" custom="readingOrder {index:3;}"><Coords points="553,1909 1644,1924 1642,1885 1532,1873 552,1853"/><Baseline points="561,1895 606,1895 650,1895 695,1895 740,1895 785,1895 829,1895 874,1898 919,1901 964,1901 1009,1901 1053,1904 1098,1904 1143,1904 1188,1907 1232,1907 1277,1910 1322,1910 1367,1910 1412,1913 1456,1913 1501,1913 1546,1916 1591,1919 1635,1919 1647,1919"/><TextEquiv><Unicode>de la faiblesse, par conséquent... Je suis seule, je</Unicode></TextEquiv></TextLine><TextLine id="tr_1779379401_tl_5" custom="readingOrder {index:4;}"><Coords points="555,1963 1640,1982 1609,1931 553,1914"/><Baseline points="561,1949 606,1949 650,1949 695,1952 740,1952 785,1952 829,1955 874,1955 919,1952 964,1955 1009,1955 1053,1955 1098,1955 1143,1958 1188,1958 1232,1961 1277,1964 1322,1964 1367,1964 1412,1964 1456,1967 1501,1967 1546,1970 1591,1970 1635,1973 1641,1976"/><TextEquiv><Unicode>suis pauvre et je dois travailler, Dieu le veut ainsi;</Unicode></TextEquiv></TextLine><TextLine id="tr_1779379401_tl_6" custom="readingOrder {index:5;}"><Coords points="556,2033 1642,2034 1641,1981 555,1978"/><Baseline points="564,2003 609,2003 653,2003 698,2006 743,2003 788,2003 832,2006 877,2006 922,2009 967,2009 1012,2009 1056,2006 1101,2012 1146,2012 1191,2015 1235,2015 1280,2015 1325,2015 1370,2018 1415,2021 1459,2021 1504,2021 1549,2021 1594,2024 1638,2024 1644,2024"/><TextEquiv><Unicode>et pourquoi pas? d'autres créatures qui valent mieux</Unicode></TextEquiv></TextLine><TextLine id="tr_1779379401_tl_7" custom="readingOrder {index:6;}"><Coords points="566,2084 1640,2085 1638,2041 1518,2030 564,2023"/><Baseline points="573,2056 617,2056 662,2059 707,2056 752,2056 797,2059 841,2059 886,2059 931,2062 976,2059 1020,2062 1065,2062 1110,2065 1155,2065 1200,2068 1244,2068 1289,2068 1334,2071 1379,2074 1424,2074 1468,2074 1513,2077 1558,2074 1603,2077 1641,2077"/><TextEquiv><Unicode>que moi n'ont-elles pas une pire destinée? Allons!</Unicode></TextEquiv></TextLine><TextLine id="tr_1779379401_tl_8" custom="readingOrder {index:7;}"><Coords points="553,2118 1640,2155 1638,2085 553,2090"/><Baseline points="561,2110 606,2110 650,2113 695,2110 740,2110 785,2113 829,2110 874,2113 919,2113 964,2113 1009,2116 1053,2119 1098,2113 1143,2119 1188,2119 1232,2122 1277,2122 1322,2125 1367,2125 1412,2125 1456,2128 1501,2128 1546,2128 1591,2128 1635,2128 1641,2128"/><TextEquiv><Unicode>sachons nous faire à notre vie! Je voudrais pouvoir</Unicode></TextEquiv></TextLine><TextLine id="tr_1779379401_tl_9" custom="readingOrder {index:8;}"><Coords points="553,2186 1633,2187 1631,2152 1508,2140 553,2142"/><Baseline points="561,2164 606,2164 650,2164 695,2164 740,2161 785,2164 829,2167 874,2167 919,2167 964,2167 1009,2170 1053,2170 1098,2173 1143,2173 1188,2173 1232,2173 1277,2176 1322,2176 1367,2179 1412,2179 1456,2182 1501,2182 1546,2182 1591,2182 1635,2179 1638,2176"/><TextEquiv><Unicode>aimer ces enfants qui m’entourent et ne plus les re¬</Unicode></TextEquiv></TextLine><TextLine id="tr_1779379401_tl_10" custom="readingOrder {index:9;}"><Coords points="557,2235 1638,2250 1637,2200 556,2186"/><Baseline points="564,2212 609,2218 653,2215 698,2215 743,2218 788,2218 832,2218 877,2218 922,2218 967,2221 1012,2224 1056,2224 1101,2224 1146,2224 1191,2224 1235,2227 1280,2230 1325,2230 1370,2233 1415,2233 1459,2236 1504,2233 1549,2236 1594,2236 1638,2239 1641,2239"/><TextEquiv><Unicode>garder d’un œil hostile; elles sont jolies, elles son</Unicode></TextEquiv></TextLine><TextLine id="tr_1779379401_tl_11" custom="readingOrder {index:10;}"><Coords points="560,2291 1629,2306 1619,2253 559,2235"/><Baseline points="567,2265 611,2268 656,2268 701,2265 746,2268 791,2271 835,2268 880,2271 925,2274 970,2274 1015,2274 1059,2274 1104,2277 1149,2280 1194,2280 1238,2280 1283,2283 1328,2283 1373,2283 1418,2286 1462,2286 1507,2289 1552,2289 1597,2292 1632,2292"/><TextEquiv><Unicode>bonnes, sans doute; diamants! dans la gangue,</Unicode></TextEquiv></TextLine><TextLine id="tr_1779379401_tl_12" custom="readingOrder {index:11;}"><Coords points="566,2340 1616,2364 1631,2310 564,2295"/><Baseline points="573,2322 617,2325 662,2325 707,2322 752,2325 797,2325 841,2325 886,2328 931,2328 976,2328 1020,2328 1065,2328 1110,2331 1155,2331 1200,2334 1244,2334 1289,2337 1334,2337 1379,2337 1424,2340 1468,2340 1513,2343 1558,2343 1603,2343 1635,2343"/><TextEquiv><Unicode>qu'une main habile saurait polir... Peut-être, à force</Unicode></TextEquiv></TextLine><TextLine id="tr_1779379401_tl_13" custom="readingOrder {index:12;}"><Coords points="562,2405 1597,2420 1633,2357 560,2346"/><Baseline points="567,2376 611,2373 656,2376 701,2379 746,2379 791,2379 835,2379 880,2382 925,2382 970,2382 1015,2385 1059,2385 1104,2385 1149,2388 1194,2388 1238,2391 1283,2391 1328,2391 1373,2394 1418,2394 1462,2394 1507,2394 1552,2397 1597,2394 1638,2397"/><TextEquiv><Unicode>de soins, de</Unicode></TextEquiv></TextLine><TextLine id="tr_1779379401_tl_14" custom="readingOrder {index:13;}"><Coords points="556,2444 1635,2462 1634,2411 556,2402"/><Baseline points="564,2430 609,2430 653,2430 698,2433 743,2433 788,2433 832,2433 877,2433 922,2436 967,2436 1012,2439 1056,2439 1101,2442 1146,2442 1191,2442 1235,2442 1280,2442 1325,2445 1370,2447 1415,2447 1459,2447 1504,2447 1549,2447 1594,2450 1638,2447"/><TextEquiv><Unicode>un jour à leur faire du bien : c'est là ma tâche ici¬</Unicode></TextEquiv></TextLine><TextLine id="tr_1779379401_tl_15" custom="readingOrder {index:14;}"><Coords points="553,2492 1640,2521 1596,2461 552,2444"/><Baseline points="561,2483 606,2486 650,2483 695,2486 740,2486 785,2489 829,2489 874,2489 919,2489 964,2489 1009,2489 1053,2492 1098,2492 1143,2492 1188,2495 1232,2495 1277,2498 1322,2501 1367,2501 1412,2501 1456,2501 1501,2504 1546,2504 1591,2504 1635,2504 1641,2507"/><TextEquiv><Unicode>bas, pourquoi en rougir? Elever des enfants pour Dieu</Unicode></TextEquiv></TextLine><TextLine id="tr_1779379401_tl_16" custom="readingOrder {index:15;}"><Coords points="553,2556 1619,2574 1638,2522 552,2506"/><Baseline points="561,2537 606,2540 650,2540 695,2540 740,2540 785,2543 829,2543 874,2543 919,2543 964,2546 1009,2549 1053,2549 1098,2549 1143,2549 1188,2549 1232,2552 1277,2552 1322,2555 1367,2555 1412,2555 1456,2555 1501,2555 1546,2558 1591,2558 1635,2561 1641,2561"/><TextEquiv><Unicode>et pour la famille, et, par un travail assidu, dorer</Unicode></TextEquiv></TextLine><TextLine id="tr_1779379401_tl_17" custom="readingOrder {index:16;}"><Coords points="553,2615 1623,2637 1634,2578 552,2556"/><Baseline points="561,2591 606,2594 650,2594 695,2594 740,2594 785,2597 829,2597 874,2597 919,2597 964,2600 1009,2600 1053,2603 1098,2600 1143,2603 1188,2603 1232,2606 1277,2606 1322,2609 1367,2609 1412,2609 1456,2612 1501,2612 1546,2612 1591,2612 1635,2615 1638,2615"/><TextEquiv><Unicode>de quelque aisance la vieillesse de ma mère, n’est-ce</Unicode></TextEquiv></TextLine><TextLine id="tr_1779379401_tl_18" custom="readingOrder {index:17;}"><Coords points="563,2674 1441,2679 1440,2629 1389,2620 562,2612"/><Baseline points="570,2645 614,2648 659,2648 704,2650 749,2650 794,2648 838,2650 883,2650 928,2653 973,2653 1018,2653 1062,2656 1107,2656 1152,2659 1197,2659 1241,2659 1286,2659 1331,2662 1376,2662 1421,2662 1444,2662"/><TextEquiv><Unicode>pas un noble but à ma vie ? courage, Julie!</Unicode></TextEquiv></TextLine><TextEquiv><Unicode></Unicode></TextEquiv></TextRegion><TextRegion id="tr_1779379406" custom="readingOrder {index:4;} structure {type:heading;score:0.99;}"><Coords points="1157,2739 1458,2739 1458,2809 1157,2809"/><TextLine id="tr_1779379406_tl_1" custom="readingOrder {index:0;}"><Coords points="1202,2817 1265,2813 1287,2823 1354,2808 1384,2820 1407,2802 1461,2802 1458,2767 1436,2775 1413,2761 1366,2763 1267,2708 1198,2722"/><Baseline points="1209,2782 1253,2788 1298,2791 1343,2791 1388,2794 1432,2794 1462,2794"/><TextEquiv><Unicode>Samedi, 18...</Unicode></TextEquiv></TextLine><TextEquiv><Unicode></Unicode></TextEquiv></TextRegion><TextRegion id="tr_1779379402" custom="readingOrder {index:5;} structure {type:paragraph;score:0.99;}"><Coords points="510,2804 1658,2813 1653,3776 510,3776"/><TextLine id="tr_1779379402_tl_1" custom="readingOrder {index:0;}"><Coords points="598,2861 1634,2879 1633,2838 1451,2804 1290,2840 597,2808"/><Baseline points="606,2845 650,2845 695,2845 740,2848 785,2848 829,2848 874,2851 919,2851 964,2853 1009,2853 1053,2856 1098,2856 1143,2859 1188,2862 1232,2865 1277,2862 1322,2865 1367,2865 1412,2868 1456,2868 1501,2868 1546,2871 1591,2871 1635,2868 1638,2868"/><TextEquiv><Unicode>Non, elles ne sont pas bonnes, ces enfants ! Les</Unicode></TextEquiv></TextLine><TextLine id="tr_1779379402_tl_2" custom="readingOrder {index:1;}"><Coords points="557,2932 713,2898 1440,2948 1629,2935 1637,2876 555,2872"/><Baseline points="564,2901 609,2901 653,2898 698,2898 743,2898 788,2898 832,2901 877,2904 922,2904 967,2904 1012,2907 1056,2910 1101,2910 1146,2910 1191,2916 1235,2916 1280,2919 1325,2919 1370,2922 1415,2922 1459,2922 1504,2925 1549,2922 1594,2925 1638,2922 1641,2922"/><TextEquiv><Unicode>petites filles sont gentilles et gracieuses, mais les</Unicode></TextEquiv></TextLine><TextLine id="tr_1779379402_tl_3" custom="readingOrder {index:2;}"><Coords points="555,2981 1635,2995 1634,2961 553,2932"/><Baseline points="561,2955 606,2955 650,2955 695,2952 740,2952 785,2955 829,2955 874,2958 919,2958 964,2961 1009,2961 1053,2961 1098,2964 1143,2961 1188,2967 1232,2970 1277,2970 1322,2973 1367,2973 1412,2973 1456,2976 1501,2976 1546,2976 1591,2979 1635,2976 1638,2976"/><TextEquiv><Unicode>grandes sont remplies d'une vanité qui les rend im¬</Unicode></TextEquiv></TextLine><TextLine id="tr_1779379402_tl_4" custom="readingOrder {index:3;}"><Coords points="566,3029 1629,3047 1627,2996 1547,2985 566,2984"/><Baseline points="573,3006 617,3003 662,3009 707,3009 752,3006 797,3006 841,3009 886,3012 931,3012 976,3015 1020,3012 1065,3015 1110,3018 1155,3018 1200,3021 1244,3018 1289,3024 1334,3024 1379,3027 1424,3030 1468,3030 1513,3030 1558,3030 1603,3030 1632,3027"/><TextEquiv><Unicode>pertinentes et dures... Ce matin, je n’avais pu obte¬</Unicode></TextEquiv></TextLine><TextLine id="tr_1779379402_tl_5" custom="readingOrder {index:4;}"><Coords points="545,3077 1525,3101 1638,3096 1638,3041 544,3037"/><Baseline points="552,3062 597,3062 641,3062 686,3062 731,3062 776,3065 820,3065 865,3065 910,3065 955,3062 1000,3068 1044,3068 1089,3068 1134,3068 1179,3071 1223,3074 1268,3074 1313,3074 1358,3077 1403,3080 1447,3077 1492,3080 1537,3080 1582,3080 1627,3083 1641,3083"/><TextEquiv><Unicode>nir un instant de silence ni d'attention; toute la</Unicode></TextEquiv></TextLine><TextLine id="tr_1779379402_tl_6" custom="readingOrder {index:5;}"><Coords points="551,3140 1627,3166 1642,3097 549,3086"/><Baseline points="558,3119 603,3119 647,3116 692,3119 737,3122 782,3122 826,3119 871,3119 916,3119 961,3122 1006,3122 1050,3122 1095,3122 1140,3125 1185,3125 1229,3128 1274,3128 1319,3128 1364,3128 1409,3131 1453,3134 1498,3134 1543,3134 1588,3134 1632,3134 1644,3134"/><TextEquiv><Unicode>classe semblait en révolte, et le tumulte était excité</Unicode></TextEquiv></TextLine><TextLine id="tr_1779379402_tl_7" custom="readingOrder {index:6;}"><Coords points="553,3197 1596,3209 1629,3160 552,3141"/><Baseline points="561,3173 606,3173 650,3173 695,3176 740,3176 785,3173 829,3176 874,3176 919,3176 964,3176 1009,3179 1053,3179 1098,3179 1143,3182 1188,3182 1232,3182 1277,3185 1322,3185 1367,3185 1412,3185 1456,3188 1501,3188 1546,3188 1591,3191 1632,3188"/><TextEquiv><Unicode>par deux grandes élèves, Blanche et Natalie... Blan¬</Unicode></TextEquiv></TextLine><TextLine id="tr_1779379402_tl_8" custom="readingOrder {index:7;}"><Coords points="549,3239 1614,3260 1633,3205 548,3196"/><Baseline points="555,3227 600,3227 644,3230 689,3230 734,3230 779,3233 823,3230 868,3233 913,3233 958,3233 1003,3236 1047,3236 1092,3236 1137,3236 1182,3239 1226,3239 1271,3239 1316,3236 1361,3242 1406,3242 1450,3242 1495,3245 1540,3245 1585,3245 1630,3245 1638,3242"/><TextEquiv><Unicode>che est la fille d’un riche négociant, elle a tous les</Unicode></TextEquiv></TextLine><TextLine id="tr_1779379402_tl_9" custom="readingOrder {index:8;}"><Coords points="537,3304 1631,3317 1630,3256 536,3264"/><Baseline points="543,3289 588,3280 632,3286 677,3283 722,3286 767,3286 812,3286 856,3286 901,3286 946,3289 991,3289 1035,3289 1080,3292 1125,3292 1170,3292 1215,3295 1259,3295 1304,3295 1349,3295 1394,3295 1438,3298 1483,3298 1528,3298 1573,3298 1618,3295 1635,3298"/><TextEquiv><Unicode>grands airs que peut donner la fortune, et elle mé¬</Unicode></TextEquiv></TextLine><TextLine id="tr_1779379402_tl_10" custom="readingOrder {index:9;}"><Coords points="542,3356 1634,3365 1633,3323 1540,3306 541,3304"/><Baseline points="549,3322 594,3337 638,3334 683,3340 728,3340 773,3343 817,3343 862,3343 907,3343 952,3346 997,3346 1041,3346 1086,3349 1131,3349 1176,3349 1221,3349 1265,3352 1310,3352 1355,3352 1400,3352 1444,3352 1489,3355 1534,3355 1579,3355 1624,3355 1638,3352"/><TextEquiv><Unicode>prise profondément ceux qui n'ont pas le droit de se</Unicode></TextEquiv></TextLine><TextLine id="tr_1779379402_tl_11" custom="readingOrder {index:10;}"><Coords points="548,3412 1558,3436 1627,3420 1627,3380 546,3357"/><Baseline points="555,3397 597,3388 641,3391 686,3394 731,3397 776,3397 820,3400 865,3400 910,3403 955,3403 1000,3400 1044,3403 1089,3403 1134,3403 1179,3406 1223,3406 1268,3406 1313,3409 1358,3409 1403,3409 1447,3409 1492,3412 1537,3409 1582,3412 1627,3412 1630,3412"/><TextEquiv><Unicode>jucher sur des sacs d’écus pour juger le genre hu¬</Unicode></TextEquiv></TextLine><TextLine id="tr_1779379402_tl_12" custom="readingOrder {index:11;}"><Coords points="549,3450 1627,3473 1626,3422 548,3412"/><Baseline points="555,3439 600,3442 644,3445 689,3448 734,3451 779,3454 823,3454 868,3457 913,3457 958,3457 1003,3460 1047,3460 1092,3463 1137,3460 1182,3463 1226,3463 1271,3465 1316,3465 1361,3465 1406,3465 1450,3465 1495,3465 1540,3465 1585,3468 1630,3468 1632,3465"/><TextEquiv><Unicode>main ; Natalie n’est pas riche, mais son esprit, sa fa¬</Unicode></TextEquiv></TextLine><TextLine id="tr_1779379402_tl_13" custom="readingOrder {index:12;}"><Coords points="551,3500 1634,3536 1633,3483 549,3455"/><Baseline points="558,3486 603,3495 647,3498 692,3501 737,3504 782,3507 826,3510 871,3510 916,3513 961,3513 1006,3513 1050,3516 1095,3516 1140,3519 1185,3522 1229,3522 1274,3522 1319,3522 1364,3522 1409,3522 1453,3522 1498,3522 1543,3519 1588,3525 1632,3522 1638,3525"/><TextEquiv><Unicode>cilité, en ont fait un des gros bonnets de la classe; elle</Unicode></TextEquiv></TextLine><TextLine id="tr_1779379402_tl_14" custom="readingOrder {index:13;}"><Coords points="548,3567 1631,3582 1630,3539 546,3517"/><Baseline points="555,3543 600,3546 644,3549 689,3552 734,3555 779,3561 823,3564 868,3564 913,3567 958,3570 1003,3570 1047,3573 1092,3573 1137,3576 1182,3576 1226,3576 1271,3579 1316,3579 1361,3579 1406,3579 1450,3579 1495,3576 1540,3576 1585,3579 1630,3576 1635,3576"/><TextEquiv><Unicode>mène les autres, et ce matin elle les menait à l'in¬</Unicode></TextEquiv></TextLine><TextLine id="tr_1779379402_tl_15" custom="readingOrder {index:14;}"><Coords points="548,3619 1634,3642 1633,3599 546,3567"/><Baseline points="555,3600 600,3603 644,3603 689,3606 734,3606 779,3609 823,3615 868,3618 913,3621 958,3624 1003,3627 1047,3627 1092,3630 1137,3630 1182,3633 1226,3633 1271,3633 1316,3633 1361,3633 1406,3636 1450,3636 1495,3636 1540,3636 1585,3636 1630,3633 1638,3633"/><TextEquiv><Unicode>discipline la plus complète. Je ne pouvais me faire</Unicode></TextEquiv></TextLine><TextLine id="tr_1779379402_tl_16" custom="readingOrder {index:15;}"><Coords points="546,3679 1633,3700 1604,3647 544,3615"/><Baseline points="552,3660 597,3657 641,3660 686,3660 731,3663 776,3666 820,3668 865,3671 910,3674 955,3677 1000,3677 1044,3680 1089,3683 1134,3686 1179,3686 1223,3686 1268,3689 1313,3689 1358,3692 1403,3689 1447,3692 1492,3692 1537,3692 1582,3689 1627,3686 1635,3689"/><TextEquiv><Unicode>obéir, quand madame Delacroix est entrée. Sa pré¬</Unicode></TextEquiv></TextLine><TextLine id="tr_1779379402_tl_17" custom="readingOrder {index:16;}"><Coords points="536,3737 1630,3768 1627,3704 534,3681"/><Baseline points="543,3716 588,3713 632,3716 677,3716 722,3719 767,3719 812,3719 856,3722 901,3725 946,3728 991,3731 1035,3734 1080,3737 1125,3740 1170,3743 1215,3746 1259,3746 1304,3746 1349,3749 1394,3749 1438,3749 1483,3752 1528,3749 1573,3749 1618,3752 1632,3749"/><TextEquiv><Unicode>sence a imposé silence aux plus mutines, et elle m’a</Unicode></TextEquiv></TextLine><TextEquiv><Unicode></Unicode></TextEquiv></TextRegion><TextRegion id="tr_1779379400" custom="readingOrder {index:6;} structure {type:paragraph;score:0.99;}"><Coords points="1710,201 2856,198 2856,2266 1694,2266"/><TextLine id="tr_1779379400_tl_1" custom="readingOrder {index:0;}"><Coords points="1737,283 2816,284 2789,198 2600,236 2480,191 2299,227 1735,202"/><Baseline points="1743,259 1788,256 1833,256 1877,253 1922,253 1967,253 2012,253 2056,250 2101,247 2146,250 2191,250 2236,250 2280,250 2325,250 2370,250 2415,253 2459,253 2504,256 2549,259 2594,259 2639,262 2683,265 2728,265 2773,268 2818,271 2821,268"/><TextEquiv><Unicode>priée de continuer la leçon. C'était une leç on de</Unicode></TextEquiv></TextLine><TextLine id="tr_1779379400_tl_2" custom="readingOrder {index:1;}"><Coords points="1735,331 2809,335 2808,287 2206,258 1734,286"/><Baseline points="1743,313 1788,310 1833,310 1877,307 1922,307 1967,304 2012,304 2056,304 2101,304 2146,301 2191,304 2236,304 2280,304 2325,304 2370,304 2415,307 2459,307 2504,310 2549,310 2594,310 2639,313 2683,316 2728,319 2773,325 2812,325"/><TextEquiv><Unicode>grammaire. Je l’avais préparée avec soin, je savais ce</Unicode></TextEquiv></TextLine><TextLine id="tr_1779379400_tl_3" custom="readingOrder {index:2;}"><Coords points="1735,385 2814,383 2791,336 2377,312 1735,331"/><Baseline points="1743,361 1788,358 1833,358 1877,358 1922,358 1967,355 2012,355 2056,355 2101,355 2146,352 2191,355 2236,358 2280,358 2325,358 2370,358 2415,361 2459,361 2504,361 2549,364 2594,364 2639,367 2683,370 2728,370 2773,373 2818,373"/><TextEquiv><Unicode>que je devais dire, et pourtant la mémoire et la pré¬</Unicode></TextEquiv></TextLine><TextLine id="tr_1779379400_tl_4" custom="readingOrder {index:3;}"><Coords points="1734,424 2809,448 2808,402 1732,385"/><Baseline points="1740,408 1785,411 1830,408 1874,408 1919,408 1964,406 2009,406 2053,408 2098,408 2143,406 2188,406 2233,408 2277,408 2322,411 2367,411 2412,411 2456,411 2501,414 2546,417 2591,414 2636,420 2680,423 2725,426 2770,429 2812,426"/><TextEquiv><Unicode>sence d'esprit me firent soudain défaut : je me trou¬</Unicode></TextEquiv></TextLine><TextLine id="tr_1779379400_tl_5" custom="readingOrder {index:4;}"><Coords points="1730,471 2758,503 2817,490 2817,445 1728,424"/><Baseline points="1737,456 1782,462 1827,462 1871,462 1916,462 1961,462 2006,462 2050,459 2095,459 2140,459 2185,459 2230,459 2274,462 2319,465 2364,465 2409,465 2453,468 2498,465 2543,465 2588,471 2633,471 2677,474 2722,477 2767,480 2812,483 2821,483"/><TextEquiv><Unicode>blai, je balbutiai quelques paroles sans suite, et des</Unicode></TextEquiv></TextLine><TextLine id="tr_1779379400_tl_6" custom="readingOrder {index:5;}"><Coords points="1732,526 2805,546 2791,501 2646,485 1731,475"/><Baseline points="1740,513 1785,513 1830,510 1874,510 1919,510 1964,507 2009,510 2053,513 2098,513 2143,513 2188,516 2233,516 2277,516 2322,519 2367,519 2412,519 2456,522 2501,522 2546,522 2591,525 2636,525 2680,528 2725,531 2770,537 2809,537"/><TextEquiv><Unicode>larmes que je ne pus retenir inondèrent mes joues.</Unicode></TextEquiv></TextLine><TextLine id="tr_1779379400_tl_7" custom="readingOrder {index:6;}"><Coords points="1723,568 2812,604 2810,546 1723,522"/><Baseline points="1731,564 1776,567 1821,567 1865,564 1910,564 1955,564 2000,567 2044,570 2089,567 2134,567 2179,570 2224,570 2268,573 2313,573 2358,573 2403,573 2447,576 2492,576 2537,576 2582,579 2627,582 2671,582 2716,585 2761,588 2806,591 2815,591"/><TextEquiv><Unicode>L'insubordination de mes élèves, la présence subite</Unicode></TextEquiv></TextLine><TextLine id="tr_1779379400_tl_8" custom="readingOrder {index:7;}"><Coords points="1723,638 2799,659 2802,618 1721,590"/><Baseline points="1731,617 1776,617 1821,620 1865,620 1910,620 1955,617 2000,620 2044,623 2089,623 2134,626 2179,626 2224,626 2268,626 2313,629 2358,629 2403,629 2447,632 2492,629 2537,632 2582,632 2627,632 2671,635 2716,638 2761,641 2806,641"/><TextEquiv><Unicode>de madame Delacroix provoquaient en moi ce trou¬</Unicode></TextEquiv></TextLine><TextLine id="tr_1779379400_tl_9" custom="readingOrder {index:8;}"><Coords points="1723,695 2715,715 2802,708 2802,657 1721,638"/><Baseline points="1731,671 1776,671 1821,674 1865,671 1910,674 1955,677 2000,677 2044,677 2089,677 2134,677 2179,680 2224,680 2268,680 2313,683 2358,683 2403,683 2447,686 2492,686 2537,686 2582,686 2627,689 2671,689 2716,692 2761,692 2806,698 2809,695"/><TextEquiv><Unicode>ble nervaux dont je ne fus pas maîtresse, et à travers</Unicode></TextEquiv></TextLine><TextLine id="tr_1779379400_tl_10" custom="readingOrder {index:9;}"><Coords points="1730,746 2727,773 2805,764 2805,709 1728,704"/><Baseline points="1737,728 1782,728 1827,731 1871,731 1916,731 1961,731 2006,731 2050,734 2095,734 2140,734 2185,734 2230,734 2274,737 2319,737 2364,737 2409,737 2453,737 2498,740 2543,740 2588,740 2633,740 2677,743 2722,746 2767,749 2809,746"/><TextEquiv><Unicode>mes pleurs, je voyais les coups d’œil ironiques qu’é¬</Unicode></TextEquiv></TextLine><TextLine id="tr_1779379400_tl_11" custom="readingOrder {index:10;}"><Coords points="1735,799 2809,822 2808,766 2768,762 1735,747"/><Baseline points="1743,782 1788,785 1833,782 1877,785 1922,785 1967,785 2012,788 2056,788 2101,788 2146,785 2191,788 2236,788 2280,791 2325,791 2370,791 2415,788 2459,791 2504,794 2549,794 2594,794 2639,797 2683,800 2728,803 2773,806 2812,809"/><TextEquiv><Unicode>changeaient Blanche et Natalie. — « Remettez-vous,</Unicode></TextEquiv></TextLine><TextLine id="tr_1779379400_tl_12" custom="readingOrder {index:11;}"><Coords points="1730,850 2809,869 2808,828 2686,810 1730,805"/><Baseline points="1737,835 1782,835 1827,835 1871,838 1916,838 1961,838 2006,838 2050,844 2095,841 2140,841 2185,841 2230,844 2274,844 2319,844 2364,844 2409,844 2453,847 2498,847 2543,847 2588,847 2633,850 2677,853 2722,856 2767,859 2812,859"/><TextEquiv><Unicode>mademoiselle, me dit madame Delacroix, d’un ton</Unicode></TextEquiv></TextLine><TextLine id="tr_1779379400_tl_13" custom="readingOrder {index:12;}"><Coords points="1723,898 2779,922 2778,869 1723,851"/><Baseline points="1731,892 1776,889 1821,892 1865,892 1910,892 1955,892 2000,892 2044,892 2089,892 2134,892 2179,895 2224,895 2268,898 2313,898 2358,898 2403,898 2447,901 2492,901 2537,901 2582,901 2627,904 2671,907 2716,910 2761,910 2782,910"/><TextEquiv><Unicode>assez doux, et faites une dictée à ces demoiselles. »</Unicode></TextEquiv></TextLine><TextLine id="tr_1779379400_tl_14" custom="readingOrder {index:13;}"><Coords points="1760,948 2799,977 2799,929 2627,914 1760,911"/><Baseline points="1767,946 1812,946 1856,946 1901,946 1946,949 1991,946 2036,949 2080,949 2125,949 2170,949 2215,949 2259,949 2304,952 2349,952 2394,955 2439,952 2483,955 2528,955 2573,955 2618,958 2662,961 2707,961 2752,964 2797,964 2803,961"/><TextEquiv><Unicode>J’obéis, et pendant que je cherchais un livre, ma¬</Unicode></TextEquiv></TextLine><TextLine id="tr_1779379400_tl_15" custom="readingOrder {index:14;}"><Coords points="1728,1011 2799,1022 2798,976 1727,958"/><Baseline points="1734,1000 1779,1000 1824,1000 1868,1003 1913,1003 1958,1000 2003,1000 2047,1003 2092,1003 2137,1003 2182,1003 2227,1006 2271,1003 2316,1006 2361,1009 2406,1009 2450,1009 2495,1009 2540,1012 2585,1012 2630,1012 2674,1012 2719,1015 2764,1015 2803,1015"/><TextEquiv><Unicode>dame Delacroix continua à gronder la classe; les élè¬</Unicode></TextEquiv></TextLine><TextLine id="tr_1779379400_tl_16" custom="readingOrder {index:15;}"><Coords points="1732,1068 2812,1089 2810,1030 2767,1026 1732,1026"/><Baseline points="1740,1050 1785,1050 1830,1056 1874,1053 1919,1056 1964,1056 2009,1056 2053,1056 2098,1059 2143,1056 2188,1056 2233,1059 2277,1059 2322,1062 2367,1062 2412,1059 2456,1062 2501,1062 2546,1065 2591,1068 2636,1068 2680,1068 2725,1071 2770,1074 2812,1074"/><TextEquiv><Unicode>ves baissaient la tête; deux ou trois d’entre elles</Unicode></TextEquiv></TextLine><TextLine id="tr_1779379400_tl_17" custom="readingOrder {index:16;}"><Coords points="1732,1124 2801,1142 2789,1081 1732,1078"/><Baseline points="1740,1113 1782,1110 1827,1107 1871,1110 1916,1110 1961,1110 2006,1110 2050,1113 2095,1110 2140,1113 2185,1113 2230,1113 2274,1113 2319,1113 2364,1116 2409,1116 2453,1116 2498,1119 2543,1119 2588,1119 2633,1122 2677,1122 2722,1125 2767,1122 2803,1122"/><TextEquiv><Unicode>paraissaient tristes de m'avoir contristée, et un meil¬</Unicode></TextEquiv></TextLine><TextLine id="tr_1779379400_tl_18" custom="readingOrder {index:17;}"><Coords points="1724,1182 2802,1190 2801,1148 2656,1133 1723,1129"/><Baseline points="1731,1161 1776,1161 1821,1164 1865,1161 1910,1164 1955,1164 2000,1164 2044,1167 2089,1167 2134,1167 2179,1167 2224,1167 2268,1170 2313,1170 2358,1170 2403,1170 2447,1170 2492,1173 2537,1173 2582,1176 2627,1176 2671,1176 2716,1179 2761,1179 2806,1176 2809,1173"/><TextEquiv><Unicode>leur esprit gagnant de l'une à l'autre, il me fut pos¬</Unicode></TextEquiv></TextLine><TextLine id="tr_1779379400_tl_19" custom="readingOrder {index:18;}"><Coords points="1727,1227 2661,1256 2805,1249 2805,1204 1726,1183"/><Baseline points="1734,1212 1779,1215 1824,1215 1868,1218 1913,1218 1958,1218 2003,1218 2047,1218 2092,1218 2137,1218 2182,1221 2227,1221 2271,1221 2316,1221 2361,1223 2406,1223 2450,1223 2495,1226 2540,1226 2585,1229 2630,1229 2674,1229 2719,1232 2764,1232 2809,1229"/><TextEquiv><Unicode>sible de leur faire une courte dictée et de reprendre</Unicode></TextEquiv></TextLine><TextLine id="tr_1779379400_tl_20" custom="readingOrder {index:19;}"><Coords points="1723,1279 2805,1295 2764,1243 1723,1230"/><Baseline points="1731,1268 1776,1274 1821,1271 1865,1271 1910,1271 1955,1274 2000,1274 2044,1274 2089,1274 2134,1274 2179,1274 2224,1277 2268,1277 2313,1277 2358,1277 2403,1277 2447,1277 2492,1277 2537,1280 2582,1283 2627,1283 2671,1283 2716,1283 2761,1286 2806,1283 2809,1283"/><TextEquiv><Unicode>la leçon si malheureusement interrompue. Au sortir</Unicode></TextEquiv></TextLine><TextLine id="tr_1779379400_tl_21" custom="readingOrder {index:20;}"><Coords points="1727,1335 2564,1361 2789,1351 2799,1305 1726,1291"/><Baseline points="1734,1325 1779,1325 1824,1325 1868,1328 1913,1325 1958,1328 2003,1325 2047,1328 2092,1331 2137,1331 2182,1328 2227,1331 2271,1331 2316,1331 2361,1334 2406,1334 2450,1334 2495,1334 2540,1334 2585,1334 2630,1337 2674,1340 2719,1337 2764,1337 2803,1334"/><TextEquiv><Unicode>de la classe, je dus présider la récréation, je m’effor¬</Unicode></TextEquiv></TextLine><TextLine id="tr_1779379400_tl_22" custom="readingOrder {index:21;}"><Coords points="1720,1398 2809,1413 2809,1358 1719,1351"/><Baseline points="1728,1376 1773,1379 1818,1379 1862,1379 1907,1382 1952,1382 1997,1379 2041,1382 2086,1382 2131,1382 2176,1385 2221,1385 2265,1385 2310,1385 2355,1385 2400,1385 2445,1385 2489,1388 2534,1388 2579,1391 2624,1391 2668,1391 2713,1391 2758,1391 2803,1391 2812,1391"/><TextEquiv><Unicode>çai de faire bonne contenance, mais je me sentais</Unicode></TextEquiv></TextLine><TextLine id="tr_1779379400_tl_23" custom="readingOrder {index:22;}"><Coords points="1717,1437 2798,1465 2797,1414 2701,1402 1717,1398"/><Baseline points="1725,1429 1770,1429 1815,1429 1859,1429 1904,1432 1949,1435 1994,1435 2038,1435 2083,1435 2128,1435 2173,1438 2218,1438 2262,1438 2307,1438 2352,1441 2397,1441 2442,1441 2486,1441 2531,1444 2576,1444 2621,1444 2665,1444 2710,1444 2755,1444 2800,1444"/><TextEquiv><Unicode>bien souffrante et le cœur oppresse. J’entendis Blan¬</Unicode></TextEquiv></TextLine><TextLine id="tr_1779379400_tl_24" custom="readingOrder {index:23;}"><Coords points="1723,1499 2804,1504 2802,1462 2678,1450 1723,1451"/><Baseline points="1731,1483 1776,1486 1821,1483 1865,1483 1910,1486 1955,1486 2000,1489 2044,1489 2089,1486 2134,1486 2179,1489 2224,1489 2268,1492 2313,1492 2358,1495 2403,1492 2447,1495 2492,1495 2537,1495 2582,1498 2627,1498 2671,1498 2716,1498 2761,1498 2806,1495"/><TextEquiv><Unicode>che dire à Natalie : — « Vois donc comme Mademoi¬</Unicode></TextEquiv></TextLine><TextLine id="tr_1779379400_tl_25" custom="readingOrder {index:24;}"><Coords points="1717,1547 2715,1575 2797,1564 2797,1525 1716,1502"/><Baseline points="1725,1534 1770,1537 1815,1537 1859,1534 1904,1537 1949,1537 1994,1543 2038,1540 2083,1540 2128,1540 2173,1543 2218,1546 2262,1546 2307,1549 2352,1549 2397,1549 2442,1549 2486,1549 2531,1549 2576,1552 2621,1552 2665,1552 2710,1552 2755,1552 2800,1555 2803,1552"/><TextEquiv><Unicode>selle est pâle ! elle a peur d’être grondée par madame</Unicode></TextEquiv></TextLine><TextLine id="tr_1779379400_tl_26" custom="readingOrder {index:25;}"><Coords points="1720,1612 2799,1620 2779,1562 2129,1581 2073,1551 1940,1583 1720,1549"/><Baseline points="1728,1591 1773,1591 1818,1591 1862,1591 1907,1594 1952,1594 1997,1594 2041,1594 2086,1594 2131,1594 2176,1594 2221,1597 2265,1600 2310,1600 2355,1600 2400,1603 2445,1600 2489,1600 2534,1603 2579,1600 2624,1603 2668,1603 2713,1603 2758,1606 2803,1603"/><TextEquiv><Unicode>Delacroix, ce soir! — Fi donc! répondit une petite</Unicode></TextEquiv></TextLine><TextLine id="tr_1779379400_tl_27" custom="readingOrder {index:26;}"><Coords points="1720,1665 2802,1664 2802,1622 2735,1616 1720,1616"/><Baseline points="1728,1644 1773,1644 1818,1641 1862,1641 1907,1644 1952,1641 1997,1644 2041,1644 2086,1644 2131,1647 2176,1647 2221,1650 2265,1653 2310,1653 2355,1653 2400,1653 2445,1653 2489,1653 2534,1653 2579,1653 2624,1656 2668,1656 2713,1656 2758,1659 2803,1653 2806,1653"/><TextEquiv><Unicode>élève que je crois fort bonne, c'est mal à toi, Blan¬</Unicode></TextEquiv></TextLine><TextLine id="tr_1779379400_tl_28" custom="readingOrder {index:27;}"><Coords points="1723,1721 2802,1721 2782,1672 1723,1667"/><Baseline points="1731,1695 1776,1695 1821,1695 1865,1695 1910,1695 1955,1698 2000,1698 2044,1698 2089,1698 2134,1701 2179,1704 2224,1704 2268,1704 2313,1707 2358,1707 2403,1704 2447,1707 2492,1704 2537,1704 2582,1707 2627,1707 2671,1710 2716,1710 2761,1710 2803,1707"/><TextEquiv><Unicode>che, de te moquer d’elle, après avoir lassé sa pa¬</Unicode></TextEquiv></TextLine><TextLine id="tr_1779379400_tl_29" custom="readingOrder {index:28;}"><Coords points="1723,1760 2806,1780 2805,1741 2716,1720 1723,1719"/><Baseline points="1731,1749 1776,1749 1821,1749 1865,1749 1910,1752 1955,1752 2000,1752 2044,1752 2089,1752 2134,1752 2179,1755 2224,1758 2268,1752 2313,1761 2358,1761 2403,1761 2447,1758 2492,1761 2537,1761 2582,1761 2627,1761 2671,1764 2716,1761 2761,1764 2806,1761 2809,1761"/><TextEquiv><Unicode>tience comme tu l'as fait. — Moi et les autres! répar¬</Unicode></TextEquiv></TextLine><TextLine id="tr_1779379400_tl_30" custom="readingOrder {index:29;}"><Coords points="1723,1814 2801,1832 2769,1773 1723,1761"/><Baseline points="1731,1803 1776,1800 1821,1803 1865,1806 1910,1806 1955,1806 2000,1806 2044,1806 2089,1806 2134,1809 2179,1809 2224,1809 2268,1812 2313,1812 2358,1812 2403,1812 2447,1815 2492,1815 2537,1815 2582,1815 2627,1815 2671,1815 2716,1815 2761,1815 2803,1815"/><TextEquiv><Unicode>tit Blanche. Que veux-tu? elle ne sait pas nous tenir!</Unicode></TextEquiv></TextLine><TextLine id="tr_1779379400_tl_31" custom="readingOrder {index:30;}"><Coords points="1788,1872 2768,1892 2798,1836 1787,1824"/><Baseline points="1794,1850 1838,1856 1883,1856 1928,1859 1973,1859 2018,1862 2062,1862 2107,1859 2152,1859 2197,1862 2241,1862 2286,1865 2331,1865 2376,1865 2421,1868 2465,1865 2510,1865 2555,1865 2600,1868 2645,1868 2689,1868 2734,1871 2779,1871 2803,1868"/><TextEquiv><Unicode>Nous ne sommes pas faciles, il est vrai! dit Nata¬</Unicode></TextEquiv></TextLine><TextLine id="tr_1779379400_tl_32" custom="readingOrder {index:31;}"><Coords points="1723,1915 2798,1948 2784,1883 1988,1899 1723,1862"/><Baseline points="1731,1910 1776,1907 1821,1907 1865,1910 1910,1913 1955,1913 2000,1913 2044,1913 2089,1913 2134,1913 2179,1913 2224,1913 2268,1916 2313,1919 2358,1919 2403,1919 2447,1919 2492,1922 2537,1922 2582,1922 2627,1922 2671,1922 2716,1922 2761,1922 2800,1919"/><TextEquiv><Unicode>lie d’un air content. — Cela fait-il notre éloge ? ré¬</Unicode></TextEquiv></TextLine><TextLine id="tr_1779379400_tl_33" custom="readingOrder {index:32;}"><Coords points="1732,1988 2727,1996 2805,1989 2805,1946 1731,1922"/><Baseline points="1740,1967 1785,1964 1830,1964 1874,1961 1919,1964 1964,1964 2009,1967 2053,1967 2098,1967 2143,1970 2188,1970 2233,1970 2277,1967 2322,1967 2367,1973 2412,1973 2456,1973 2501,1973 2546,1976 2591,1976 2636,1976 2680,1976 2725,1976 2770,1979 2809,1976"/><TextEquiv><Unicode>pondit la petite Clotilde. — Tais-toi, mignonne, on</Unicode></TextEquiv></TextLine><TextLine id="tr_1779379400_tl_34" custom="readingOrder {index:33;}"><Coords points="1719,2036 2810,2041 2809,1996 1717,1993"/><Baseline points="1725,2015 1770,2015 1815,2015 1859,2018 1904,2018 1949,2021 1994,2021 2038,2018 2083,2021 2128,2021 2173,2024 2218,2024 2262,2024 2307,2024 2352,2027 2397,2027 2442,2027 2486,2030 2531,2030 2576,2030 2621,2030 2665,2030 2710,2030 2755,2033 2800,2033 2812,2030"/><TextEquiv><Unicode>ne te demande pas ton avis. Les grandes mènent la</Unicode></TextEquiv></TextLine><TextLine id="tr_1779379400_tl_35" custom="readingOrder {index:34;}"><Coords points="1723,2094 2805,2105 2786,2040 1723,2047"/><Baseline points="1731,2062 1773,2068 1818,2071 1862,2068 1907,2071 1952,2071 1997,2071 2041,2071 2086,2074 2131,2071 2176,2074 2221,2074 2265,2077 2310,2074 2355,2071 2400,2074 2445,2077 2489,2080 2534,2080 2579,2080 2624,2080 2668,2083 2713,2083 2758,2083 2803,2089 2809,2086"/><TextEquiv><Unicode>classe, et les petites suivent. — Notre tour viendra,</Unicode></TextEquiv></TextLine><TextLine id="tr_1779379400_tl_36" custom="readingOrder {index:35;}"><Coords points="1727,2130 2806,2160 2791,2101 1727,2088"/><Baseline points="1734,2125 1779,2122 1824,2122 1868,2125 1913,2125 1958,2125 2003,2125 2047,2125 2092,2125 2137,2128 2182,2128 2227,2131 2271,2131 2316,2131 2361,2131 2406,2134 2450,2134 2495,2134 2540,2137 2585,2137 2630,2137 2674,2137 2719,2137 2764,2140 2809,2140"/><TextEquiv><Unicode>dit Clotilde; et relevant la tête d’un air triomphant,</Unicode></TextEquiv></TextLine><TextLine id="tr_1779379400_tl_37" custom="readingOrder {index:36;}"><Coords points="1724,2211 2805,2215 2775,2153 1723,2153"/><Baseline points="1731,2182 1776,2182 1821,2185 1865,2188 1910,2188 1955,2188 2000,2188 2044,2188 2089,2188 2134,2188 2179,2188 2224,2191 2268,2194 2313,2191 2358,2194 2403,2194 2447,2194 2492,2197 2537,2197 2582,2197 2627,2197 2671,2197 2716,2200 2761,2200 2806,2203 2809,2203"/><TextEquiv><Unicode>elle chanta à demi-voix ces vers d’un hymne trop</Unicode></TextEquiv></TextLine><TextLine id="tr_1779379400_tl_38" custom="readingOrder {index:37;}"><Coords points="1723,2257 1761,2260 1775,2271 1793,2269 1802,2275 1817,2261 1840,2254 1862,2265 1883,2263 1883,2212 1842,2215 1836,2209 1825,2217 1806,2206 1794,2213 1773,2196 1723,2211"/><Baseline points="1731,2239 1776,2239 1821,2239 1865,2241 1886,2239"/><TextEquiv><Unicode>connu :</Unicode></TextEquiv></TextLine><TextEquiv><Unicode></Unicode></TextEquiv></TextRegion><TextRegion id="tr_1779379404" custom="readingOrder {index:7;} structure {type:quotation;score:0.99;}"><Coords points="1856,2286 2565,2286 2565,2525 1856,2525"/><TextLine id="tr_1779379404_tl_1" custom="readingOrder {index:0;}"><Coords points="1883,2358 2437,2364 2466,2360 2465,2299 2321,2312 2264,2279 2231,2305 2093,2320 1881,2295"/><Baseline points="1889,2340 1934,2343 1979,2343 2024,2346 2068,2343 2113,2343 2158,2346 2203,2346 2247,2346 2292,2346 2337,2349 2382,2349 2427,2349 2468,2349"/><TextEquiv><Unicode>Nous entrerons dans la carrière</Unicode></TextEquiv></TextLine><TextLine id="tr_1779379404_tl_2" custom="readingOrder {index:1;}"><Coords points="1884,2402 2485,2421 2485,2370 1883,2357"/><Baseline points="1892,2388 1937,2391 1982,2394 2027,2394 2071,2394 2116,2394 2161,2391 2206,2391 2250,2391 2295,2397 2340,2397 2385,2400 2430,2400 2474,2397 2489,2397"/><TextEquiv><Unicode>Quand nos aînés n'y seront plus;</Unicode></TextEquiv></TextLine><TextLine id="tr_1779379404_tl_3" custom="readingOrder {index:2;}"><Coords points="1884,2455 2492,2454 2492,2418 2466,2411 1884,2406"/><Baseline points="1892,2436 1937,2439 1982,2439 2027,2439 2071,2442 2116,2442 2161,2442 2206,2445 2250,2445 2295,2445 2340,2445 2385,2447 2430,2447 2474,2447 2495,2447"/><TextEquiv><Unicode>Nous y trouverons leur poussière</Unicode></TextEquiv></TextLine><TextLine id="tr_1779379404_tl_4" custom="readingOrder {index:3;}"><Coords points="1888,2502 1962,2500 1992,2521 2222,2500 2407,2523 2433,2521 2433,2462 1887,2450"/><Baseline points="1895,2483 1940,2489 1985,2489 2030,2489 2074,2489 2119,2489 2164,2489 2209,2492 2253,2492 2298,2492 2343,2492 2388,2495 2433,2495 2436,2495"/><TextEquiv><Unicode>Et l’exemple de leurs vertus!</Unicode></TextEquiv></TextLine><TextEquiv><Unicode></Unicode></TextEquiv></TextRegion><TextRegion id="tr_1779379405" custom="readingOrder {index:8;} structure {type:paragraph;score:0.99;}"><Coords points="1703,2517 2852,2517 2852,3729 1703,3729"/><TextLine id="tr_1779379405_tl_1" custom="readingOrder {index:0;}"><Coords points="1768,2610 2799,2619 2773,2563 1768,2563"/><Baseline points="1776,2594 1821,2597 1865,2597 1910,2597 1955,2597 2000,2597 2044,2597 2089,2597 2134,2597 2179,2600 2224,2600 2268,2600 2313,2600 2358,2600 2403,2600 2447,2600 2492,2600 2537,2600 2582,2597 2627,2600 2671,2600 2716,2600 2761,2600 2803,2597"/><TextEquiv><Unicode>La physionomie de la petite avait quelque chose de</Unicode></TextEquiv></TextLine><TextLine id="tr_1779379405_tl_2" custom="readingOrder {index:1;}"><Coords points="1723,2666 2801,2672 2789,2615 1723,2620"/><Baseline points="1731,2648 1776,2648 1821,2648 1865,2648 1910,2650 1955,2650 2000,2648 2044,2648 2089,2650 2134,2650 2179,2650 2224,2650 2268,2650 2313,2650 2358,2650 2403,2650 2447,2648 2492,2650 2537,2648 2582,2650 2627,2650 2671,2653 2716,2653 2761,2653 2803,2650"/><TextEquiv><Unicode>si intrépidement comique, qu’un fou rire éclata parmi</Unicode></TextEquiv></TextLine><TextLine id="tr_1779379405_tl_3" custom="readingOrder {index:2;}"><Coords points="1723,2717 2786,2727 2801,2679 1721,2666"/><Baseline points="1731,2704 1776,2698 1821,2701 1865,2701 1910,2701 1955,2701 2000,2701 2044,2704 2089,2704 2134,2701 2179,2704 2224,2704 2268,2701 2313,2704 2358,2704 2403,2701 2447,2701 2492,2704 2537,2704 2582,2704 2627,2707 2671,2704 2716,2707 2761,2704 2803,2704"/><TextEquiv><Unicode>les élèves, et moi-même, quoique souffrante d'es¬</Unicode></TextEquiv></TextLine><TextLine id="tr_1779379405_tl_4" custom="readingOrder {index:3;}"><Coords points="1727,2776 2799,2780 2799,2730 2746,2716 1727,2728"/><Baseline points="1734,2761 1773,2755 1818,2755 1862,2755 1907,2752 1952,2755 1997,2755 2041,2752 2086,2755 2131,2755 2176,2752 2221,2755 2265,2755 2310,2755 2355,2758 2400,2758 2445,2758 2489,2758 2534,2758 2579,2758 2624,2758 2668,2761 2713,2761 2758,2761 2803,2758"/><TextEquiv><Unicode>prit et de corps, je ne pus tenir mon sérieux. Clotilde</Unicode></TextEquiv></TextLine><TextLine id="tr_1779379405_tl_5" custom="readingOrder {index:4;}"><Coords points="1720,2819 2802,2834 2802,2778 1720,2787"/><Baseline points="1728,2809 1773,2809 1818,2809 1862,2806 1907,2806 1952,2809 1997,2806 2041,2809 2086,2809 2131,2809 2176,2809 2221,2806 2265,2809 2310,2809 2355,2809 2400,2812 2445,2812 2489,2812 2534,2812 2579,2812 2624,2815 2668,2815 2713,2815 2758,2815 2803,2815 2806,2815"/><TextEquiv><Unicode>s’en aperçut, elle courut vers moi, se jeta à mon cou</Unicode></TextEquiv></TextLine><TextLine id="tr_1779379405_tl_6" custom="readingOrder {index:5;}"><Coords points="1720,2876 2809,2888 2809,2835 2640,2827 1720,2838"/><Baseline points="1728,2865 1773,2865 1818,2862 1862,2862 1907,2865 1952,2862 1997,2862 2041,2862 2086,2862 2131,2865 2176,2865 2221,2862 2265,2865 2310,2865 2355,2865 2400,2868 2445,2868 2489,2868 2534,2868 2579,2868 2624,2871 2668,2871 2713,2874 2758,2871 2803,2871 2812,2871"/><TextEquiv><Unicode>en s'écriant : « Pardonnez-nous, mademoiselle, nous</Unicode></TextEquiv></TextLine><TextLine id="tr_1779379405_tl_7" custom="readingOrder {index:6;}"><Coords points="1721,2936 2813,2954 2812,2891 1720,2894"/><Baseline points="1728,2919 1773,2922 1818,2919 1862,2919 1907,2919 1952,2919 1997,2919 2041,2919 2086,2919 2131,2919 2176,2922 2221,2922 2265,2922 2310,2922 2355,2922 2400,2922 2445,2922 2489,2922 2534,2925 2579,2922 2624,2925 2668,2925 2713,2925 2758,2925 2803,2925 2815,2925"/><TextEquiv><Unicode>sommes plus folles que méchantes; mais, vrai, nous</Unicode></TextEquiv></TextLine><TextLine id="tr_1779379405_tl_8" custom="readingOrder {index:7;}"><Coords points="1717,2983 1879,2983 1913,3002 1950,2980 2029,2998 2145,2983 2238,3002 2238,2950 2217,2939 1717,2948"/><Baseline points="1725,2973 1770,2973 1815,2973 1859,2973 1904,2973 1949,2967 1994,2973 2038,2973 2083,2970 2128,2970 2173,2973 2218,2973 2241,2973"/><TextEquiv><Unicode>serons sages à l'avenir! »</Unicode></TextEquiv></TextLine><TextLine id="tr_1779379405_tl_9" custom="readingOrder {index:8;}"><Coords points="1772,3052 2809,3049 2808,2996 1771,2989"/><Baseline points="1779,3033 1824,3027 1868,3027 1913,3027 1958,3027 2003,3027 2047,3027 2092,3027 2137,3027 2182,3027 2227,3027 2271,3030 2316,3030 2361,3033 2406,3033 2450,3033 2495,3033 2540,3033 2585,3033 2630,3036 2674,3036 2719,3036 2764,3036 2809,3033 2812,3033"/><TextEquiv><Unicode>Quelques autres élèves s'approchèrent et me firent</Unicode></TextEquiv></TextLine><TextLine id="tr_1779379405_tl_10" custom="readingOrder {index:9;}"><Coords points="1723,3097 2802,3101 2802,3056 2727,3047 1723,3040"/><Baseline points="1731,3080 1776,3080 1821,3077 1865,3077 1910,3077 1955,3077 2000,3080 2044,3080 2089,3080 2134,3083 2179,3080 2224,3083 2268,3083 2313,3086 2358,3086 2403,3086 2447,3086 2492,3086 2537,3089 2582,3089 2627,3089 2671,3089 2716,3092 2761,3092 2806,3086 2809,3083"/><TextEquiv><Unicode>les mêmes protestations, et quoique Blanche et Na¬</Unicode></TextEquiv></TextLine><TextLine id="tr_1779379405_tl_11" custom="readingOrder {index:10;}"><Coords points="1727,3153 2712,3174 2805,3164 2805,3114 1726,3100"/><Baseline points="1734,3137 1779,3134 1824,3134 1868,3134 1913,3134 1958,3131 2003,3134 2047,3131 2092,3137 2137,3137 2182,3137 2227,3140 2271,3140 2316,3140 2361,3140 2406,3143 2450,3143 2495,3140 2540,3143 2585,3143 2630,3146 2674,3146 2719,3146 2764,3143 2809,3143 2812,3140"/><TextEquiv><Unicode>talie n’eussent pas dit un mot, j’allai chez madame</Unicode></TextEquiv></TextLine><TextLine id="tr_1779379405_tl_12" custom="readingOrder {index:11;}"><Coords points="1723,3208 2610,3226 2809,3218 2809,3167 1721,3152"/><Baseline points="1731,3188 1776,3188 1821,3188 1865,3188 1910,3188 1955,3188 2000,3185 2044,3188 2089,3191 2134,3191 2179,3194 2224,3194 2268,3194 2313,3197 2358,3197 2403,3197 2447,3197 2492,3197 2537,3200 2582,3200 2627,3200 2671,3200 2716,3197 2761,3197 2806,3194 2812,3191"/><TextEquiv><Unicode>Delacroix et je la priai de lever la retenue du pre¬</Unicode></TextEquiv></TextLine><TextLine id="tr_1779379405_tl_13" custom="readingOrder {index:12;}"><Coords points="1720,3257 2812,3256 2776,3211 1720,3218"/><Baseline points="1728,3242 1773,3245 1818,3245 1862,3245 1907,3245 1952,3245 1997,3245 2041,3245 2086,3248 2131,3248 2176,3248 2221,3251 2265,3251 2310,3251 2355,3251 2400,3251 2445,3254 2489,3254 2534,3254 2579,3257 2624,3257 2668,3257 2713,3254 2758,3251 2803,3251 2815,3248"/><TextEquiv><Unicode>mier jeudi du mois qu'elle avait imposée à toute la</Unicode></TextEquiv></TextLine><TextLine id="tr_1779379405_tl_14" custom="readingOrder {index:13;}"><Coords points="1720,3319 2802,3323 2767,3268 1720,3272"/><Baseline points="1728,3295 1773,3298 1818,3298 1862,3298 1907,3298 1952,3298 1997,3298 2041,3298 2086,3301 2131,3301 2176,3304 2221,3304 2265,3304 2310,3304 2355,3304 2400,3307 2445,3307 2489,3307 2534,3310 2579,3310 2624,3310 2668,3307 2713,3307 2758,3307 2803,3307 2806,3307"/><TextEquiv><Unicode>classe. Elle eut la bonté d’y consentir, et le soir,</Unicode></TextEquiv></TextLine><TextLine id="tr_1779379405_tl_15" custom="readingOrder {index:14;}"><Coords points="1727,3372 2805,3369 2789,3325 1727,3325"/><Baseline points="1734,3355 1779,3355 1824,3355 1868,3355 1913,3355 1958,3355 2003,3355 2047,3355 2092,3358 2137,3358 2182,3361 2227,3361 2271,3361 2316,3361 2361,3364 2406,3364 2450,3364 2495,3364 2540,3364 2585,3364 2630,3364 2674,3364 2719,3361 2764,3361 2809,3355"/><TextEquiv><Unicode>quand nous fûmes seules, elle me parla avec douceur</Unicode></TextEquiv></TextLine><TextLine id="tr_1779379405_tl_16" custom="readingOrder {index:15;}"><Coords points="1717,3420 2805,3427 2805,3369 2422,3402 1717,3379"/><Baseline points="1725,3409 1770,3409 1815,3409 1859,3409 1904,3412 1949,3412 1994,3412 2038,3412 2083,3412 2128,3412 2173,3415 2218,3415 2262,3415 2307,3418 2352,3418 2397,3418 2442,3418 2486,3421 2531,3421 2576,3421 2621,3421 2665,3415 2710,3418 2755,3415 2800,3409 2809,3412"/><TextEquiv><Unicode>de ce qui s'était passé le matin, m'encourageant à</Unicode></TextEquiv></TextLine><TextLine id="tr_1779379405_tl_17" custom="readingOrder {index:16;}"><Coords points="1720,3478 2802,3469 2779,3424 2611,3457 2499,3427 1719,3442"/><Baseline points="1728,3465 1731,3463 1776,3468 1821,3465 1865,3468 1910,3463 1955,3468 2000,3468 2044,3468 2089,3471 2134,3471 2179,3471 2224,3471 2268,3471 2313,3474 2358,3474 2403,3474 2447,3474 2492,3474 2537,3474 2582,3474 2627,3474 2671,3471 2716,3468 2761,3465 2806,3463"/><TextEquiv><Unicode>surmonter ma timidité, à m'armer de ce calme ré¬</Unicode></TextEquiv></TextLine><TextLine id="tr_1779379405_tl_18" custom="readingOrder {index:17;}"><Coords points="1717,3532 2809,3539 2809,3469 1717,3487"/><Baseline points="1725,3522 1737,3522 1782,3522 1827,3522 1871,3522 1916,3522 1961,3522 2006,3525 2050,3525 2095,3525 2140,3525 2185,3528 2230,3528 2274,3528 2319,3528 2364,3528 2409,3531 2453,3531 2498,3531 2543,3531 2588,3528 2633,3525 2677,3522 2722,3519 2767,3519 2812,3516"/><TextEquiv><Unicode>fléchi contre lequel laungalice ou l’espéglerie de la</Unicode></TextEquiv></TextLine><TextLine id="tr_1779379405_tl_19" custom="readingOrder {index:18;}"><Coords points="1730,3595 2432,3614 2801,3580 2765,3530 2458,3562 1730,3533"/><Baseline points="1737,3582 1773,3579 1818,3576 1862,3579 1907,3576 1952,3579 1997,3579 2041,3579 2086,3582 2131,3582 2176,3582 2221,3579 2265,3579 2310,3582 2355,3585 2400,3585 2445,3585 2489,3585 2534,3585 2579,3582 2624,3579 2668,3576 2713,3573 2758,3573 2803,3570"/><TextEquiv><Unicode>jeunesse viennent échouer. Je ne pensais pas qu’elle</Unicode></TextEquiv></TextLine><TextLine id="tr_1779379405_tl_20" custom="readingOrder {index:19;}"><Coords points="1717,3648 2805,3649 2805,3595 2387,3627 2336,3596 1717,3601"/><Baseline points="1725,3630 1734,3630 1779,3630 1824,3630 1868,3633 1913,3633 1958,3636 2003,3636 2047,3639 2092,3639 2137,3639 2182,3639 2227,3639 2271,3633 2316,3639 2361,3642 2406,3639 2450,3642 2495,3639 2540,3639 2585,3636 2630,3630 2674,3630 2719,3627 2764,3627 2809,3624"/><TextEquiv><Unicode>fût si bonne et si indulgente... Cette conversation</Unicode></TextEquiv></TextLine><TextLine id="tr_1779379405_tl_21" custom="readingOrder {index:20;}"><Coords points="1717,3704 1795,3708 1805,3697 1876,3712 1937,3698 2011,3722 2052,3709 2052,3674 2034,3674 2003,3644 1969,3659 1910,3649 1891,3663 1795,3660 1776,3648 1753,3660 1717,3647"/><Baseline points="1725,3689 1770,3689 1815,3689 1859,3689 1904,3689 1949,3692 1994,3692 2038,3695 2056,3695"/><TextEquiv><Unicode>m'a rassérénée.</Unicode></TextEquiv></TextLine><TextEquiv><Unicode></Unicode></TextEquiv></TextRegion></Page></PcGts>