2939 4158
1574 172 1668 253 348
466 249 1576 328 line et recevoir ainsi un autre emploi; la garniture
467 320 1581 386 ferait un joli bas de jupon, en la plaçant au-dessus
469 369 1583 425 d'un ourlet, de dix à douze centimètres, soit en
469 425 1368 491 conservant le feston, soit en le supprimant.
511 472 1572 555 47, QUART D'UN MOUCHOIR; dessin riche et élégant, à
466 531 1576 595 broder au plumetis avec mélange de point de plume,
473 590 1572 650 de point sablé et de jours variés. Pour ces derniers,
469 638 1575 715 inspire-toi des croquis que nous t’avons déjà envoyés,
467 690 1575 766 et si ceux-là ne te conviennent pas, prends patience;
469 747 1326 804 tu en recevras d’autres prochainement.
518 798 1151 864 48, C., C., enlacées, plumetis.
514 852 935 929 49, Irma, plumetis.
514 902 1572 971 50, QUART D'UN MOUCHOIR SOMPLE, à broder au plu¬
463 967 1578 1030 metis; on place ce dessin au-dessus d’un ourlet de
469 1022 840 1088 trois centimètres.
514 1068 1575 1136 51 et 52, COL ETMANCHETTE, à broder au plumetis
460 1127 1581 1189 fin sur mousseline claire. Je te rappelle, pour ceci, les
463 1191 1254 1246 explications données aux nos 30 et 31.
505 1237 1574 1302 53, BAS DE JUPON; plumetis et œillets ou pois. Ce des¬
466 1298 1576 1378 sin peut également se poser au bord ou au-dessus d'un
472 1353 614 1416 ourlet.
511 1405 1575 1467 54, QUART D'UN MOUCHOIR, plumetis fin, points sablés
473 1465 1140 1527 et jours dans le cœur des fleurs.
511 1496 1575 1596 55, ÉCUSSON SIMPLE, produisant l’effet d’une bague
462 1568 1412 1630 et portant le chiffre C P ; le tout au plumetis.
508 1609 1567 1679 56, AUTRE ÉCUSSON avec le nom de Lizzy; plumetis.
514 1676 1564 1734 57, J., V., H., enlaceés; plumetis et points sablés.
514 1727 957 1792 58, C., V., plumetis.
514 1776 1578 1841 59, QUART D'UN MOUCHOIR, à broder au plumetis; un
469 1831 1569 1907 petit mélange de points de plume serait, d'un très-bon
457 1889 1123 1969 effet, pour ce feuillage de lierre.
508 1935 1572 2007 60, COURONNES AUX PLUMETIS. Je ne prendrai point nos
467 2009 1569 2073 patrons sans te faire remarquer, combien notre plan¬
460 2054 1571 2124 che de broderie a été heureusement combinée, cette
457 2113 1571 2183 fois; regarde donc ce qu’elle renferme : cinq cols et
457 2163 1571 2232 leurs manches, cinq mouchoirs, une robe d’enfant,
464 2220 646 2284 etc., etc.
749 2315 1284 2408 PLANCHE DE PARTONS.
502 2428 1571 2510 61 à 64, bos, pièce de côté, devant et manches du
446 2494 1567 2562 manteau Pultava, dont tu peux juger l’effet sur notre
448 2550 1569 2624 gravure du mois dernier. Le patron que je t'envoie est
450 2604 1564 2681 très-fidèle; tu n’as, pour t’en rendre compte, qu’à
457 2656 1567 2722 réunir les lettres de repère. Cependant, avant de
450 2708 1565 2777 mettre les ciseaux dans ton étoffe, je t'engagerai à
446 2754 1569 2842 bâtir un modèle en grosse mousseline, sur lequel tu
446 2823 1567 2904 ferais toutes les corrections que peut exiger une taille
457 2877 1571 2937 plus ou moins grande, plus ou mains forte. — Quelle
448 2928 1564 2994 étoffe choisir te demandes-tu déjà? Eh mon Dieu, le
445 2973 1571 3063 drap on le velours; mais ce dernier est tellement
445 3032 1558 3101 cher aujourd’hui, que je conseillerais à toute
448 3088 1552 3153 jeune fille économe de se contenter d’un joli man¬
442 3151 1554 3216 teau de drap, d’une bonne qualité, d'une forme
448 3202 1554 3263 gracieuse et bien soignée comme façon. Les draps
436 3261 1551 3316 le plus en faveur sont ceux de couleurs très-fon¬
441 3310 1560 3396 cées, ayant à l'endroit des rayures ou des carreaux
445 3368 1558 3429 presque invisible, (cette surface unie rappelle un peu
435 3420 1554 3491 les draps légers que l'on portait autrefois), tandis que
445 3468 1540 3547 le dessous est à poils très-longs et trèsd-épais,
445 3524 1554 3599 comme ceux d'un hel alpaga. Le drap de cette qualité
439 3586 1554 3650 coûte de 23 à 30 francs le mètre. Pour le modèle dont
435 3633 1560 3727 nous parlons, il en faut à peu près deux mètres et
434 3678 567 3761 demi.
483 3716 1547 3814 65 à 67, MANTeAU ALGÉRIEN avec capuchon, pour pe¬
426 3799 1551 3886 tite fille de trois à cinq ans. Ce manteau, d'une forme
1675 249 2787 320 toute nouvelle, dû au gracieux talent de madame Ha¬
1672 312 2790 376 vez, qui ne cesse de s'occuper de nos petites abon¬
1672 374 2784 425 nées, se fait en drap à grandes raies algériennes
1672 419 2792 481 ou turques, aux couleurs très-vives. Le corps du
1669 479 2790 539 manteau, n° 65, est coupé en biais, avec une cou¬
1672 535 2792 602 ture réunissant les raies en forme de V : le n° 66 est
1664 581 2781 650 le capuchon, descendant en étole sur le devant.
1666 639 2787 707 Regarde le croquis n° 68. Cette forme de capuchon
1661 700 2790 761 est non seulement très-gracieuse, mais elle peut au
1657 752 2784 814 besoin garantir du froid, et remplacer les cache-nez.
1659 812 2780 878 Les bouts très-longs se croisent alors sur la poitrine,
1664 871 2784 930 et se rejettent en arrière, ainsi que te le montre notre
1661 923 2787 978 croquis n° 68 (vu de dos). Le n° 67 est le dessus du
1666 974 2791 1042 capuchon, qui se coupe en biais comme le corps du
1664 1033 2788 1087 manteau; ce vêtement est enfin complété par des
1666 1085 2787 1147 glands en poil de chèvre. Ces glands sont nommés
1661 1143 2785 1201 glands à deux jupes, parce qu'ils ont, en effet, deux
1661 1195 2785 1254 étages : une partie longue en poil de chèvre blanc, et
1661 1251 2785 1312 au-dessus une frange de soie, rappelant la couleur du
1651 1306 1882 1374 manteau.
1706 1358 2781 1427 69 et 70, Corps D'UN BURNOUS ET CAPUCHON, pour ma¬
1655 1423 2773 1482 demoiselle Lilie. M. Herbillon, comme tu le vois,
1657 1474 2788 1527 songe aussi à nos petites sœurs; il prépare pour leurs
1664 1531 2774 1593 poupées les plus jolies choses que l’on puisse imaginer;
1664 1583 2781 1647 si tu entrais chez lui, tu serais étonnée d’y trouver un
1661 1637 2780 1702 assortiment aussi complet que dans nos magasins.
1661 1685 2774 1752 Ces délicieuses choses font que le jour de l'an est at¬
1664 1744 2777 1799 tendu avec une vive impatience par une foule de pe¬
1657 1796 2783 1866 tites filles sages... à la condition d'obtenir quelques¬
1657 1855 2781 1924 unes des merveilles provenant de cette maison. — Le
1651 1893 2777 1968 burnous se fait en flanelle rayée ou à carreaux, en
1661 1965 2778 2020 drap, en tout autre étoffe convenable pour l’hiver; le
1655 2011 2771 2086 bord est terminé par un biais de drap uni d'une cou¬
1655 2070 2773 2134 leur tranchée; des glands sont placés aux extrémités
1657 2127 2774 2184 du capuchon, aux pointes du devant et à celle du
1659 2177 1750 2245 dos.
1702 2238 2771 2298 71, CROQUIS DU BURNOUS dont nous venons de parler.
1712 2286 2773 2353 72, PETITE CAPUCHE, toujours pour la poupée. Ces
1651 2356 2770 2422 sortes de capuches, que je conseille même pour toi,
1645 2398 2769 2466 ne se font pas pour sortir; elles se mettent dans la
1647 2467 2766 2525 maison lorsqu’il fait très-froid ; elles remplacent les
1651 2510 2769 2569 capuches tricotées que l’on voyait les années précé¬
1651 2569 2770 2629 dentes, et se font en étoffe unie, avec biais de couleur
1644 2621 2763 2698 tranchante, ou en étoffe algérienne, comme celle-ci,
1651 2669 2770 2746 par exemple. Ce mot algérienne revient souvent; ne
1647 2738 2767 2792 t'en étonne pas : depuis l’importation des châles
1640 2780 2766 2849 mouzaia qui, cet été, ont envahi les épaules des pa¬
1652 2835 2767 2912 risiennes, on ne voit plus que des tissus à raies plus
1645 2888 2764 2963 ou moins larges, plus ou moins jaunes, vertes ou
1645 2943 2764 3015 rouges; le mal est devenu si contagieux, qu’il y a
1644 3005 2767 3064 même des jupons de dessous rayés noir et rouge ! Je
1643 3060 2769 3119 trouve cette mode jolie pour les enfants, pour les
1648 3109 2759 3192 poupées. Un manteau algérien n’est permis que pour
1637 3167 2376 3225 la voiture, les voyages et les eaux.
1702 3223 2718 3294 73, BAVOLET DE LA CAPUCHE; il est coupé en biais.
1686 3265 2760 3340 74, CROQUIS DE LA CAPUCHE. Le revers du devant
1637 3334 2760 3399 n’est point rapporté; il tient à la capuche même; il
1633 3384 2757 3448 est formé par la partie droite, que tu vois sur le pa¬
1637 3431 2481 3512 tron n° 92 et que tu dois replier à demi.
1681 3491 2760 3572 76 à 78, PATSON DE CORSET pour la poupée, sur le¬
1643 3551 2757 3619 quel nos petites ouvrières apprendront à faire le
1644 3617 2756 3685 point de piquûre, si nécessaire à la confection de toutes
1636 3661 2263 3728 des lingeries un peu soignées.
1688 3710 2749 3778 79, DESSIN D'UNE l"OUILLOTTES. Ce petit ou¬
1631 3766 2752 3835 vrage, que l’on peut faire aussi élégant qu’ on le dé¬
1627 3833 2754 3918 sire, est fort utile, car il est assez désagréable, lors¬
