2897 4318
1221 203 1338 288 361
176 265 1231 359 Autriche, que sais-je? Il a construit des chemins de
176 340 1217 414 fer, creusé des canaux, exploité des mincs... Bref
170 397 1220 466 il a gagné beaucoup d’argent et a pu faire honneur
175 451 984 503 à tous les engagement de son frère aîné.
289 503 1227 564 Quant à Maurice, reprit M. Bertaux, passant
178 541 1227 625 d’une vie de luxe et de loisir au travail le plus
168 614 1217 675 aride, il s’est associé, dans la mesure de ses forces,
166 658 1224 718 à la tâche entreprise par son oncle. Il a débuté par
174 703 1224 776 être teneur de livres avec deux mille cinq cents
158 741 1225 820 francs d’appointements, et Simon me disait combien
159 809 1225 871 il était touché en recevant chaque année les mille
168 854 1219 920 francs que son neveu lui envoyait sur son humble
175 918 1221 972 salaire; Maurice est monté en grade; il est aujour¬
164 963 1220 1032 d’hui l’un des meilleurs employés d’une grande
170 1025 1223 1082 entreprise industrielle; tout est payé, et c’est pour eux
170 1066 981 1125 désormais que travaillent nos deux amis.
260 1123 1221 1194 Ils ont fait leur devoir, dit M. de Gontheraut
158 1175 1208 1239 d’un air pénétré; mais ce devoir, obscurément, coura¬
166 1227 1208 1290 geusement accompli, est une chose si respectable,
168 1281 1212 1338 que je serais heureux d’avoir l’occasion de leur serrer
153 1325 318 1389 la main
261 1367 1212 1438 Cette occasion est toute trouvée, dit madame
154 1427 1207 1491 Lemayer en s’éloignant, venez nous trouver demain
155 1492 988 1545 soir chez mon cousin, nous y serons tous.
195 1544 1191 1592 — Si monsieur Bertaux veut ratifier cette invita¬
156 1584 314 1647 tion...
257 1633 1206 1702 Vous savez bien, dit celui-ci, que ma cousine a
159 1696 1200 1757 plein pouvoir chez moi, et si notre cercle de famille
146 1745 1188 1808 ne vous rebute pas, par la monotonie de ses habi¬
145 1788 332 1855 tudes.
190 1834 1196 1904 — Il n’est pas besoin, monsieur, de protester contre
142 1887 1195 1963 ce doute; j’ai peut-être usé trop fréquemment de la
147 1956 1200 2008 permission d’aller vous voir. Vous m’excuseriez, si
150 2015 1191 2070 vous saviez de quel prix est pour moi, votre intérieur
145 2058 1194 2121 si doux, si calme. C’est un grand et rare bouheur, en
143 2098 1191 2160 effet, de trouver au milieu de Paris, une cordiale in¬
141 2160 1191 2223 timité à laquelle on peut recourir dans ces moments
145 2214 1188 2265 de lassitude si fréquents dans la grande ville; cela
139 2264 1194 2320 repose l’esprit fatigué des fades et vides banalités
145 2321 1184 2378 que l’on échange sans cesse ; cela satisfait le cœur,
141 2358 1182 2427 heureux d’écarter enfin tous ces semblants de bien¬
139 2420 1182 2469 veillance et d’intérêt, fausse monnaie de convention
142 2465 1182 2524 que l'on se passe sans leur accorder aucune im¬
139 2520 1186 2577 portance. Trop souvent ici l’esprit est satisfait aux
143 2573 1188 2627 dépens du cœur, et c’est une rare bonne fortune que
142 2623 1175 2678 j’estime plus que personne, de rencontrer des na¬
139 2675 1182 2736 tures si heureusement douées, que la loyauté et la
130 2724 1176 2781 bonté n’excluent pas en elles les ressources de l’in¬
130 2772 340 2838 telligence.
179 2833 1182 2893 — Sans accepter, monsieur, celles de vos paroles
130 2885 1183 2942 qui me semblent inspirées par la courtoisie plutôt
139 2935 1172 2991 que par la vérité, je vous remercie de leur sens bien¬
139 2987 1175 3054 veillant, dit M. Bertaux, et je vous prie de croire que
130 3029 991 3107 vous serez toujours le bienvenu chez moi. »
601 3174 698 3263 III
163 3329 1167 3390 M. de Gontheraut avait ce grand talent de par¬
123 3389 1167 3444 tager toujours, sans platitude et sans fadeur, les
130 3435 1158 3487 opinions de son interlocuteur, dont il pénétrait ins¬
123 3485 1163 3546 tantanément les goûts et les sentiments; il les adopt¬
118 3533 1158 3586 tait et les renvoyait embellis de grâces imprévues, re¬
130 3584 1163 3645 levés par des définitions élégantes, et jouait dans la
127 3641 1167 3704 conversation le rôle d'un réflecteur qui reproduit un
1304 289 2347 403 foyer de lumière et en décuple l’importance. C’était,
1306 347 2350 434 du reste, un homme de bonne compagnie, et qui sa¬
1313 407 2345 500 vait si bien se plier aux habitudes les plus opposées,
1308 460 2346 542 que son succès était universel; quelques mots lancés
1306 523 2345 609 cà et là, des demi-confidence soigneusement prépa¬
1305 558 2345 638 rées, avaient fait comprendre à ceux qui le connais¬
1309 623 2353 699 saient, qu'il s'occupait de travaux littéraires, dont
1308 656 2357 741 l'importance devait le placer au plus haut rang de la
1308 725 2346 802 presse fonternporaine. On est tolérant à Paris pour
1306 776 2350 849 ceux qui plaisent et amusent, et l’on n’approfondit
1309 826 2354 907 guère le côté sérieux de leur existence, soit par in¬
1301 875 2357 942 dulgence, afin de ne rien apercevoir qui puisse
1308 922 2354 1017 détacher d’eux, soit par égoïsme, afin d‘être dispensé
1308 969 2346 1058 de leur être utile. On croyait donc M. de Gonthe¬
1306 1037 2345 1107 raut sur parole, et il escomptait la renommée qui
1305 1085 2342 1168 devait un jour s’attacher à son nom. Il se posait un
1305 1133 2338 1219 peu en homme supérieur, mais avec tact et discrétion,
1301 1192 2338 1256 et sans s’exposer à attirer une analyse moqueuse, par
1298 1241 2343 1316 des prétentions déplacées. Il était temps, du reste,
1302 1286 2341 1365 que son talent se fit jour : M. de Gontheraut avait
1298 1340 2340 1416 plus de trente ans, mais il allait au-devant des doutes
1288 1399 2338 1469 et des réflexions, en exprimant hautement son détain
1297 1450 2341 1524 pour ces intelligences précoces, qui se hâtent de pro¬
1290 1497 2333 1573 duire une œuvre avant d’avoir eu le temps et l’oc¬
1286 1536 1930 1609 casion d’étudier l’âme humaine.
1330 1592 2332 1675 Il se rendit chez M. Bertaux le lendemain soir et y
1281 1639 2336 1724 trouva madame Lemayer installée à une table de
1290 1695 2332 1767 whist avec M. Simon et son cousin. Les deux sœurs
1288 1751 2034 1809 travaillaient en causant avec Maurice.
1326 1804 2326 1897 « Vous devez être fort heureux de vous retrouver
1269 1851 1800 1930 à Paris, lui disait Pauline.
1377 1914 2318 1999 Très-heureux, en effet, mademoiselle, de re¬
1279 1966 2322 2041 trouver les anciens amis de ma famille; mais sans
1279 2032 2317 2088 eux je regretterais le calme de la ville que je viens
1269 2066 1488 2137 de quitter.
1377 2134 2314 2208 Cependant Paris est le seul lieu où puisse vivre
1271 2187 2314 2249 un homme intelligent, dit M. de Gontheraut. C’est ici
1269 2244 2314 2308 seulement que l’on trouve ces richesses artistiques
1272 2298 2305 2357 qui sont une éternelle source d’études et de jouis¬
1271 2343 2301 2402 sances; ces ressources intellectuelles, toujours re¬
1269 2389 2309 2458 naissantes et intarissables, comme les eaux d’un
1272 2443 2310 2512 beau fleuve qui reflète tous les aspects de la cité qu’il
1272 2499 2308 2557 embellit et enrichit. Peut-on vivre sans se tenir au
1273 2557 2310 2603 courant des recherches de l'esprit humain, sans se
1273 2598 2314 2655 rendre compte de la voie qu'il parcourt, du but vers
1272 2641 2310 2702 lequel il tend? Peut-on vivre sans lire beaucoup, sans
1265 2692 1458 2760 lire trop?
1365 2736 2306 2820 Oui, monsieur, répondit Maurice; il y a bien six
1259 2806 2305 2862 mois que je n’ai ouvert un autre livre que mes
1259 2855 1663 2908 livres de comptes. »
1309 2902 2297 2975 M. de Gontheraut fit un geste d’étonnement. « Quoi!
1257 2979 2293 3037 dit-il, vous n’éprouvez pas le besoin de vous distraire
1261 3016 2294 3076 avec les fictions de quelque brillant romancier, ni
1256 3066 2286 3134 le désir de chercher parmi tous les talents contempo¬
1259 3114 2278 3171 rains, celui qui saura réunir l’austérité et la passion.
1253 3174 2286 3239 la raison et l'imagination, qui, familiarisé avec la
1261 3235 2277 3281 véritable philosophie, pourra assigner à chaque mou¬
1261 3269 2269 3343 vement de l'âme sa véritable cause et son but final”
1359 3322 2281 3390 Quand j'ai travaillé dix heures par jour, répon¬
1247 3381 2275 3444 dit posément Maurice, j’ai la vue et l’esprit trop fa¬
1249 3431 2277 3491 tigués pour m'enfermer avec des livres. J'ai besoin
1249 3485 2282 3549 d’air, de mouvement, et si j'ai quelques heures de
1239 3530 2284 3597 liberté, je vais chasser, ou me livrer à quelque autre
1240 3578 1564 3645 exercice violent.
1334 3635 2277 3728 Cependant, les besoins de l’esprit sont tout aussi
