2897 4318
1186 241 1355 332 275
614 341 854 433 SCÈNE X.
320 453 1140 523 LISBETH, LE GRAND-DUG, tenue simple.
248 564 1263 642 LE GRAND-Duc entre, regardant de droite et de gauche.
208 636 662 696 Ah! enfin, quelqu'un!
257 678 1259 747 LISBETH, tressaillant. Vous m'avez fait peur, mon¬
207 743 340 800 sieur!
255 776 1260 844 le Grasd-duc. Ce n'était pas mon intention, mais,
209 843 1267 895 ayant trouvé toutes les portes ouvertes, et personne
208 890 807 955 ne s'étant offert à mes yeux...
248 938 1256 999 LISBETH. C'est égal, on n'entre pas ainsi chez les
212 995 1263 1062 gens ! (A part.) Quel peut être cet homme? Il m'est
212 1047 1258 1099 suspect! (Haut.) Au fait, monsieur, qui vous amène?
219 1090 1270 1167 (A part.) Je voudrais bien que madame Gertrude fût
209 1144 1259 1204 avertie, mais comment laisser cet étranger seul, ici?
209 1204 618 1260 Si c'était un voleur !
248 1259 1155 1312 LE GRAND-DUG. Ce qui m'amène, mon enfant...
248 1298 1260 1363 LISBETH. D'abord, je vous prie de ne pas m'appeler
208 1362 1087 1430 mon enfant. (A part.) Si c'était un assassin!
248 1418 1260 1474 LE GRAND-Duc, souriant. Oh! oh!.. Ce qui m'amène,
208 1463 914 1540 mademoiselle... quel nom dirai-je?
245 1520 922 1584 LISBETH. Mademoiselle, tout court.
243 1568 1259 1627 LE GRAND-Duc. Ce qui m'amène, mademoiselle...
209 1614 1255 1681 (A part.) En attendant que paraisse mon vieil ami,
209 1674 1255 1754 amusons-nous! (Haut.) Ce qui m'amène, mademoi¬
208 1723 353 1790 selle...
248 1770 1260 1845 LISBETH, à part. Il est embarrassé; il a de mauvaises
208 1819 428 1894 intentions!
248 1874 1263 1962 LE GRAND-Duc. C’est la bienfaisance bien connue de
209 1927 524 2010 Son Excellence.
248 1958 1256 2059 LISBETH, à part. Il voudrait se faire passer pour
209 2038 487 2109 un mendiant.
257 2058 1263 2150 Le Grand-Duc. Je sais que Son Excellence pratique
209 2141 1255 2201 la charité la plus ingénieuse, ayant toujours du tra¬
216 2194 1259 2269 vail à donner à ceux qui, comme moi, n’accepteraient
211 2241 504 2326 point d’argent.
241 2294 1263 2363 LISBETH, à part. Sa voix m'émeut; si, pourtant, ce
201 2350 1263 2441 n'était point un fourbe!.. Ah! grâce à Dieu! voilà
201 2390 591 2466 madame Gertrude!
604 2522 874 2607 SCÈNE XI.
488 2613 974 2713 LES MÈMES, GERTRUDE.
248 2741 1000 2812 LISBETH. Monsieur, voici madame G...
255 2790 1259 2865 CERTRUDE, l'interrompant. Madame la baronne ! Faites
211 2856 991 2929 donc attention à vos paroles, ma nièce!
256 2906 1160 2965 LISBETH, bas à Gertrude. Mais ceci est sérieux!
259 2952 1263 3020 CERTRUDE, de même. Eh bien !... (Haut.) Que demande
217 3000 1266 3072 monsieur? et comment se fait-il que monsieur ait pé¬
215 3054 758 3129 nétré jusque dans ce Salon?
264 3110 1259 3177 LE GRAND-Duc. Faute d’avoir rencontré quelqu’un qui
217 3138 1264 3229 m’ait arrêté plus tôt, madame; mais, si j’ai commis
217 3210 1254 3284 une indiscrétion, je suis prêt à me retirer là où l’on
227 3253 707 3322 voudra bien m'entendre.
264 3313 1252 3392 CERTRUDE. Que vous ayez commis une indiscrétion,
223 3366 1264 3442 cela est très-certain, mais comme cela dépend, sans
220 3422 1259 3496 doute, de la mauvaise éducation que vous avez reçue,
221 3473 738 3532 je veux bien vous excuser.
255 3512 1083 3582 LE GRAND-Duc, à part. Singulière baronne !
259 3570 1215 3641 CERTRUDE. Qu’est-ce qu’il y a pour votre service?
259 3622 815 3684 LE GRAND Duc. Madame, je...
259 3684 1267 3751 CERTRUDE. Excellence vous écorcherait-il les lèvres?
259 3734 1267 3823 le GRAND-Duc, s'efforçant de rester sérieux. Je disais
1352 340 2407 409 à l'instant à la nièce de Votre Excellence, que ne met¬
1346 391 2357 479 tant point en doute la générosité de M. le Comte...
1390 451 2346 520 CERTRUDE, agitée. Vous connaissez M. le Comte?
1388 511 2342 578 LE GRAND-Duc. J'en ai beaucoup entendu parler.
1392 563 2407 626 CERTRUDE, à part, avec satisfaction. Il ne le connaît
1356 624 2406 691 pas! (Haut.) Vous vous êtes alors mis en campagne
1342 658 1927 735 afin de lui venir demander...
1390 708 2175 774 LE GRAND-Duc. Du pain pour du travail.
1388 768 1693 831 CERTRUDE. Ah !
1388 828 2411 884 LE GRAND-Duc. Puis-je obtenir la faveur de lui être
1351 863 1551 939 présenté?
1390 922 2411 990 CERTRUDE. Je n’y vois pas d’inconvénient. Ma nièce,
1346 980 2202 1040 priez le Comte de se rendre ici sans retard.
1383 1028 2159 1092 LISBETH, bas. Comment, vous voulez?..
1390 1076 2417 1152 GERTRUDE, bas. Va donc! Je me donne un plaisir de
1342 1128 1482 1204 reine!
1734 1226 2011 1306 SCÈNE XII.
1342 1326 2411 1388 CERTRUDE, LE GRAND-DUG. Gertrude s’assied; le
1410 1388 2350 1456 Grand-Duc, oubliant son rôle, va faire de même.
1387 1462 1738 1542 CERTRUDE. Hein?
1383 1483 2257 1587 LE GRAND-Duc, debout. Pardon! La fatigue...
1383 1544 2415 1639 GERTRUDE, à elle-même. Pauvre homme! au fait, s'il
1344 1622 2406 1686 est las!.. (Au Grand-Duc.) Eh bien! voyons, asseyez-
1344 1682 2407 1754 vous ; après tout, on n'est pas si féroce qu'on en a l'air !
1383 1737 2406 1794 LE GRAND-DUG, à part. C'est une bonne femme,
1339 1790 2206 1842 mais, je le répète, une singulière baronne !
1392 1838 2409 1906 CERTRUDE. Je n'aime pas qu'on parle tout seul, c'est
1344 1886 2405 1967 impoli ; décidément, vous avez été très-mal élevé ;
1342 1938 2042 2019 qu'est-ce que vous marmottiez là?
1383 1962 2283 2055 LE GRAND-Duc. Je me récriais sur votre bonté.
1388 2038 1975 2107 CERTRUDE, satisfaite. Oui-dà!
2017 2049 2407 2121 Vous me revenez,
1351 2077 2411 2183 vous, et ce ne sera pas de ma faute, si le Comte ne
1342 2147 2155 2201 trouve le moyen de vous rendre service.
1388 2181 2409 2286 LE GRAND-Duc. Votre Excellence est parente de Son
1340 2242 1587 2306 Excellence?
1388 2271 2414 2390 GERTRUDE, à part. Il se forme! (Haut.) Oui, et j'ai
1344 2347 1870 2423 sur lui quelque influence.
1390 2375 2389 2487 Le Grard-Duc. Et Votre Excellence daignera m'ap¬
1344 2433 2003 2533 puyer auprès de Son Excellence?
1382 2509 2022 2582 CERTRUDE. De toutes mes forces.
1383 2555 1975 2614 LE GRAND-Duc. Que de grâces !
1392 2587 2406 2672 CERTRUDE, à part. Il me semble qu’il aurait dû me
1344 2662 2397 2752 baiser la main, cela se fait... Son respect l'aura re¬
1342 2709 1460 2797 tenu!
1719 2789 2031 2912 SCÈNE XIII.
1532 2901 2226 3017 LES MÉMES,HERMANN, LisbETH.
1387 2997 2399 3076 CERTRUDE. Comte voici un brave homme... (A la
1342 3074 2407 3137 vue d'Hermann, le Grand-Duc n'a pu se défendre d'un
1342 3124 2175 3208 mouvement. — Au Grand-Duc.) Qu'est-ce?
1387 3173 1847 3250 LE GRAND-Duc. Plaît-il?
1387 3233 1869 3290 CERTRUDE. J'avais cru...
1383 3256 2221 3336 LE GRAND-Duc. Votre Excellence avait cru?
1392 3309 2399 3389 GERTRUDE. Je me serai trompée. — Comte, voici un
1344 3373 2398 3446 brave homme que vous m’obligeriez de placer quelque
1352 3425 1906 3504 part. (Bas.) Et pour de bon!
1390 3474 1945 3558 HERMANN, bas. Par exemple!
1399 3532 2035 3596 CERTRUDE, bas. Je m'y intéresse!
1399 3577 1974 3648 HERMANN, bas. Et plus tard?..
1395 3622 2407 3696 GERTRUDE, bas. Est-ce que monseigneur n’approuve
1359 3686 2146 3760 pas tout ce que vous faites en ce genre?
1395 3744 2207 3815 HERMANN, bas. Cet homme nous vendrait!
