2897 4318
1200 316 1337 402 283
316 512 2083 649 ÉCONOMIE DOMESTIQUE
223 699 1235 803 MOYEN D'OTER LES TACHES DE CRAISSE SUR LE
182 784 1233 853 DRAP ET LE MÉRINOS.— Prenez un ou plusieurs jaunes
176 839 1235 913 d'œuf, selon l'étendue de l'objet que vous voulez dé¬
176 894 1238 966 graisser, battez-les dans un peu d'eau, étendez-les, au
173 946 1233 1015 moyen d’une brosse ou d‘un lampon de linge bien
182 1001 1238 1067 propre, sur la tâche, frottez fort dans le sens du
176 1045 1233 1112 drap; avec une autre brosse, imbibée d’eau pure,
179 1103 1106 1186 lavez, essuyez le jaune d’œuf, et laissez sécher.
209 1172 1233 1271 MARARONI (VERITABLE RECETTE NAPOLITAINE)
228 1263 1235 1318 Faites bouillir le macaroni dans de l'eau ou du
173 1310 1238 1384 bouillon, jusqu'à la presque entière cuisson; faites
1312 702 2383 790 égoutter, en laissant au fond de la casserole un peu
1315 776 2377 845 d'eau ou de bouillon. Mettez au feu dans un autre
1312 834 2385 900 vase des morceaux de filet de bœuf et de jambon,
1310 883 2385 946 coupés très-mince et mouillés de bouillon; quand ils
1312 938 2377 1001 sont assez cuits, arrangez le macaroni en couche.
1310 993 2380 1059 versez par dessus du fromage de Parmesan râpé ,
1310 1045 2380 1114 mêlez-y quelques morceaux de filet et de jambon,
1310 1089 2372 1156 remettez du macaroni, du fromage; finissez la pyra¬
1312 1150 2372 1213 mide par une couche de Parmesan, mettez dix mi¬
1312 1202 2374 1260 mutes sous le four de campagne pour faire prendre
1315 1255 2372 1343 couleur, et servez très-chaud. Vous aurez soin de
1310 1307 2019 1387 saler convenablement le macaroni.
721 1736 1874 1962 Correspondance
176 2096 2388 2201 PLANCHE IX. — 1, Quart d’un mouchoir — 2, Susanne — 3, C. 0. — 4, A. D. — 5, Claire — 6 et 7, Passe et bavolet
253 2165 2383 2248 d'un bonnet du matin — 8, M. G. — 9, G. V. — 10, Zénobie — 11, A. X. — 12, Irène — 13, J. L. C. enlacés — 14, An¬
253 2218 2369 2306 gèle — 15, Manchette — 16, Bøse — 17, Col Pierrot allant avec la manchette du numéro 15 — 18, 19, Col et manchetie —
256 2281 2385 2352 20, O. L. enlacés — 21, E. E. en lacés — 22, Léonie — 23, M. E en lacès — 24, Marcelle — 25, Quart d’un mouchoir
253 2322 2396 2394 simple — 26, Dessin pour aube — 27, Emma — 28, P. C. enlacés — 29, A. D. — 30, Col simple — 31, Manche de
259 2385 2355 2460 l’aube — 32, Riche entre-deux — 33, Boutonnière — 34, Festons — 35, Entre-déux — 36, Autre entre deux
259 2438 2388 2517 37, Mouchoir de poupée — 38 et 39, Grand et petit alphabet — 40, Entre-deux — 41 et 42, Manteau d’automne — 43 à
1318 2495 2361 2564 — 50, Croquis de cette robe — 51, Tapisserie par signes
264 2509 1293 2561 49, Robe VICTORIA pour petite fille de trois à cinq ans
259 2545 2361 2641 52 et 53, Poudrière de chasse — 56, Croquis du bonnet dont le dessin est au numéro 6 — 55, Corbeille de bureau
253 2611 1266 2669 56, Bretelle de fusil — 57, Panier orné de fleurs en cuir.
333 2666 1233 2724 La petite édition finit au numéro 9 inclusivement.
228 2872 1246 2969 Ainsi donc, poursuivant ton vol audacieux, te voilà
184 2919 1238 3013 à Berne, ma chère Florence? Décidément, ta bonne
193 3007 1249 3070 mère ne pourra s'empêcher de venir à Paris; vous
198 3062 1235 3117 avez, tout proche de vous, un chemin de fer si en¬
193 3109 1241 3178 gageant ! Comment y résister? Un chemin de fer
201 3167 1244 3233 qui vous montre non-seulement, à son point extrême,
193 3211 1244 3279 de tendres amies, les bras tout grands ouverts, mais
198 3263 1238 3340 encore sur sa voie, la cathédrale de Strasbourg, cette
193 3313 1238 3387 inimitable dentelle de pierre, et le tombeau de Char
198 3362 1244 3436 lemagne; il me semble que, seul, le pèlerinage au
198 3417 1246 3489 tombeau du grand empereur, motiverait suffisamment
201 3475 1246 3535 un voyage à Aix-la-Chapelle. Charlemagne est l'un de
184 3513 1246 3601 mes héros de prédilection... mais nous sommes déjà
193 3571 1241 3637 loin de Strasbourg et d’Aix-la-Chapelle... tu as tra-
198 3634 1249 3700 versé Cologne la ville impériale, et remontant le
187 3676 1260 3758 Rhin allemand, le vieux fleuve aux eaux vertes et
193 3725 1249 3791 rapides roulant au pied des anciens burgs déman¬
193 3777 1252 3868 telés, te voici en Suisse, à Bâle, à Zurich, au lac des
1321 2859 2391 2960 Quatre-Cantons, près d’Altorf, le berceau de l'indé¬
1329 2947 2388 3021 pendance helvétique; tu arrives enfin à Berne, la ville
1323 3007 1524 3087 aux ours.
1365 3051 2380 3112 Il y en a cinq ou six vivant dans les fossés des for¬
1329 3103 2380 3175 tifications, et les Bernois les nourrissent avec une pa¬
1321 3150 2380 3227 ternelle sollicitude. Il y en a quatre en pierre aux
1329 3197 2377 3285 portes de la ville, et les factionnaires veillent à leur
1321 3260 2377 3332 conservation avec une sollicitude non moins tou¬
1326 3304 2372 3373 chante. Te voilà à Berne, et de la terrasse de l'Es¬
1321 3351 2380 3425 clue, tu peux voir dans le lointain les chaînes nei¬
1329 3417 2380 3486 geuses des montagnes de l'Oberland... la Yung frau..
1321 3469 2380 3541 la Gemmi!.. Hélas! ta pauvre amie est à Paris et ne
1332 3527 2162 3588 voit ces beaux pays que par le souvenir...
1373 3571 2380 3634 Florence, est-ce que, dans la bonne ville de Berne
1321 3615 2377 3687 c'est toujours la coutume d'obliger, bon gré mal gré.
1321 3667 2377 3755 les gens à souffler leurs chandelles et à dormir aus¬
1318 3717 2380 3805 sitôt neuf heures sonnées? Au siècle dernier, il en
1321 3766 2385 3874 était ainsi; une boutade de voyageur nous l'apprend;
