2897 4318
1228 224 1344 298 215
181 306 1255 367 quelque peu gênante aux bonnes ménagères et à leurs
171 367 1254 412 enfants rassemblés en famille, sans toilette, au coin
170 404 1251 481 du feu ou sur le banc du jardin. En ceci, ma chère
178 466 1254 524 enfant, comme en beaucoup d'autres choses de la
178 515 1254 578 même importance, il faut absolument se conformer
173 568 596 639 à la coutume locale.
222 622 1254 688 Le tact, l'esprit de convenance vous diront assez
181 680 1247 741 quel genre de toilette, plus ou moins élégante, con¬
186 744 1254 802 vient à telle ou telle visite. Les visites de nouvel an,
181 785 1254 854 les visites d'étiquette à des supérieurs, les visites de
177 849 1247 899 noces demandent uneawlette plus soignée que les vi¬
171 898 1254 959 dites de deuil et de condoléance... Des plumes, des
174 944 1255 1012 dentelles, des volants me sembleraient assez ridicules
174 996 1247 1057 pour une visite du matin, faite à une amie; une toi¬
174 1054 1251 1110 lette trop négligée pour une visite d’étiquette pourrait
170 1099 1247 1166 blesser certaines personnes à qui vous devez des
171 1151 1247 1234 égards. Je ne vous parlerai pas de la manière d’en¬
173 1209 1246 1289 trer dans un Salon et de saluer la maîtresse de la mai¬
166 1269 1244 1331 son et les autres personnes qui se trouveraient chez
171 1329 1247 1374 elle; les plus belles description sont lettre close, et
170 1367 1242 1439 l’étude d’un bon modèle, d‘une femme calme et polie,
174 1429 1240 1489 simple et distinguée, fera mieux que tous mes dis¬
174 1481 1251 1533 cours. Quelques jeunes personnes baisent la main de
166 1533 1242 1586 la maîtresse de la maison; je ne vous engage pas à
166 1584 1247 1643 adbringing cet usage, qui a quelque chose de maniéré, et
169 1631 1239 1696 je vous demande en grâce aussi d’éviter les embras¬
159 1697 1240 1750 sades entre jeunes filles, qui attirent les yeux et pro¬
170 1739 1242 1813 voquent souvent les railleries. Un serrement de main,
166 1802 1236 1855 un mot affectueux, ne suffisent-ils pas à l'expression
158 1844 543 1904 de vos sentiments?
208 1859 1242 1965 Il ne me serait pas facile de déterminer la durée que
166 1946 1239 2018 doit avoir une visite; vous pourrez juger aux fréquents
166 2013 1240 2071 silences, à l’air un peu absorté de la maîtresse de la
159 2066 1236 2119 maison, à ses yeux tournés vers la pendule, qu’il est
167 2104 612 2166 temps de vous retirer.
200 2162 1240 2230 J’aimerais bien que vos visites fussent plutôt courtes
159 2228 1236 2286 que longues : il vaut mieux exciter les regrets que
159 2266 1240 2332 l'ennui, et tant d'occupations utiles remplissent la vie
156 2322 1239 2390 d'une femme, qu’elle ne peut donner aux visites qu'un
158 2373 1227 2449 temps limité. En vous conseillant de ne pas vous dé¬
154 2438 1236 2496 rober aux relations nécessaires, indispensables à la
167 2486 1229 2553 vie sociale, je n’ai pas voulu prétendre, et vous le
162 2534 1236 2607 comprenez de reste, qu’elles pussent empiéter sur les
166 2576 1229 2655 devoirs et les affections qui réclament la meilleure
162 2629 684 2702 part dans votre existence.
194 2689 1229 2762 Après avoir fait des visites, vous en recevrez. Je
166 2750 1231 2811 vous engage, ma très-chère fille, à apporter dans
159 2804 1228 2864 vos réceptions le plus de cordialité et de politesse aisée
159 2855 1229 2921 et simple qu'il vous sera possible. Que votre Salon soit
158 2897 1228 2969 toujours tenu en ordre et votre toilette de chez vous
152 2953 1228 3029 convenable et soignée, et vous vous trouverez à l’abri
152 2999 1224 3075 de ces petits soucis, de ces peites inquiétudes d'amour¬
158 3048 1217 3132 propre qui souvent absorbent les femmes les plus ai¬
158 3113 1217 3180 mables lorsqu’elles reçoivent une visite à l’improviste.
160 3152 1232 3240 Elles ne sont pas à la conversation, elles ne n'occupent
170 3218 1229 3298 pas de ceux qui les visitent : le désarrei du Salon, le
160 3272 1227 3343 décousu de leur toilette fixent toutes leurs pensées, et
165 3321 1221 3395 quelques maladroites causes ne réparent pas le mal
170 3367 1220 3448 qu'un peu d’ordre et de soin eût prévenu. Si plusieurs
165 3415 1227 3506 personnes se trouvent rassemblées chez vous, tâchez
1336 305 2418 408 de rendre la conversation générale : les à-parté sont
1344 378 2422 472 peu obligeants, et, presque toujours, quelque nouvelle
1337 431 2418 511 arrivée, timide, étrangère, pauvre peut-être, s'en
1344 487 2419 570 trouve exclue, et elle se retire mécontente de vous
1340 547 2411 630 et des autres. Quant à la conversation elle-même,
1340 594 2411 669 éloignez-en, par délicatesse de conscience et par déli¬
1341 651 2415 729 catesse de goùt, tout ce qui est calomnie, médisance,
1341 696 2422 774 raillerie méchante, révélation du secret d'autrui, con¬
1338 756 2419 828 tradiction persévérante, esprit d'aigreur, de dispute et
1338 805 2424 881 de taquinerie. soyez prudente, modérée et sobre en
1348 866 2418 926 parlant de vous-même; soyez très-douce et trè¬
1338 910 2422 989 ritable envers le prochain. Si on l'attaque devant vous,
1334 970 2425 1043 défendez-le lorsque vous le pouvez, et si vous ne le
1340 1020 2422 1088 pouvez pas, faute de bonnes raisons, ou parce que
1340 1068 2411 1140 l’âge et la position de celle qui l’attaque vous impo¬
1337 1132 2413 1210 sent le silence, au moins n’approuvez ni par le rire,
1334 1164 2411 1255 ni par le geste, et que votre silence improbatif fasse
1338 1217 1911 1299 tomber ce genre d’entretien.
1374 1268 2403 1353 Les fortunes étranges et rapides de nos jours amè¬
1323 1350 2409 1404 nent fréquemment dans les salons des personnes qui
1322 1386 2414 1467 sont fort étonnées de s'y voir; si le hasard vous place
1325 1436 2403 1511 à côté de l'une d’elles, ne croyez pas, ma chère fille,
1330 1493 2404 1556 vous distinguer en lui montrant de la hauteur; sou¬
1333 1557 2409 1609 venez-vous de ce mot de Fénelon : Je serais bien mé¬
1322 1588 2411 1677 prisible si j'étais méprisant; distinguez-vous, à la
1323 1656 2414 1720 bonne heure, mais que ce soit par la politesse et les
1331 1711 2411 1783 égards que l'on doit toujours aux invités de ceux qui
1331 1767 2403 1829 vous reçoivent aussi. Je ne vous conseille ni les con¬
1333 1824 2403 1880 versations suivies, ni la familiarité avec les gens que
1322 1852 2406 1945 vous ne connaissez pas, mais je vous exhorte à ne pas
1322 1915 2392 1995 imiter les femmes qui croient se distinguer des par¬
1322 1965 2396 2048 venues en détournant la tête, en ne les saluant pas,
1318 2018 2400 2093 en laissant tomber sur elles leurs regards écrasants et
1319 2073 1571 2139 dédaigneux.
1368 2131 2395 2207 Remarquez, en passant, chère Albertine, que pour
1318 2177 2396 2245 être polie il faut avoir au moins l’écorce de toutes les
1326 2237 2400 2298 vertus que le christianisme commande : — l’humilité
1316 2289 2396 2354 qui s'efface devant les autres, — la charité qui oublie
1315 2341 2396 2410 les torts et pallie les fautes; — l’esprit d’égalité évan¬
1319 2400 2403 2462 gélique qui voit en tous les hommes des frères, des
1311 2455 2399 2515 membres d'une seule famille; rien de plus opposé à la
1314 2505 2388 2558 politesse que les vices opposés au christianisme : l'or¬
1306 2555 2394 2618 gueil,— la colère, — l'esprit calomniateur et médisant,
1368 2599 2029 2660 la hauteur et les airs de mépris.
1359 2651 2394 2712 Un parfait chrétien serait un homme parfaltement
1321 2701 2394 2773 poli, de la politesse du cœur à laquelle on ajouterait
1315 2762 2390 2819 si vite le vernis des usages et du savoir-vivre, et je me
1304 2808 2388 2871 figure que saint François de Saies, cet homme si pé¬
1308 2868 2396 2934 nétré de la moelle de l'Evangile, devait être le plus
1315 2920 2055 2977 gracieux gentilhomme de son siècle.
1352 2969 2388 3044 En voilà bien long, chère enfant. Mes conseils, vous
1306 3023 2388 3078 le comprenez, s’adressent plus aux temps futurs
1308 3075 2384 3140 qu’aux temps actuels; puisque vous êtes en puissance
1306 3129 2381 3191 et en jouissance de père, vous suivez son impulsion;
1318 3177 2370 3245 vous n’avez pas encore à choisir vos relations, à di¬
1308 3230 2381 3295 riger vos démarches, mais lorsque ce moment sera
1315 3298 2384 3344 venu, vous vous souviendrez des conseils de votre
1315 3340 2383 3401 vieille amie, et vous les relirez en pensant à son inal¬
1306 3396 1655 3457 térable affection.
2059 3437 2203 3505 M. M.
