2822 3966
1612 97 1701 196 42
593 177 1447 253 « La flamme éclaire, mais elle consume ! »
602 248 1593 296 »Toute petite, cette enfant chantait, chantait chan-
553 295 1596 345 tait, des aira jolis à vous remuer le cœur, et jamais
557 343 1591 400 les mêmes ; nous ne savions où elle les allait prendre ;
545 392 1593 451 un monsieur l’entendit, et, trouvant cela merveilleux,
542 447 1591 506 il lui donna, gratis, des leçons de piano, de composi-
554 503 1595 562 tion, d’harmonie, comme il disait; alors, elle fit des
557 551 1589 617 chansons ; ses chansons furent vendues ; elle en fit
557 613 1592 668 d’autres ; celles-ci le furent moins ; elle imagina de
547 659 1593 716 travailler pour les théâtres ; elle en perdait la boire et
547 716 1587 769 le manger ; ses fraîches couleurs se fanaient, ses lèvres
550 763 1584 821 désapprenaient le sourire ; à vingt-ans, son front avait
547 810 1589 869 un grand pli comme on n’en a qu’à soixante ; quand
547 865 1588 929 elle parlait de son opéra, elle vous communiquait
541 917 1588 971 la fièvre! Chez elle, pour la soutenir à ne rien faire
535 962 1584 1030 d’un rapport immédiat, petit à petit on vendait tout;
539 1018 1581 1080 elle le voyait, et son ardeur à la poursuite de sa
538 1076 1581 1125 chimère en augmentait, mais son travail, pour être
535 1120 1580 1176 hâté, ne s’en trouvait peut-être pas meilleur ; ces
535 1175 1584 1229 états-là sont des états de riches; il y faut du loisir.
528 1226 1588 1281 Enfin, après des armées de démarches, l’opéra fut
545 1276 1583 1339 joué; il échoua, et Louise en mourut, au milieu de
534 1332 1581 1384 la misère des siens: misère qu’on ne lui reprochait
539 1380 1573 1445 pas, pourtant ! C’est pourquoi, madame la baronne,
528 1430 1561 1494 je m’en tiens à ce que j’ai dit, tout en vous remer-
535 1482 1313 1540 ciant, de tout mon cœur, de vos bontés.
581 1529 1569 1593 Et Jeannette Lebègue, qui avait sa petite table à
528 1584 1569 1648 écrire à côté de celle de Jeanne du Coudray, prit l’ha-
534 1635 1576 1707 bitude de se retirer pendant les leçons de dessin et de
535 1690 1576 1754 piano que recevait cette dernière, la sage nourrice
531 1746 1567 1813 ayant d’ailleurs, disposé de ces heures-là, pour les tra¬
532 1793 1573 1855 vaux du ménage; de cette sorte, Jeannette croissait en
523 1847 1567 1929 savoir, et ne s’en accoutumait pas moins, aux diffi-
527 1887 970 1946 cultés de sa condition.
574 1931 1575 2008 Jeanne et Jeannette avaient de nombreux points de
528 1985 1567 2067 ressemblance ; elles étaient naïves, gaies et vraies;
523 2053 1569 2115 elles avaient l’esprit droit, l‘humeur douce et le cœur
523 2102 1569 2161 sensible ; seulement, soit qu’elle fût d’un tempérament
535 2150 1569 2213 plus lymphatique, soit l’effet de l‘extrême facilité
516 2212 1564 2268 d’accomplissement que rencontraient ses moindres
518 2252 1567 2316 désirs, Jeanne aimait le bien, sans doute, et elle en
519 2307 1567 2374 recherchait la pratique, mais à la condition que cela
510 2361 1573 2424 ne lui coûtât ni fatigues ni soucis; tandis que pour
518 2409 1571 2480 venir en aide à ceux qui souffraient, Jeannette devait
515 2461 1569 2535 forcément payer de son activité et de ses peines;
508 2508 1407 2582 l’une exerçait la charité, l’autre l‘ordonnait?
547 2564 1561 2636 A l’époque de leur première communion, par exem-
504 2601 1556 2692 ple, Jeanne avait voulu que toutes les jeunes filles
510 2678 1563 2746 qui devaient s’agenouiller à ses côtés à la sainte table
506 2707 1557 2805 fussent habillées à ses frais, et que, ce jour-là,
507 2768 1550 2853 elles dînassent avec sa mère; la baronne avait ac-
504 2827 1560 2905 quiescé de grand cœur à ce désir ; à toutes les com¬
500 2889 1559 2959 muniantes un habillement complet avait été porté, la
510 2928 1545 2999 veille de la première communion, avec une invita-
499 2972 1549 3061 tion à dîner pour le lendemain, sauf à une seule, dont
507 3023 1541 3120 l’extrême difformité aurait, à ce qu’avait pensé made-
508 3082 1548 3172 moiselle du Coudray, affligé les yeux et les coeurs;
504 3128 1553 3219 cette enfant avait été à demi brûlée, et en était restée
507 3176 1553 3271 borgne et horriblement couturée; il était trop vrai
514 3234 1544 3328 que son aspect faisait éprouver une sensation péni¬
504 3277 1545 3383 ble; mais, elle aussi, quelles sensations plus pénibles
506 3332 1542 3434 encore ne dut-elle pas ressentir en recevant ses blancs
504 3383 1545 3481 vêtements, de ne les voir point accompagnés de l’ai-
499 3439 1540 3536 mable petite lettre, que la plupart de ses compagnes
500 3485 1550 3592 avaient reçue ! En vain, Jeanne avait eu l’attention
500 3538 1540 3668 de joindre au carton qui contenait les habits un ample
1678 188 2731 272 panier de provisions; Adélaïde n’en pleura pas moins
1677 245 2729 323 à chaudes larmes, et la veille du grand jour et le
1679 291 2723 372 jour même, et ses pleurs redoublèrent, quand elle
1686 357 2721 428 vit, midi sonnant, les autres jeunes filles entrer triom¬
1687 402 2087 463 phantes au château.
1725 451 2728 530 La grille écussonnée et surmontée de la couronne
1678 502 2725 577 de baron ne s’était pas refermée sur la dernière
1671 565 2720 636 d’entre elles, qu’une voix mélodieuse — quelle voix
1671 610 2720 681 n’est mélodieuse lorsqu’elle part du cœur? — vint
1670 660 2389 715 faire tressaillir la pauvre délaissée.
1722 704 2723 791 « Adélaïde, veux-tu que je dîne avec vous autres ?
1670 769 2355 841 lui demandait Jeannette Lebègue.
1770 825 2719 900 Hein, fit Adélaïde? j’ai mal entendu, sans doute,
1671 864 2719 938 toi la sœur de lait, l’amie de mademoiselle Jeanne,
1664 936 2720 998 tu n’es point là-bas? tu n‘es point assise à ses côtés? »
1706 982 2713 1058 Et lorsque Jeannette eut renouvelé sa requête, lors¬
1671 1022 2723 1108 que la petite infortunée fut certaine que Jeannette lui
1667 1108 2721 1172 sacrifiait le beau repas dans la belle salle, son visage
1663 1148 2723 1208 se couvrit de larmes, douces celles-ci, et, à travers ses
1664 1191 2723 1274 larmes, il y eut un tel rayonnement de bonheur dans
1666 1267 2728 1344 ses traits, qu’elle n’en était presque plus laide, et que
1664 1310 2343 1387 Jeannette l’embrassa sans dégoût.
1713 1349 2728 1416 «Oh! Jeannette, Jeannette, que tu es bonne! mur¬
1659 1418 2724 1481 mura-t-elle; après mademoiselle Jeanne, tu aurais été
1663 1474 2720 1530 la plus fêtée au château, et tu me sacrifies ce bonheur !
1663 1526 2720 1605 Madame la baronne t’aurait embrassée, et c’est moi
1671 1572 2063 1650 que tu embrasses! »
1701 1626 2720 1693 Et, assise à la table rustique, entre Jeannette et sa
1655 1694 2716 1746 mère, Adélaïde se trouva si heureuse, que, seul, le
1659 1738 2603 1801 bonheur de Jeannette pouvait surpasser le sien !
1699 1788 2716 1866 Plus tard mademoiselle du Coudray continuant sa
1658 1854 2717 1922 voie, son nom avait brillé dans toutes les listes de
1662 1907 2708 1970 souscriptions, à côté des plus gros chiffres; il n’y
1655 1957 2711 2017 avait ni incendiés ni inondés qui fissent en vain
1654 2013 2716 2063 appel à sa charité, et c’était bien; et si la bienfaisance
1655 2063 2711 2125 autrement exercée éveille de plus tendres sympathies,
1651 2107 2711 2180 néanmoins celle-ci mérite aussi nos éloges. Il n’y a
1655 2162 2733 2217 que Dieu qui préfère le denier de la veuve à l’or
1646 2214 2708 2287 du pharisien. Nous ne nous élevons donc point contre
1647 2265 2713 2331 Jeanne, nous constatons simplement des faits ; nous
1648 2311 2696 2385 analysons deux coeurs également bons, mais diverse
1647 2367 2713 2438 ment généreux; nous mettons en regard, pour tout
1647 2422 2712 2483 dire, la charité passive et la charité qui agit, afin de
1652 2480 2711 2539 prouver aux pauvres que, quoique pauvrès, l’exercice
1640 2540 2712 2582 de cette douce vertu ne leur est point interdit, et
1640 2583 2708 2642 aussi dans le but de montrer quelle est, des deux
1640 2638 2712 2689 sources, la plus fécondante et la plus salutaire à soi¬
1640 2684 2713 2760 même et aux autres. La satisfaction de mademoiselle
1643 2735 2708 2799 du Coudray, entourée de ses compagnes, habillées par
1646 2791 2708 2864 elle et recevant de sa main des mets exquis, avait
1638 2839 2699 2915 été grande sans nul doute ; mais la pourrait-on com¬
1636 2898 2705 2963 parer à ce qu’avait éprouvé Jeannette changeant les
1639 2949 2692 3019 larmes de douleur de la pauvre Adélaïde en des lar-
1635 2996 1902 3063 mes de joie?
1682 3053 2705 3126 Après les inondations de la Loire, en 1849, les
1628 3114 2696 3176 journaux avaient parlé de la bienfaisance de made¬
1627 3177 2695 3238 moiselle du Coudray, alors âgée de vingt et un ans
1628 3230 2700 3286 accomplis : elle possédait de l’héritage de son père,
1635 3281 2701 3332 mort depuis plusieurs années déjà, une petite ferme
1628 3329 2700 3393 entourée de vignobles; cette petite ferme, elle en avait
1628 3380 2687 3436 fait une donation authentique à trois des familles le
1631 3434 2687 3495 plus nombreuses, parmi celles que le débordement
1631 3493 2685 3566 avait ruinées. Il n’y avait là qu’à louer, aussi les
1628 3534 2687 3619 louanges ne manquèrent pas ; mais l’acte passé et les
1620 3587 2687 3659 louanges savourées, le bienfait se trouva lui avoir
