2959 4075
1628 118 1721 217 246
583 187 1617 283 Voyez-les ces pauvres chiens avec leur toque sur
536 272 1617 331 l'oreille et leur veste brodée de paillon ! Ils vont pa¬
535 327 1620 387 rader à la foire, exécuter sur un tréteau leurs plus
535 381 1620 441 beaux tours et désigner en levant la patte la personne
535 429 1624 494 la plus gourmande de la société. Derrière la toile de
548 484 1624 545 la baraque, dans le chenil du maître, ils attendent
533 533 1620 602 leur tour d'exhibition. Jamais on n'a vu figures de
545 588 1616 650 chiens plus renfrognées et plus douloureuses : — Ah!
538 649 1614 711 sans la pâtée qui bouillotte sur le poêle de fonte,
545 714 1624 760 comme ils enverraient loin leurs harnais! — Quelle
542 754 1614 812 belle, franche et solide peinture! M. Joseph Stevens
535 815 1423 873 a cinq tableaux de cette force à l’exposition.
577 852 1612 911 Puisque nous parlons des peintres étrangers, di¬
535 915 1610 977 sons un mot des tableaux de M. Knaus, qui a obtenu,
529 964 1613 1030 il y a trois ans, un si beau succès avec ses Paysans
526 1016 1612 1084 et ses Bohémiens. Cette année, il expose un enterre¬
524 1071 1598 1136 ment et une nouvelle scène de Bohême, qui réunis¬
526 1126 1606 1185 sent moins de suffrages. C'est que sa peinture spiri¬
524 1179 1609 1239 tuelle, mais creuse, pâlit bien dans le voisinage de
529 1227 1198 1292 celle de MM. Willems et Stevens.
571 1282 1612 1347 Parmi les bons portereits qui figurent à l’exposition
528 1339 1598 1400 cette année, distinguons le portrait équestre de l'em¬
538 1396 1599 1458 pereur, celui du maréchal Canrobert et celui de ma¬
526 1446 1471 1506 réchal Bosquet, qui sont de M. Horace Vernet.
571 1495 1606 1560 M. Hébert est un peintre des plus sympathiques. Il
529 1555 1609 1612 est poète au suprême degré; l’âme resplendit à travers
524 1617 1609 1662 ses portrait; chacun de ses tableaux raconte un
529 1659 1612 1720 émouvant épison; nous avons de lui cette année : les
526 1713 1599 1775 Fiénarolles de San-Angelo vendant du foin à l'entrée
524 1762 1444 1820 de la ville de San-Germano, et deux portrait.
559 1816 1593 1878 Il faut citer aussi parmi les portrait vraiment re¬
521 1873 1607 1928 marquables ceux qu’exposent MM. Rodakowski, Ri¬
524 1925 1275 1985 card, Chaplin, Baudry et Benouville.
562 1975 1596 2045 Regardez les tableaux de M. Cabanel, mesdemoi¬
526 2032 1595 2090 selles, si vous voulez voir de la grande et noble pein¬
518 2077 1595 2145 ture; ceux de M. Baudry si vous voulez vous donner
526 2142 1607 2199 une idée de la manière des peintres des anciennes
524 2189 1598 2248 écoles d’Italie; ceux de M. Bouguereau si vous aimez la
526 2245 1596 2303 peinture décorative; ceux de M. Ziem si vous rêvez
521 2300 1593 2356 de Venise, du grand canal, de l'Adriatique et de Saint¬
518 2351 1596 2408 Marc; ceux de M. Maurice Sand si votre imagination
521 2404 1596 2455 est attirée vers les traditions fantastiques et les su¬
521 2450 1599 2514 jets de ballade; ceux de MM. Eugène Lambert, Phi¬
514 2511 1593 2567 lippe niousseau, couturier, Palizzi, si, d’un esprit plus
518 2570 1592 2629 positif, vous aimez à jouer avec les animaux familiers,
517 2621 1396 2674 et à observer les moeurs des lapins civilisés.
571 2664 1598 2732 Voulez-vous rêver du pays des fées? arrêtez-vous
519 2704 1589 2790 devant les paysages de M. Corot; de l’Orient, de ses
511 2781 1590 2830 minarets et de ses déserts? devant ceux de M. Fromen¬
511 2828 1602 2890 tin. — Aimez-vous, au contraire, la nature coquette
517 2881 1588 2956 des jardins anglais? voyez les paysages gais et pleins
514 2933 1589 2999 de soleil de M. Français. S'il vous faut de bonnes
510 2988 1600 3054 et franches études de la vraie nature, cherchez ceux
511 3046 1588 3102 de MM. Cabat, Louis Leroy, Nazon, Eugène de Va¬
500 3095 1582 3160 rennes, Lavieille, Schutzemberger, Chintreuil, La¬
508 3149 832 3222 fage et Haffner.
548 3189 1588 3267 M. Panguilly-l’Haridon peint les preux des anciens
508 3264 1578 3329 âges; M. Edouard Frère les intérieurs sobres et tran¬
511 3316 1588 3375 quilles de la vie réelle; M. Antigna les scènes désolées
508 3367 1586 3436 des inondations de l'an passé; M. Brion les jongleurs
504 3427 1588 3491 et les badauds du seizième siècle; M. Jeanson la plage
505 3474 1582 3545 d’Ambleteuse, qui finira par être connue sous tous ses
507 3529 1585 3598 aspect s’il la représente encore deux ou trois fois.
557 3583 1579 3655 Il faut avoir vu les tableaux de M. Jalabert, Ra¬
512 3621 1586 3713 phaël dans son atelier et Roméo et Juliette. Il faut cher¬
508 3698 1637 3782 cher les dessins de M. Bida et ceux de M, Barion,
1716 183 2778 289 Vous regarderez certainement sans que je vous le re¬
1714 289 2791 352 commande les beaux portrait au pastel de M. Eugène
1706 327 2573 390 Giraud et les gracieux dessins de M. Vidal.
1745 428 2787 510 C'est un groupe de M. Perraud, l'Enfance de Bac¬
1697 488 2784 559 chus, qui obtient le succès de l’exposition de sculpure.
1699 539 2784 611 M. Perraud est un nouveau venu dans la voie du
1697 600 2784 667 succès, et il ne pouvait venir plus à temps, car la mort
1699 653 2787 714 éclaircit bien les rangs des statuaires célèbres; depuis
1697 714 2776 783 quelques années, Pradier, David et Rude sont tom¬
1697 760 2776 832 bés l’un après l‘autre. Simart vient de partir jeune
1702 816 2777 877 encore... Au Salon de cette année, deux de ces grands
1696 871 2773 940 artistes ont laissé une trace de leur glorieux passage
1693 929 2774 987 à travers nos expositions. C’est ainsi que nous pou¬
1702 971 2787 1035 vons admirer le Soldat blessé de Pradier, terminé
1702 1033 2773 1092 par M. Lequesne, et les trois dernières œuvres de Rude:
1693 1081 2774 1149 l'Amour dominateur, Hébé et l'aigle de Jupiter, et une
1689 1129 2118 1187 belle tête de Christ.
1735 1182 2776 1248 L'Ariane de M. Aime Millet est une excellente figure.
1692 1239 2769 1310 La Chute des feuilles de M. Schröder intéresse et attire.
1693 1296 2770 1353 C’est une mélancolique statue de femme qui conserve
1688 1351 2770 1416 sur le visage la beauté transparente des poitrinaires,
1690 1405 2770 1462 et qui enveloppe ses membres amaigris dans une
1686 1465 2767 1516 ample draperie. Ici, l’âme triomphe de la forme; les
1700 1506 2766 1572 grandes lignes rachètent par leur noblesse la grâce
1688 1568 2773 1624 qui manque aux contours. La Jeune Convalescente de
1688 1612 2774 1672 M. Loison est de la même famille artistique que la
1688 1671 2767 1733 Chute des feuilles de M. Schröder. Le Thésée enfant de
1688 1723 2770 1779 M. Falguière est une des meilleures figures du Salon.
1733 1775 2759 1841 Mais ce qu’il faut surtout que vous alliez chercher
1688 1833 2773 1894 ce sont les bestes de M. Oliva et la collection de tous
1682 1879 2374 1942 les types africains par M. Cordier.
1730 1928 2770 1993 M. Oliva est un portraitiste fort comme les maîtres
1685 1990 2771 2042 de l'école française, alors qu'ils se nommaient: Girar¬
1690 2042 2770 2099 don, Bouchardon, Houdon, Caffiéri. Le busle de M.
1685 2096 2774 2158 Gerbet, évêque de Perpignan, est admirable; celui de
1690 2146 2776 2204 Mme H. L. est aussi magnifique. Je n'ai pas encore vu
1688 2210 2597 2265 celui du père Ventura par le même statuaire.
1723 2248 2767 2311 Rien n’est curieux comme la collection de têtes qu’a
1682 2308 2771 2362 su réunir M. Cordier. Où a-t-il trouvé ses modèles? En
1688 2362 2767 2419 vérité, il faut qu'il ait parcouru l'Afrique du nord au
1682 2415 2764 2472 midi et de l’est à l‘ouest ! Le marbre noir, le bronze de
1676 2469 2763 2526 toutes les teintes, l’onyx ont été réunis et travaillés
1682 2519 2760 2580 de toutes façons pour arriver à la réalisation de ces
1682 2573 2764 2633 douze types jetés sur un même continent. Il y a des
1682 2631 2754 2688 Arabes, des Nègress, des Kabyles,des Malais, des Mau¬
1682 2678 2760 2738 res et des Mauresques. Je pense et j'espère que ces
1682 2729 2757 2795 têtes d’étude sont commandées pour quelque musée.
1730 2829 2773 2904 C’est à dessein que jusqu’à présent je ne vous ai
1675 2897 2764 2956 point parlé des femmes exposantes; j'ai voulu leur
1678 2957 2760 3015 consacrer un paragraphe spécial; j’ai voulu, en con¬
1678 2999 2776 3066 statant les succès de quelques-unes d'entre elles, vous
1678 3050 2774 3118 bien renseigner sur la place qu'elles occupent parmi
1678 3112 2218 3167 les-artisteséééils, fait, vos toutes pörains, la
1717 3163 2767 3216 Si je devais vous parler ici de toutes les femmes
1678 3216 2763 3271 exposantes, certes le numéro entier du journal n'y suf¬
1675 3270 2767 3326 firait pas; mais à quoi bon vous entretenir du tableau
1682 3323 2767 3385 de fleurs de mademoiselle xx, ou du tableau de genre
1675 3379 2760 3437 madame X, juste assez bien peints pour que le Jury
1675 3433 2760 3491 les ait admis, et juste assez insignifiants pour que
1675 3481 2757 3544 le public passe devant, deux mois durant, sans les
1675 3547 1923 3621 apercevoir?
1717 3581 2764 3676 Ce n'est pas qu'il ne faille déjà beaucoup de talent
1675 3640 2750 3726 pour arriver à être reçu par le Jury de l'Exposition :
1671 3705 2754 3778 mais tous les talents qui brillent dans l’isolement pâ¬
