2907 4318
1282 203 1351 301 31
219 273 1274 383 67, CROQUIS D'UN TABOURET BRIOCHE que l'on fait au
169 375 1271 429 tricot anglais. Je ne sais si tu te rappelles que le tri¬
166 426 1135 509 cot anglais se fait simplement comme il suit :
208 464 1267 563 1 maille sans la tricoter, 1 jetée, 1 maille glissée à
162 541 1279 624 l’envers sans la tricoter, 2 mailles ensemble, 1 maille
166 594 751 676 à l’endroit, et ainsi de suite.
233 663 1268 726 Pour ce tabouret, il faut deux cent cinquante
162 715 1278 783 grammes de laine de Saxe (dix fils) divisés en trois
169 775 1271 835 nuances de vert pour les trois quarts, et le dernier
169 831 1266 885 quart, noir. Sur des aiguilles en huis, ayant un centi-
162 882 1270 949 mètre de circonférence, monte 55 ou 60 mailles de
166 939 1274 991 n’importe quelle nuance. Fais ton tricot ainsi que je
166 994 1268 1051 viens de te l’expliquer; une fois arrivée vers la fin de
156 1037 1274 1109 l’aiguillée, laisse six mailles sans les tricoter, puis
159 1089 1268 1167 tu retourneras le tricot; à chaque tour tu feras de
159 1150 1268 1215 même jusqu’au milieu de l’ouvrage, ne tricotant les
162 1208 1278 1277 mailles laissées qu’en changeant de menace, c’est ce
167 1271 1271 1338 qui forme les diminutions. Les côtes que t’indique le
169 1323 1271 1384 croquis sont formées par les diverses nuances de vert
166 1376 1266 1436 ou par le noir ; ainsi, les trois nuances de vert se ré¬
169 1433 1268 1500 pètent huit fois ; chaque côte est composée de huit
162 1486 1266 1540 rangs; entre chaque trois nuances de vert, une petite
159 1541 1253 1597 côte noire est formée par trois Tours seulement ; lors
162 1585 1271 1653 que le tricot est terminé, on ferme la brioche par un
162 1646 1267 1707 point de surjet que l’on place à l‘envers. Pour monter
159 1699 1263 1764 ce tabouret, tu tailles d’abord dans du calicot une
153 1760 1268 1816 enveloppe ayant les dimensions du dessus que tu
159 1812 1267 1882 viens d’achever ; cette première enveloppe, que l’on
157 1858 1263 1941 bourre de plumes, est elle-même recouverte par
164 1922 1266 1974 une seconde en percaline de la couleur des laines.
166 1972 1266 2036 Cela fait, on joint ce coussin à un rond de carton
162 2033 1259 2095 de même dimension que le rond de calicot; ce rond
162 2085 1266 2145 est ensuite recouvert de percaline, sur laquelle on
162 2130 1260 2201 fixe ensin l’ouvrage au tricot; après cela, l‘on fait,
162 2181 1263 2245 à l’aide d’un moule, un large pompon que l‘on fixe
160 2247 1266 2315 au-dessus de ce cousin; dans le milieu de ce pompon
162 2298 1263 2354 est une ficelle qui traverse la plume et que l’on noue
157 2351 1259 2411 sous le carton, afin d’obtenir le creux que tu vois
157 2394 467 2460 dans le milieu.
199 2468 1266 2524 Quelques-unes de nos amies m’ont, dans le courant
153 2506 1266 2574 de l’année qui vient de s’écouler, demandé plusieurs
153 2564 1260 2640 fois la signification de certains termes de tricot ou de
153 2626 1253 2694 crochet : voulant, cette année, leur éviter cet ennui,
153 2672 1260 2764 je vais répéter ce que je crois avoir déjà dit bien des
152 2725 243 2782 fois.
199 2786 1260 2856 On appelle, pour le tricot, faire une rétrécie à l'en-
159 2832 1252 2928 vers, prendre deux mailles ensemble et les tricoter
157 2881 367 2952 à l'envers.
201 2944 1254 3027 Une rétrécie de trois mailles, prendre une maille
153 2995 1249 3073 sans la tricoter, faire une rétrécie à l’envers, croiser
153 3070 1253 3128 avec l’aiguille gauche la maille nulle, sur la rétrécie.
205 3109 1245 3189 Une rétrécie surjetée, faire une maille nulle, trico-
159 3175 1249 3246 ter une maille à l’endroit, jeter la maille sur la
153 3214 527 3299 maille à l’endroit.
199 3282 1245 3378 Une rétrécie à l’endroit ou diminution, prendre
156 3342 1250 3447 deux milles ensemble et les tricoter comme une
153 3390 537 3463 maille à l’endroit.
199 3452 1252 3529 Une maille prise en dedans, c’est prendre la maille
152 3505 1253 3586 comme si l’on faisait une maille nulle, mais sans la
149 3553 1133 3634 laisser glisser, et la tricoter comme à l’endroit.
197 3617 1116 3702 Une jetée, c’est passer le fil devant l’aiguille.
194 3671 1250 3762 Une jetée tournée à l’endroit, c’est prendre le fil
156 3741 1246 3799 qui se trouve derrière l’aiguille droite, l‘enroulant à
152 3788 1239 3865 l’aiguille de manière à ce qu’il revienne dans sa pre-
146 3838 464 3928 mière position.
1410 280 2470 420 Une jetée tournée à l’envers, prendre le fil qui se
1370 385 2463 489 trouve devant l’aiguille, le tourner sur l‘aiguitle et le
1359 438 1720 514 ramener devant.
1412 495 2439 590 Voilà pour le tricot. Maintenant, pour le crochet :
1409 546 2467 638 Faire une demi-bride, c’est passer le crochet dans
1369 606 2457 689 la maille du rang précédent, sans jeter le fil sur le
1364 661 1532 730 crochet.
1413 680 2464 785 Une bride, c’est jeter la maille sur le crochet, pas¬
1362 779 2453 840 ser le crochet dans la maille du rang précédent, pi
1362 820 2463 900 quant le crochet par-dessus, reprendre ensuite le fil,
1362 874 2470 942 le passer dans cette maille, jeter le fil sur le crochet
1360 944 2463 1029 que l’on passe dans deux mailles seulement, jeter le
1359 987 2043 1065 fil et repasser dans deux mailles.
1408 1024 1876 1114 68, Isménie, plumetis.
1401 1097 2013 1181 69 et 70, COLS pour poupées.
1362 1218 2457 1341 EXPLICATION DE LA GRAVURE POUR JEUNES FILLES.
1399 1321 2466 1426 Robe de tarlatane à deux jupes. Ces jupos sont or¬
1359 1398 2468 1473 nées, dans le bas, de deux bouillonnés de même
1359 1468 2468 1536 étoffe que la robe ; au-dessus de ces bouillonnés se
1358 1507 2459 1599 trouvent trois rubans de taffetas, dont le plus large,
1353 1579 2463 1643 n° 12, est encadré par deux autres du n° 5. Ces
1364 1625 2473 1705 rubans sont, de distance en distance, placés dans
1356 1682 2470 1755 la hauteur des jupes, passant dessus et dessous
1352 1732 2453 1808 les autres, et puis arrivés aux bouillonnés, ils for-
1359 1795 2467 1856 ment une sorte de boucle dont le bout se replie sous
1352 1850 2467 1925 le bouillonné. La berthe est composée de deux rangs
1352 1890 2453 1978 de dentelle; entre les rangs, sur le devant, sur les
1353 1958 2454 2015 épaules et par derrière, se trouvent des nœuds sans
1356 2001 2460 2070 bouts, faits avec les rubans des deux largeurs; un
1353 2059 2454 2131 bouquet de roses de haie se voit à droite du corsage,
1356 2117 2450 2187 les manches sont formées par un seul bouffant. Coif¬
1352 2163 2459 2248 fure de bal exécutée par M. Leblond : les cheveux de
1348 2236 2445 2287 derrière sont noués et forment trois coques lisses
1351 2276 2460 2351 des deux côtés desquelles sont jetées des branches de
1348 2339 2457 2396 roses ; devant, les cheveux sont séparés en travers
1353 2394 2460 2449 par une natte posée en couronne ; les mèches d’en
1348 2446 2456 2512 haut sont crêpées, celles du front relevées en coque
1346 2507 2453 2571 et fixées sur la natte, celles de la tempe, dirigées en
1348 2558 2442 2626 arrière, forment un bandeau droit et bombé. Quel¬
1351 2613 2256 2680 ques roses sont placées parmi les bandeaux.
1391 2661 2445 2718 La jeune fille portant un vrai burnous arabe, a une
1346 2711 2447 2785 robe dont les neuf volants sont alternés crêpe et taf¬
1353 2764 2446 2831 fetas, avec bord déchiqueté ; la berthe, faisant pointe
1352 2820 2442 2896 devant et derrière, se compose, ainsi que les petites
1345 2881 2243 2955 manches, de deux volants crêpe et taffetas.
1390 2931 2439 3008 Le petit turc porte une jupe de percaline lustrée,
1348 2992 2446 3056 une veste de drap brodée en soutache ; l’écharpe est
1341 3047 2449 3118 rayée en travers, les guêtres sont brodées comme la
1349 3090 1470 3164 veste.
1387 3129 2432 3207 Le costume de la petite fille se compose d’une pre-
1345 3206 2432 3270 mière jupe en taffetas rayé bordé d’un velours ; sur
1348 3252 2435 3312 cette jupe en retombe une autre également en taffe¬
1341 3305 2442 3360 tas, mais uni ; elle est relevée de côté par un nœud
1338 3360 2431 3422 à bouts; le corsage, encore en taffetas, est bordé de
1348 3419 2429 3480 velours; dans les cheveux, un petit pouff en blonde
1335 3469 2103 3547 s’entremêle à des rubans de velours.
1392 3532 2432 3596 Toilettes de jeunes femmes. — Robe de moire anti¬
1345 3589 2432 3653 que; sur la jupe trois volants de dentelle ont pour
1335 3647 2424 3703 tête une guirlande de feuillage en velours; la dra¬
1341 3696 2421 3755 perie formant berthe, est bordée d’une dentelle rappe-
1338 3753 2432 3813 lant les volants. Coiffure de M. Croisat : chou fait à
1338 3805 2432 3868 main levée, se composant d’un colimaçon en rouleau,
1328 3850 2436 3919 retenu par un peigne, et d’une coque lisse faite avec
