2897 4318
1227 245 1327 345 293
208 337 1249 432 daignera-t-il me pardonner le crime d’un jour d‘éga¬
203 409 1246 486 rement. C’est en vous que j’espère, c’ est à vous d’ap¬
208 463 1253 545 pliquer le remède sur mes plaies. Au nom du ciel,
205 531 871 599 mon père, prenez pitié de moi! »
250 574 1256 637 Ambroise, touché, se recueillit, puis répondit d'un
203 623 699 694 accent ému et paternel :
300 682 1253 739 Eh bien, puisque la colère des souverains et l’é¬
203 718 1253 803 garement des juges humains peuvent produire les plus
200 781 1253 838 funestes conséquences, promettez-moi d’ordonner
203 848 1239 899 que désormais les sentence de mort et de confisca¬
200 885 1249 939 tion ne seront exécutées que trenle jours après avoir
200 935 1253 998 été prononcées, pour laisser à la raison le temps de
203 989 1246 1067 revenir à l’examen et de réformer des jugements trop
210 1043 581 1112 souvent précipités.
295 1086 1249 1176 En présence de Dieu et des hommes, j’en prends
196 1143 744 1208 l'engagement, dit Théodose.
250 1195 1247 1263 — Et moi, dit Ambroise, je vous permets de ren¬
194 1254 1244 1332 trer, purifié, dans la maison de Dieu. Suivez-moi,
194 1303 427 1374 mon fils. »
231 1362 1253 1412 Les portes s’étaient ouvertes. Théodose entra, et
194 1407 1247 1471 s’étant prosterné en se frappant la poitrine, il pro¬
194 1457 1247 1525 nonça à haute voix ces paroles de David : « Mon âme
194 1509 1247 1581 est demeurée attachée à la terre; rendez-moi la vie,
196 1560 855 1643 Seigneur, selon votre promesse. »
1378 344 2389 420 Puis il se dirigea vers le trône épiscopal, où Am¬
1334 415 2389 494 broise s'était placé entouré de tout son clergé, et là,
1332 465 2351 541 le visage inondé de larmes, il reçut l'absolution (1).
1374 512 2393 588 La foule qui remplissait l’église s’était agenouillée
1331 574 2393 632 respectueusement, et bientôt il n’y eut plus qu’une
1339 632 2393 691 prière d’amour pour le grand coupable réconcilié, et
1334 670 2382 743 de reconnaissance pour le Dieu clément qui lui ren¬
1336 723 1771 793 dait ses bénédictions.
1848 772 2268 845 ALFRED DES ESSARTS.
1371 985 2389 1067 (1) Cette scène a été retracée par le peintre Subley¬
1331 1038 2396 1110 ras, dans un tableau dont nous offrons la gravure à nos
1331 1107 2396 1157 lectrices, et qui se trouve au Musée du Louvre. — Pierre
1331 1149 2393 1204 Subleyras, né à Uzès en 1699, élève d’Antoine Rivalz, rem¬
1331 1194 2394 1251 porta à Paris, en 1724, le grand prix académique sur le
1331 1244 2387 1303 sujet du serpent d’airain. Parti pour Rome en 1728, il s’y
1327 1296 2384 1346 maria à donna Felice Tibaldi, qui excellait dans la minia¬
1334 1339 2393 1390 ture. Les Académies de Saint-Luc et des Arcadiens le reçu¬
1326 1388 2393 1435 rent parmi leurs membres. Subleyras eut l’honneur de voir
1336 1431 2401 1478 un de ses tableaux exécuté en mosaïque pour Saint-Pierre
1327 1478 2396 1525 de Rome. Il mourut dans la ville éternelle, à l’âge de cin¬
1329 1513 2400 1581 quante ans. On ne dit pas qu'il ait formé d'élève d'un talent
1326 1563 1511 1626 distingué.
600 1924 1992 2113 THÉODORE DE DE NEUHOF
682 2367 1886 2493 Explication de l’Enigme Historique de Septembre.
215 2557 1241 2651 La lutte acharnée des Corses contre les Génois,
182 2627 1228 2696 leurs oppresseurs, durait depuis sept ans; abandon¬
182 2689 1241 2750 nés de toute l’Europe, les premiers venaient de se
191 2741 1235 2799 constituer en république, sous la protection de la
187 2786 1223 2852 Sainte-Vierge, lorsqu'en 1736, un bâtiment, sous pa
193 2837 1235 2910 villon anglais, débarqua au port d'Aleria le baron
198 2884 600 2963 Théodore de Neuhof.
236 2936 1235 3010 Né à Metz en 1690, d'un gentilhomme westphalien,
194 2984 1239 3059 Théodore de Neuhof avait été attaché comme page à
194 3041 1237 3114 la duchesse d'Orléans, puis, il était entré au service
200 3095 1241 3159 de la Suède. Là, son talent pour les négociations l'avait
194 3139 1237 3229 fait remarquer du ministre favori de Charles XII, du
198 3187 1234 3284 baron de Goïats, qui l'avait employé dans plusieurs
201 3250 1234 3319 missions secrètes en Angleterre. Pendant plusieurs
194 3300 1239 3382 années, Théodore mena une vie agitée, tantôt mêlé à
201 3350 1234 3427 de grandes affaires politiques, tantôt en proie aux sou¬
198 3399 1241 3482 cis de la pauvreté et poursuivi par d’impitoyables
198 3461 1241 3524 créanciers. Il se fixa enfin à Florence. Là, les affaires
194 3506 1239 3588 de la Corse attirèrent son attention; il se lia avec
193 3567 1237 3628 quelques chefs corses, il les séduisit par ses promesses
193 3607 1237 3690 et ils s’engagèrent à le placer à leur tête. Fort de ces
196 3661 1232 3734 promesses, il parcourut le continent, il chercha au¬
194 3718 1235 3807 près de toutes les cours des ressources pour la Corse,
1315 2575 2372 2648 mais il échoua partout. Le bey de Tunis, auquel il
1315 2642 2375 2710 s’adressa en désespoir de cause, se laissa persuader,
1315 2691 2372 2750 et lui donna un vaisseau, quelques armes et un mil¬
1315 2741 2380 2809 lier de sequins. Le vaisseau arbora effrontément le
1322 2797 2379 2858 pavillon anglais et se présenta devant l’ile de Corse.
1315 2849 2382 2901 Théodore annonça aux habitants qu’il venait chasser
1322 2901 2379 2958 les Génois et qu’il arrivait muni de trésors immenses.
1315 2951 2372 3008 Il répandit dans le peuple quelques sequins; à ces chas¬
1310 3014 2370 3059 seurs aux pieds nus il fit présent de bons souliers
1319 3054 2372 3114 de cuir, ce qui leur parut une magnificence toute
1319 3104 2372 3168 royale, et il n’eut pas de peine à captiver la confiance
1317 3151 2361 3227 publique. On le proclama roi sous le nom de Théo¬
1315 3217 2370 3267 dore 1er, on frappa à son effigie quelques monnaies,
1312 3265 2370 3321 il eut une cour et des ministres. Il fit acte de souve¬
1310 3303 2372 3376 raineté en promulguant des lois, en distribuant des
1315 3357 2360 3428 brevets de noblesse et en créant un ordre de che¬
1324 3425 2372 3489 valerie. Il fit mieux, il battit les Génois sur plusieurs
1324 3467 2368 3543 points; mais les secours qu’il avait promis n’arri¬
1315 3519 2375 3581 vant pas, la confiance publique s'ébranla peu à peu;
1315 3583 2377 3638 il s'en aperçut et il quitta l'ile, pour presser l'arrivée
1315 3619 2372 3682 de ces forces alliées qu’il avait annoncées à son peu¬
1324 3683 2375 3744 ple. Il mendia par toute l’Europe un appui qu’il ne
1322 3729 2372 3814 put obtenir; à Amsterdam, un créancier le fit jeter en
