2907 4318
1290 193 1384 307 27
176 253 1284 367 restée dans les limbes de la médiocrité. La partition de
176 347 1273 406 M. Biletta a relevé le poème d’une chute presque certaine
170 392 1284 455 Elle est d’une mélodie élégante et facile, et, s’il y manque
170 443 1276 506 l’originalité qui complète le talent véritable, il faut peut-
170 489 1290 565 être l’attribuer plus à l‘exiguité des idées dans la pièce
170 543 1270 617 qu’au manque d’imagination du compositeur musicien
168 594 1279 656 Nous citerons, au premier acte, le début et la coda de l’ou¬
170 636 1273 705 verture ; un ensemble du chœur et des voix principales avec
168 676 1267 756 accompagnement de cloches; le cantabile du prince de
165 730 1270 796 Salma : « Chambre discrète et solitaire, » et enfin une prière
168 787 1273 850 de jeune fille, suivie d’un tremolo en sourdine d‛un excel¬
165 830 364 909 lent effet.
199 886 1276 946 La canzonnetta du deuxième acte : « Assise au bord du
168 918 1276 1000 lac tranquille,» dite avec beaucoup de grâce et de chaleur
165 989 1270 1043 par Mlle Moreau-Sainti a obtenu de légitimes applaudissse-
168 1037 1273 1094 ments. Plusieurs passages d’un duo entre Teobaldo et la
165 1077 1273 1142 Rose de Florence méritent d’être remarqués. L’air du ma-
156 1117 1267 1190 jordome : « Pages, demoiselles ,» avec ses roulements de
165 1179 1273 1242 grosse caisse et ses sifflements de piccolo, a généralement
168 1233 1273 1298 fait plaisir. Enfin la cavatine : « Cette fraîche rose c’est toi,»
176 1279 1281 1347 qui semble être le motif favori de l’opéra, est traitée avec
168 1327 1276 1389 beaucoup d’entrain, de verve et de correction. Roger a
168 1381 1267 1441 composé avec une habileté pleine de naturel et de sentiment
168 1421 1273 1486 la physionomie de Teobaldo. Mlle Moreau-Sainti a tenu les
165 1472 1273 1534 promesses de son début. Les costumes et les décors étaient
156 1520 372 1597 splendides.
199 1557 1273 1642 Le théâtre de l’Opéra-Comique vient de nous donner un
156 1594 1256 1693 nouvel opéra en deux actes, de MM. de Saint-Georges et Cla-
159 1676 1264 1736 pisson, intitulé le Sylphe. La pièce est attachante et d’une
156 1725 1264 1784 allure vive et spirituelle. La musique est adaptée au libretto
156 1781 1264 1844 avec infiniment de tact et de bonheur ; les morceaux chan-
1290 1776 1308 1826 4
1372 276 2480 392 tés par Mme Caroline Duprez au premier acte, ainsi que la
1375 367 2475 438 trio dans lequel ils sont encadrés, ont immédiatement cap¬
1375 415 2483 486 tivé l’auditoire. Le terzetto sans accompagnement : « La
1369 466 2472 540 beauté que notre cœur préfère, » a produit un excellent effet ;
1364 523 2472 585 enfin le chant du sylphe accompagné de soupirs, de rica-
1364 560 2469 628 nements et de tous les moyens poétiques mis en oeuvre
1367 611 2475 707 dans le monde éthéré des gnômes, est à coup sûr la perle
1364 656 1656 722 de la partitión.
1406 707 2469 770 Quoique moins riche, le deuxième acte contient un cer-
1361 753 2483 815 tain nombre de morceaux gracieux et bien composés. L’air
1364 801 2478 872 de bravoure de Mme Dupré, les jolis couplets du rossignol,
1364 850 2480 923 admirablement chantés par Faure, et le duo final ont enthou-
1361 892 2469 977 siasmé le public, dont les bravos réitéres ont ébranlé la
1367 949 2461 1017 salle. L’orchestre, parfaitement conduit, s’est acquitté ma
1355 994 2463 1080 gistralement de sa mission, et il est à supposer que la syl-
1364 1054 2449 1136 phe, ce petit être aérien et capricieux, va se fixer pour long
1358 1102 2216 1165 temps sous les ombrages de l'Opéra-Comique
1401 1134 2458 1219 A l’occasion du premier janvier, ce beau jour de l‘année
1361 1176 2463 1264 où tant de désirs sont éveillés, tant de présents attendus,
1361 1244 2466 1313 nous recommandons, non pas à nos jeunes lectrices, mais à
1361 1304 2469 1361 ceux de leurs parents et de leur amis qui veulent leur
1358 1347 2469 1409 offrir quelques nouveautés musicales, les publications du
1364 1398 2469 1460 Ménestrel, c’est-à-dire le plus charmant recueil qu’on puisse
1352 1441 2469 1514 imaginer. Un nouvel album de chant, de Massini, composé
1352 1489 2466 1566 de six romances, et un autre d’Abadie; plusieurs album
1355 1546 2472 1605 de piano par Félix Godefroy, Paul Bernard, Micheli Lon¬
1352 1600 2472 1656 gueville, Strauss, réunissent toutes les conditions qu’on
1355 1648 2461 1702 cherche dans un hommage où l’utilité se joint au bon goût.
1355 1688 2458 1779 Dans notre prochaine revue, nous parlerons de ces compo
1352 1733 1861 1818 sitions avec plus de détail.
1949 1790 2301 1852 MARIE LASSAVEUR.
321 1958 1159 2049 ECONOMIE
1159 1972 1202 2026 0
1202 1960 2324 2066 DOMESTIQUE.
202 2054 1264 2168 MARRONS GLACÉS. — Placez vos marrons dans une
156 2131 1264 2228 poële percée, posez-les sur un feu doux, faites-les
159 2213 1267 2270 griller ; cette première préparation terminée, dépouil-
153 2250 1262 2336 lez les marrons de leur écorce; mettez chaque mar¬
159 2310 1262 2378 ron au bout d’un rameau, et treinpez-les dans le su¬
159 2370 1264 2438 cre cuit au grand caramel, de manière à ce qu’ils
159 2424 1259 2495 soient entièrement imbibés; égoutez-les et laissez-les
153 2463 1262 2543 reposer sur une plaque légèrement enduite de beurre
156 2523 1262 2605 frais. Détachez-les des baguettes, et serrez-les en un
156 2574 540 2648 lieu sec et chaud.
205 2634 1298 2711 POMMADE POUR ARRÊTER LA CHUTE DES CHE¬
1352 2108 2446 2174 VEUX. — Prendre deux onces de saindoux, deux ou¬
1347 2157 2452 2228 ces de graisse d’oie ; jeter de l’eau bouillante sur
1355 2219 2452 2279 chaque graisse en particulier, attendre qu’elle ait figé,
1350 2273 2461 2336 après cela retirer l’eau ; on recommencera trois fois
1347 2327 2455 2395 la même opération. Prendre les deux graisses et les
1352 2387 2449 2443 délayer dans deux onces d’huile de ricin; y ajouter
1355 2438 2449 2500 vingt grammes de sel blanc et un demi-verre de
1347 2495 2455 2557 rhum, battre le tout pendant trois quarts d’heure;
1347 2540 2452 2608 le parfum qui convient le mieux à cette pommade, et
1350 2603 2455 2668 qui corrige l’odeur désagréable de l‘huile de ricin, est
1344 2642 1563 2725 la vanille.
955 2902 977 2975 6
892 2878 1722 3017 Correspondance.
153 3086 2441 3194 PLANCHE L — 1, 2 et 3, manchette et garniture — 4 et 5, col et manchetle — 6, bas de jupon — 7, entre-deux — 8, écus¬
193 3162 2435 3225 son — 9, V. D. — 10, P. C.— 11, M. R.—12, M, A. A—13, C. B. —14, entresdeux — 13, écusson avec les lettres E. D L.
202 3219 2438 3273 — 16, E. E. — 17, Ernestine — 18, dessus de guéridon — 19, Hortense — 20 et 21, entre-deux — 22, O. R. — 23, mo
199 3253 2443 3333 choir avec écusson — 24, T. F. — 23, H. L. — 26 et 27, col et garniture — 28, P. A. — 29, entre-deux — 30 et 31, col ei
205 3324 2441 3387 manches — 32, bande assortie — 33, C. G. — 34, Giorgiana — 33; J. B. — 36, Thérésa — 31, Gustavie — 38, bourse de
202 3387 2438 3475 quêteuse — 39, mouchoir — 40, dessin pour volant de robe — 41, Esther — 42, Flore — 43, écusson avec les lettres J. F.
205 3444 2438 3509 — 44, T. C. — 43 à 48, patrons d’une sortie de bal — 49, croquis de la sortie dé bal — 50 et 51, patron de pantalon
199 3500 2441 3577 pour femme — 52, tapisserie par signes, bouquet de pensées — 53, croquis de la manche bouillon — 54 et 53, alpha¬
193 3552 2435 3640 bets — 56, Théodora — 37, écusson avec le nom de Marthe — 58, écharpe polonaise — 59, Elisabeth — 60, croquis d’une
193 3608 2435 3674 fanchon au filet — 61, manche bouillon en taffetas — 62, manchette au crochet — 63, pelote-pouff — 64, Celestine —
188 3668 2017 3745 65 et 66, dessous de lampe — 67, tabouret-brioche — 68, Isménie — 69 et 70, cols pour poupées.
193 3736 1276 3847 Te voilà, Florence, sur la route de Nice, où la santé
151 3836 1276 3907 de ta bonne mère t'appelle; je reste donc seule, en
1327 3739 2426 3856 face de cette aimable tâche mensuelle, que tes obser-
1315 3833 2429 3932 vations, tes conseils, tcs rieuses boutades même, ren¬
