2897 4318
1180 300 1282 386 323
179 373 1175 469 Dans les Repues franches, poésies sans nom d'au¬
139 450 1186 517 teur, insérées à la suite des œuvres de Villon et attri¬
142 496 1191 561 buées à ses disciples, on le voit tour à tour, pour se
142 544 1195 603 régaler avec ses compagnons de débauche, mystifier
135 603 1188 651 un pâtissier crédule, ou dérober subtilement, en plein
139 651 1186 712 marché, la chair et le poisson, le pain et le vin;
130 715 1191 768 s’approprier en un mot, comme ajoute Colletet avec
135 752 1182 814 une adorable naïveté, « toutes les autres choses né¬
135 810 1179 861 cessaires véritablement à la vie, mais que l'on peut
139 847 1182 915 véritablement aussi, acquérir par des moyens plus
135 910 712 981 honnêtes et plus légitimes. »
171 950 1182 1028 Pour achever en quelques fraits de plume la bio¬
139 1009 1192 1082 graphie de maître François, disons tout de suite qu'il
139 1074 1188 1121 a dû mourir sur la fin du quinzième siècle, sans qu'on
142 1118 1188 1182 puisse trop savoir s'il trépassa de sa bonne mort... et
145 1180 1049 1239 passons incontinent à l’examen de ses œuvres.
178 1232 1179 1288 Elles se composent d’abord de deux pièces capi¬
142 1271 1191 1328 tales, intitulées le Petit et le Grand Testament; vient
145 1325 1182 1381 ensuite un certain nombre de ballades et poésies di¬
147 1378 1182 1432 verses, le tout terminé par le Jargon ou Jobelin, en
135 1427 1188 1488 argot de l’époque. Naturellement, nous n’avons pas à
135 1479 1182 1541 nous occuper de cette dernière partie du volume.
141 1530 1182 1602 C’était affaire à feu Vidocq. Par malheur, il n’y a ja¬
139 1582 371 1653 mais songé.
178 1631 1179 1698 Revenons à notre écolier parisien. Encore une fois,
139 1688 1182 1752 c’est une vraie muse que la sienne, muse hardiment
139 1740 1175 1801 populaire, énergiquement traviale; et à côté de cela
139 1792 1188 1850 tantôt folle comme une bacchante, tantôt rêveuse
135 1843 1175 1894 comme un souvenir... Elle rit, elle pleure; elle raille
135 1895 1184 1966 elle s’exalte; elle fait vibrer avec une égale puissance
139 1952 1188 2011 toutes les notes de l’âme humaine; elle parcourt en
139 2008 1182 2054 un clin d’œil les touches sans nombre du clavier in¬
139 2049 247 2105 time.
178 2095 1184 2168 A peine sorti des bancs de l’Amplissime Université,
145 2149 1186 2215 Villon se joignit à de jeunes drôles, comme lui, je¬
134 2206 1182 2282 tant leur gourme; comme lui, fringants échappés de
130 2256 1178 2329 la vie honnête et calme; comme lui, narguant à plai¬
135 2321 1182 2375 sir la foule placide, laborieuse et bourgeois. Dieu
138 2359 1182 2422 sait comme ils s'empressaient de vivre, tous ces bons
139 2422 1192 2473 compagnons!.. et Dieu sait aussi combien tombaient
134 2460 1184 2550 en route, avant d’avoir accompli le quart du voyage !..
135 2515 1186 2591 Maître François, regardant autour de lui, se vit un
133 2565 1188 2631 beau jour presque seul de la bande... et, passant la
135 2627 1188 2708 main sur son front, il murmura ces vers empreints
142 2668 662 2761 d'une tristesse poignante :
265 2764 777 2859 Où sont les gracieux galants
280 2841 805 2902 Que je suivais au temps jadis,
267 2887 901 2968 Si bien chantants, si bien parlants,
267 2924 826 2984 Si plaisants en faits et en dits?
273 2976 857 3041 Les aucuns sont morts et roidis ;
275 3021 932 3081 D’eux il n’est plus rien maintenant...
275 3070 715 3131 Repos à tous en paradis,
279 3114 931 3179 Et Dieu sauve le remenant (restant) !
183 3204 1099 3293 Quel pénible retour il fait alors sur lui-même !
277 3328 779 3393 Si ne suis, bien le considère,
277 3373 809 3431 Fils d’ange, portant diadème
277 3420 877 3483 D'étoile ni d'autre sidère (astre)....
280 3462 1017 3526 Mon père est mort... Dieu en ait l’âme !...
284 3508 1182 3582 Quant est du corps, il gît sous lame (sous la tombe).
279 3562 850 3617 J’entends que ma mère mourra,
279 3605 891 3666 Et le sait bien, la pauvre femme !
272 3649 782 3728 Et le fils pas ne demourra...
183 3741 1198 3834 Il insiste sur cette terrible pensée de la mort; il la
1269 395 2324 473 commente avec une sombre et douloureuse énergie;
1269 447 2332 538 il la retourne, en quelque sorte, dans son cœur qui
1272 503 2196 584 saigne, comme un couteau dans une blessure :
1402 605 2005 666 Je connais que pauvres et riches,
1402 655 2094 715 Sages et fols, prêtres et lais (laïques),
1411 696 2003 753 Nobles, vilains, larges ou chiches,
1402 741 2028 794 Petits et grands, et beaux et laids,
1401 798 1960 849 Dames à rebrassés collets (1),
1410 836 1861 894 De quelconque condition,
1407 890 1932 946 Portant atours et bourrelets,
1411 934 1891 996 Mort saisit sans exception.
1404 1021 1881 1089 Et meure Pâris ou Hélène,
1411 1081 2069 1146 Quiconque meurt, meurt à douleur;
1407 1121 1964 1183 Celui qui perd vent et haleine,
1406 1168 1967 1227 Son fiel se crève sur son cœur ;
1404 1221 2024 1277 Puis sue... Dieu sait quelle sueur !
1402 1264 2001 1342 Et n'est qui de ses maux l'allége :
1411 1310 1938 1367 Car enfant n’a, frère ni sœur,
1414 1337 2276 1451 Qui lors voudrait être son plége (son répondant).
1305 1426 2326 1534 Arrive, là-dessus, cette admirable Ballade des dames
1267 1516 2332 1592 du temps jadis, tant de fois citée, et qui le sera si
1268 1573 1606 1633 souvent encore :
1406 1663 1940 1733 Dites-moi où, n’en quel pays,
1410 1706 1935 1786 Est Flora, la belle Romaine ;
1411 1755 1802 1817 Archipiada, ni Thaïs,
1411 1805 1938 1858 Qui fut sa cousine permaine;
1411 1840 2074 1928 Echo, parlant, quand bruit on mène,
1404 1891 1916 1959 Dessus rivière ou sus étang,
1412 1938 2129 1995 Qui beauté eut trop plus qu’humaine?...
1402 1983 2245 2049 Mais où sont les neiges d’antan (de l’an passé) !
1402 2054 1859 2145 Où est la très-sage Héloïs
1403 2123 1997 2186 Pour qui autrefois devint moine
1402 2184 1958 2227 Pierre Abailard à Saint-Denis?
1402 2210 2207 2284 Pour son amour eut cet essoine (cette peine).
1406 2276 1969 2337 Semblablement, où est la reine
1411 2314 1927 2381 Qui commanda que Buradan
1401 2366 1964 2420 Fût jeté en un sac en Seine?...
1402 2411 1991 2484 Mais où sont les neiges d'antan!
1399 2493 1991 2565 La reine Blanche, comme un lis,
1404 2552 1954 2610 Qui chantait à voix de sirène ;
1401 2586 2060 2659 Berthe au grand pied, Biétrix, Alix:
1403 2651 2015 2703 Harembourges, qui tint le Marine,
1402 2692 2012 2744 Et Jehanne (2), la bonne Lorraine.
1407 2741 1972 2797 Qu’Anglais brûlèrent à Rouen ;
1410 2784 2046 2838 Où sont-elles, Vierge souveraine ?...
1404 2833 1991 2891 Mais où sont les neiges d'antan !
1395 2927 1971 2991 Prince, n’enquérez, de semaine,
1411 2971 1878 3027 Où elles sont, ni de cet an,
1411 3012 1976 3081 Que ce refrain ne vous ramène :
1402 3058 1988 3138 Mais où sont les neiges d'antan !
1314 3141 2301 3220 Vous le voyez : il a dans l’âme une étincelle pa¬
1261 3204 2312 3268 triotique, cet enfant de la vieille et boueuse Lutèce!
1259 3267 2312 3326 il respecte, il admire, il aime sa sœur du peuple,
1259 3310 2317 3389 l'héroïque paysanne de Domremy, la bonne Lorraine
1271 3365 2326 3440 qui sauva la France et que les Anglais brulèrent à
1312 3521 2320 3597 (1) « A collets bordés de fourrures. Le luxe des vêtements
1265 3573 2322 3630 consistait surtout dans les bordures ou rebras, d'une étoffe
1273 3606 2317 3670 et d’une couleur différentes de celle de la robe. — Voir les
1268 3652 2322 3723 ordonnances somptuaires du quinzième siècle. » (Note de
1265 3704 1586 3776 M. Paul Lacroix.)
1314 3753 1625 3842 (2) Jeanne d’Acc.
