2897 4318
1204 269 1323 359 à 315
207 348 1218 416 D’où il résulte que si l’on veut entendre les pro¬
160 408 1220 475 duits de la littérature française, il faut aller non pas
160 472 1216 532 à Paris, mais à Venise, et que pour connaître Schiller
160 521 1216 576 ou Shakespeare, c’est à Paris et non à Munich ou à
161 571 660 641 Londres qu’il faut venir.
207 620 1206 684 C’est un chassé-croisé de la littérature, une fusion
165 677 348 743 générale.
202 737 1206 790 Il n’y a pas que les chemins de fer qui fusionnent.
177 771 1197 837 — L'Odéon fusionne ainsi avec le théâtre de Vienne
169 831 1206 886 —La Porte-Saint-Martin avec Adelphi ou Drury-Lane.
169 882 1214 942 — Les directeurs des théâtres ne se plaignent pas des
154 935 1210 994 dividendes, tout est donc pour le mieux dans la
153 995 1188 1053 meilleure des littératures, et prenons nos planches.
439 1087 922 1157 COTÉ DES BRODERIES.
190 1198 1161 1250 1, Félicie, plumetis ordinaire et plumetes feudu.
196 1246 1194 1305 2, COL MOUSQUETAIRE, à broder sur nansouk en ap¬
162 1297 1202 1362 plication. Dans les feuilles, le point d’échelle est de
157 1351 1206 1418 rigueur; quant au restant des jours qui se trouvent
153 1402 1204 1467 indiqués par des croix, ils pourraient être remplacés
154 1455 1200 1510 par du tulle, dont le réseau varierait à chaque petit
156 1504 322 1568 écusson.
193 1561 1190 1617 3, EUTRE-DEUX allant avec ce col et devant accom¬
148 1609 718 1666 pagner la garniture du n° 6.
190 1655 569 1721 4, Anna, plumetis.
182 1709 970 1781 5, Josépha, plumetis et æillets ou pois.
184 1769 1200 1822 6, GARNITURE en rapport avec le col et l'entre-deux.
189 1817 888 1873 7, V. R., plumetis et points sablés.
193 1869 1201 1931 8, Écusson, renfermant le nom de Marie, plumetis
142 1915 314 1979 très-fin.
180 1972 1197 2042 9, ÉCUSSON POUR MOUCHOIR D'HOMME, renfermant le
144 2028 1029 2079 chiffre J. L. C. plumetis fin et points sablés.
182 2080 1194 2139 10, QUART D’UN MOUCHOIR; ce dessin, qui se fait
142 2121 1201 2194 au plumetis très-simple , doit-être placé au-dessus
144 2173 384 2238 d’un ourlet.
184 2272 678 2347 Ici finit la petite édition
182 2389 1194 2449 11, DESSIN DE PALE, que l’on peut broder soit au
141 2434 1192 2503 plumetis sur batiste, soit au passé sur moire blanche;
142 2496 1194 2554 sous la batiste il faudrait placer un transparent de
134 2542 1181 2608 satin maïs, bleu ou vert; une petite valencienne ter¬
136 2595 1188 2656 minerait le feston. Pour la moire, la valencienne se
138 2643 1188 2704 trouve remplacée par une frange ou une dentelle
137 2685 1176 2757 d’or ou d’argent, suivant la disposition de la pale
136 2742 1173 2800 Le chiffre de Marie, mis à la place de celui-ci, ren¬
136 2798 1188 2869 drait ce dessin convenable pour un autel destiné à
137 2846 347 2905 la Vierge.
178 2902 771 2962 12, M. S. enlacées, plumetis.
177 2951 766 3011 13, B. G. enlacées, plumetis.
177 3007 743 3064 14, C. C. enlacées, plumetis.
181 3055 753 3118 15, M. C. enlacées, plumetis.
185 3102 605 3164 16, Eulalie, plumetis.
177 3148 573 3213 17, H. L. plumetis.
177 3203 569 3266 18, L. C. plumetis.
190 3251 573 3314 19, P. D. plumetis.
189 3305 1182 3382 20, ÉCUSSON POUR MOUCHOIR, renfermant les lettres
134 3342 791 3423 E. H., le tout au plumetis facile.
177 3403 1189 3475 21,TAIE D'OREILLER; ce dessin des plus faciles, et
134 3451 1188 3538 n'exigeant que très-peu de travail, est d'un effet
136 3511 1180 3596 charmant; le ruban, qui serpente tout autour, n’est
138 3566 1180 3651 point ordinaire. Les feuilles, les plus grosses surtout,
141 3612 1180 3687 doivent être assez bourrées, et le coton dont tu te ser¬
144 3663 1177 3756 viras ne doit pas être très-fin; je t'engage à prendre
141 3705 754 3794 le 7 ou le 8 marqué à la croix.
1341 362 2355 455 22, GARNITURE qui doit entourer la taie d'oreiller;
1305 424 2353 520 elle se rose tout à fait à plat, n'ayant d'ampleur que
1294 466 1593 543 dans lesene.
1607 571 2042 640 COTÉ DES PARTONS.
1335 681 2353 755 23, COL SIMPLE, que l'on peut faire également en
1297 739 2353 794 broderie à la minute ou en broderie au plumetis ordi¬
1294 789 2357 853 naire. Une explication sur le feston à la minute que
1294 843 2358 907 nous devons à une de nos amies, complétera celle que
1298 884 2358 970 je t'ai déjà donnée sur cette sorte de travail; je te
1289 942 2008 1004 réserve cela pour le mois prochain.
1330 984 2347 1061 24 et 25, SléGE ET DOSSIER D'UNE CHAISE DE FUMOIRE.
1286 1031 2353 1121 Le mot n’est pas encore officiellement au dictionnaire
1289 1095 2349 1178 de l’Académie, mais il est consacré aujourd’hui. Il
1287 1144 2345 1234 n’est pas, en effet, d’appartement tant soit peu confor¬
1286 1198 2343 1283 table où l’on ne réserve une salle spéciale pour les
1289 1253 2341 1325 fumeurs, et la plupart du temps une salle décorée
1281 1301 2345 1385 avec la plus grande recherche d’objets d‘art, d‛armes,
1281 1361 2342 1430 de bronze, de curiosités de toute sorte. Aussi, pour
1282 1424 2333 1479 marcher avec le siècle, et en dépit de toutes les profes¬
1282 1458 2341 1532 sions de foi faites par le Journal à l’endroit des fu¬
1278 1520 2346 1596 meurs, je t’envoie, aujourd’hui, le dessin de l'une
1287 1563 2341 1643 de ces nouvelles petites chaises, que tu désirais,
1281 1621 2342 1700 me disais-tu, dans ta dernière lettre, pour l'offrir à
1286 1672 2343 1736 ton oncle; voilà ce dessin, et je t'engage à le faire
1278 1714 2338 1805 ainsi : Le fond de la chaise sera en peau marron,
1281 1770 2338 1858 avec application de casimir vert, retenu soit par
1286 1829 2343 1893 une soutache très-fine verte ombrée, soit par un simple
1286 1879 2343 1944 rang de points de chaînette fait avec du cordonnet
1285 1931 2343 1991 également ombré ; les détails du dessin, ainsi que les
1275 1992 2334 2055 nervures des fleurs et des feuilles, se feront au passé.
1319 2034 2331 2105 Pour ces sortes d’applications, lorsqu’il s’agit d‘un
1281 2068 2334 2164 ouvrage fait sur peau, voici comment on procède. On
1275 2131 2329 2218 commence par bâtir le morceau de peau sur un cali¬
1278 2192 2331 2266 cot mince (sans cette précaution tu risquerais, en
1277 2245 2329 2305 travaillant, de déchirer le morceau de peau); sur
1279 2296 2330 2354 l'étoffe, qui doit servir pour les application, tu re¬
1279 2354 2330 2423 produiras le dessin que voici; ensuite, à l’aide de
1277 2407 2330 2475 ciseaux très-fins, tu découperas minutieusement les
1277 2450 2329 2510 contours des feuilles et des fleurs. Il ne faut pas
1274 2502 2328 2572 que j’oublie de te dire qu’avant de tracer le dessin,
1273 2548 2330 2623 il faut gommer l'étoffe à l'envers; cela la rend plus
1270 2607 2326 2679 ferme. Ton découpage terminé, tu colles le drap
1275 2649 2310 2719 sur la peau; la gomme, qui aura eu le temps de sé¬
1273 2708 2320 2778 cher, sera de nouveau légèrement mouillée; enfin,
1269 2765 2334 2817 avant de poser la soutache ou de faire le point de
1274 2816 2326 2877 chaînette, il faut, par un point de côté très-fin et assez
1264 2866 2328 2927 rapproché, joindre le drap à la peau; sans cette pré¬
1274 2923 2326 2973 caution l’ouvrage ne serait point solide. Quel que soit
1273 2969 2330 3030 le genre d'application : satin sur velours, - velours
1269 3030 2326 3088 sur moire, — velours épinglé sur peau, etc., c'est
1270 3067 2314 3123 toujours de la même manière qu'il faudra t’y pren¬
1265 3118 2317 3183 dre; seulement, je te rappelle que l'emploi d'une
1265 3169 2317 3223 doublure de calicot n'est nécessaire que pour les
1258 3217 1709 3293 applications sur peau.
1302 3258 2316 3340 La monture de cette chaise se fait généralement en
1265 3321 2310 3381 vieux chêne; de chaque côté du dossier est un grand
1265 3385 1996 3435 effilé de douze à quinze centimètres.
1309 3415 2318 3489 26, PARTON D'UN FICHU MARIE-ANTOINETTE. Ces fichus
1265 3478 2314 3540 se porteront encore beaucoup cet hiver; leur succès
1270 3524 2321 3584 s’explique facilement, ce fichu étant à la fois joli et
1274 3586 2324 3640 commode avec les corsages qui ne sont plus ni dans
1265 3639 2314 3695 leur première fraîcheur, ni dans les dernières condi¬
1274 3685 2318 3740 tions de la mode. Le modèle que je t'envoie est mi¬
1265 3733 2318 3822 décolleté; il se porte avec des robes décolletés et à
