2897 4318
1239 306 1365 408 197
935 581 1670 691 BIBLIOGRAPHIE
600 853 823 950 NAPLES
562 934 851 1032 Par L. L. F.
551 1172 872 1259 LA SICILE
528 1292 892 1362 Par l'abbé PostEL.
286 1476 1131 1581 L’ART D’ÊTRE MALHEUREUX
397 1586 1019 1670 Par J. T. DE SAINT-GERMAIN (1).
211 1812 1257 1868 Nous allons aujourd’hui passer en revue quelques
170 1867 1251 1940 ouvrages nouveaux qui viennent de paraître, et qui,
159 1913 1254 1988 à divers titres, nous semblent mériter de vous être
164 1966 1251 2031 signalés. Aux voyageurs et aux voyageuses s’adressent
171 2031 1251 2094 ces deux volumes : Naples et la Sicile; le premier,
170 2074 1251 2131 expression d'une âme jeune et d’une imagination cha¬
167 2124 1247 2215 leureuse et poétique; le second, plein de récits atta¬
159 2184 1048 2251 chants et qui offre une lecture entraînante.
216 2236 1246 2299 On a immensément écrit sur Naples, et depuis les
167 2288 1247 2360 jours antiques, voyageurs et poètes se sont plu à dé¬
165 2352 1253 2401 crire et à célébrer cette ville, cette sirène qui les avait
168 2401 1247 2467 charmés. Et cependant, ce volume nouveau, qui porte
160 2453 1247 2518 inscrit sur son frontispice le beau nom de Naples, sera
168 2496 1249 2570 lu avec intérêt par ceux mêmes qui ont gravé dans
164 2553 1242 2630 leur mémoire les plus belles pages que Parthénope
164 2621 1251 2676 ait inspirées, car cette histoire est quelque chose de
159 2672 1239 2725 neuf et de complet. L’histoire si variée de Naples, de¬
165 2720 1246 2775 puis les mystérieux Pélasges jusqu’aux princes de la
163 2765 1236 2824 maison de Bourbon, les monuments païens et chré¬
165 2814 1242 2895 tiens, les beaux-arts, la littérature, tout ce que le
171 2874 1232 2940 ciel de Naples a inspiré se trouve dans ces pages ani¬
167 2920 1236 2984 mées, écrites avec tant de vie et de sève, et les des¬
171 2978 1231 3047 criptions d'une admirable nature se mêlent gracieu¬
171 3036 1232 3107 sement aux souvenirs de l'histoire, à des citations tou¬
176 3069 1235 3153 jours heureuses. Au voyageur, ce livre offre un écho
174 3133 1228 3214 de ses propres émotions ; à l’homme d’étude et de goût,
170 3179 1240 3271 un tableau historique et poétique d'une incontestable
170 3233 1232 3316 valeur; au chrétien, l’expression de la foi la plus
174 3296 1238 3385 pure et la plus forvente. Nous extrairons un passage
174 3354 1233 3438 c'est la description de Naples vue des hauteurs du
164 3386 644 3449 monastère Saint-Elme :
211 3447 1231 3546 « ..... Nappes était tout entière à nos pieds. Nous
161 3497 1231 3603 jouissions de la belle et grande ville, non plus pièce
190 3665 1228 3777 (1) Naples, un volume in-8º, 3 francs, chez A. Bray, 66,
155 3726 1228 3815 rue des Saints-Pères, Paris ; et chez Lefort, éditeur, à Lille.
163 3783 1191 3856 — La Sicile, un volume in-8º, 3 francs, chez les mêmes.
159 3818 1220 3915 L'Art d'être malheureux, un volume in-18, chez Jules Tar¬
159 3867 907 3952 dieu, 13, rue de Tournon. Prix : 1 franc.
1344 797 2437 870 à pièce, comme tout à l'heure, non plus sous un seul
1342 868 2431 923 aspect, comme à l’entrée du port, mais dans son im¬
1340 918 2434 983 mensité triomphale. Nous nous attachions aux grandes
1342 961 2422 1042 lignes de sa structure ; nous contemplions les monu¬
1337 1024 2426 1099 ments, jalons de son vaste champ. Nous comption ses
1344 1079 2425 1142 clochers et ses bosquets, ses aiguilles et s es fleurs. A
1344 1135 2425 1192 cent pieds au-dessous du balcon, les jardins de la
1342 1175 2423 1250 Chartreuse étalaient leurs tapis jaunes et verts ; la
1340 1228 2419 1311 brise en détachait les senteurs et nous les apportait,
1342 1298 2423 1354 comme une abeille dépose ses parfums à l'entrée de
1329 1352 2420 1403 sa ruche. Au delà de la muraille de clôture, le port
1329 1406 2422 1477 nous montrait ses vaisseaux; la ville, ses dômes et ses
1336 1441 2433 1514 monts. Dans les bas-fonds, la verdure serpente et
1344 1502 2426 1564 court entre le marbre et la brique, comme un lierre
1344 1549 2425 1616 parasite ; elle assainit et pare les blocs des vieux quar¬
1336 1607 2420 1668 tiers. A droite, Chiaja promène les regards du Pausi¬
1342 1662 2430 1730 lippe à la Villa-Reale. La mer, steppe d’azur, que
1331 1716 2426 1774 n’effleure aucun vent, soulève du sein de son golde le
1335 1763 2423 1834 Castel del Ovo. La tour del Carmine, sévère et isolée,
1329 1826 2423 1878 rappelle le pêcheur-roi. Du côté opposé, c’est tout un
1329 1880 2423 1934 autre monde : Portici, sa résidence royale, Résina et
1328 1919 2423 1994 le Vésuve, le Campo Santo et ses tertres. Enfin, dans
1328 1980 2411 2042 l'enfoncement le plus reculé de l’horison, Capri, cou¬
1336 2031 2418 2103 chée comme une chèvre sur un lit flottant, semble
1340 2079 2423 2158 bondir encore; Campanella baigne ses pieds dans
1336 2137 2422 2202 l’eau; San-Angelo hérisse son front labouré par la
1336 2188 2422 2263 foudre; la rude crinière de l’Apennin ferme le tableau
1336 2240 1830 2310 par un cordon de glace.
1374 2293 2419 2364 » Qui n’a point vu tout cela n‘a pas assez admiré
1332 2349 2420 2416 Dieu. Il suffit de monter au Saint-Elmo pour appren¬
1331 2408 2418 2464 dre à l’aimer, pour deviner le ciel, pour apprécier la
1328 2463 2415 2531 terre. Quand on a vu cela on peut oublier le monde,
1332 2509 2408 2571 le monde est épuisé; il en faut un meilleur. Admi¬
1336 2561 2411 2620 rable économie des instituts religieux, qui font leur
1329 2611 2405 2669 nid partout où la nature est éloquente; les plus beaux
1329 2669 2408 2724 sites leur appartiennent. Dans les pays du nord, il
1328 2716 2408 2788 leur faut les rochers de Bretagne et d’Erin; dans le
1332 2781 2411 2833 sud il leur faut le San-Elmo; partout ils prennent
1324 2831 2396 2892 les hauts lieux, comme faisaient les sacrificeurs an¬
1328 2881 1977 2946 tiques pour immoler la victime.
1366 2937 2411 2995 » Est-ce égoïsme de leur part? est-ce détachement
1324 2984 2410 3045 complet du eôté des donateurs? ou plutôt n’est-ce
1324 3037 2405 3100 point une attraction mystérieuse entre le sol et celui
1329 3097 2397 3155 qui l’habite? Une affinité secrète relie à la belle na¬
1317 3149 2393 3197 ture les âmes qui en sont le plus pur ornement. Elles
1317 3203 2400 3253 demandent à la terre de se spiritualiser dans ses points
1321 3248 2393 3312 les plus sublimes, et de ces points elles chantent leur
1311 3312 2399 3374 hymne au Créateur. « Seule avec mon cœur, écrivait
1326 3353 2393 3430 jadis une enfant de la Bretagne, je m’élève jusqu’à
1317 3411 2378 3480 l’Etre tout-puissant qui a créé une nature si majes
1310 3460 2388 3545 tueuse : ces vaporeuses émanations, cet Océan im¬
1306 3521 2390 3583 mense dont je distingue le balancement fantastique,
1314 3587 2386 3646 cette légère brise qui caresse la surface des eaux, cap¬
1311 3618 2390 3692 tivent mon être; les événements s'effacent de ma
1309 3687 2385 3746 mémoire, les tendres illumins et les douloureuses
1306 3743 2373 3798 larmes n’agitent plus mon cœur. J'oublie tout, jus¬
1311 3791 2377 3848 qu'au souvenir de l'injustice; amour, ambition, for¬
1311 3833 2377 3895 tune et rang, vos prestiges mensongers se dissipent,
1306 3904 2371 3951 un calme divin leur succède, et mon âme, tout en¬
