2939 4158
1590 36 1733 126 332
493 118 1596 209 trop loin, ma chère; vous me permettrez d’en avoir
493 192 1596 256 moins, la chose en vaut la peine; car si mon père,
493 248 1593 298 homme de précaution, ne m’a rien donné en ma¬
490 303 1592 370 rage, afin de m'épargner la tentation de rien dissi¬
510 353 1593 419 per, il me laissera un jour (nul n’est éternel) une for¬
493 406 1327 465 tune de beaucoup supérieure à la vôtre.
604 451 1586 520 Et c'est pour cela que nous vivons aussi pauvre¬
488 523 1181 593 ment que les plus misérables!...
604 573 1222 639 Allons, voilà les grands mots.
600 604 1592 694 Urbain, dit la jeune femme en pleurant, vous
493 675 1589 740 ne voulez pas ma mort, n’est-ce pas? Eh bien, je
493 730 1589 804 vous le déclare, je ne puis supporter la vie qui m'est
488 796 601 863 faite.
607 828 1593 902 Pas d’exaltation, Régine, c’est là votre défaut
488 887 1581 970 Capital. Avec moi, les frais de mise en scène seraient
490 947 1583 1016 perdus, car, je vous l’avoue, je suis en toutes circon¬
488 1003 1589 1069 stances froid et positif. Le parti le plus sage, le seul
485 1057 1592 1117 d’ailleurs que vous puissiez prendre, sera de vous
490 1108 1583 1171 conformer aux exigences de votre nouvelle position.
488 1167 1593 1227 Et maintenant, n'en parlons plus; on s'accoutume à
485 1220 631 1291 tout. »
530 1268 1583 1348 Les larmes se séchèrent dans les yeux de Régine.
488 1334 1589 1390 Elle restait attérée, mais calmée par l’inutilité de
493 1389 1589 1457 toute tentative, devant un arrêt qu’elle sentait être
486 1443 743 1508 irrévocable.
530 1488 1589 1557 « Oui, pensa-t-elle, il faut me résigner... expier! »
542 1548 1586 1614 Quand les plus grands froids furent passés, on cessa
488 1609 1593 1656 de servir à Régine, dans sa chambre, sa nourriture
490 1656 1589 1717 de convalescente, un peu plus délicate que celle de
481 1714 1589 1770 la famille, et elle vint à l’heure des repas prendre sa
490 1770 1589 1834 place à la table commune. Ce fut seulement alors
485 1823 1590 1878 qu’elle put juger de la frugalité et de la parcimonie
485 1875 1583 1938 qui régnaient dans la maison de son beau-père, où,
490 1927 1582 1991 pour ne pas multiplier les feux, chacun se tenait dans
478 1988 1583 2044 la salle à manger, aussi grande, aunssi vide, aussi
485 2037 1581 2100 gl hciale que tout le reste de la maison. La vieille
483 2099 1586 2157 Marthe même s’y installait le soir avec son rouet et
478 2150 1583 2204 filait derrière ses maîtres, à la lueur d’une petite
483 2201 1581 2271 lampe antique, dont la faible et hugubre clarté res¬
475 2260 1581 2326 semblait à celle d’une lampe sépulcrale. Le vieux
475 2312 1581 2381 Morvan, que jusque-là elle n’avait vu que de temps
475 2377 1578 2414 en temps et pendant quelques instants, quand il pre¬
472 2421 1578 2491 nait la peine d’aller s’informer de l’état de sa santé,
485 2476 1578 2535 pesa sur elle de tout le poids de son impérieuse froi¬
472 2531 1575 2598 deur et de son avarice. Urbain lui-même pliait
467 2585 1575 2647 comme un roseau devant la volonté de son père. Cette
469 2639 1583 2706 volonté n'était jamais brutalement exprimée. Chez les
460 2693 1579 2766 Morvan, les paroles étaient toujours convenables,
460 2752 1575 2818 mielleuses, même quand elles tranchaient dans le
467 2801 1583 2880 vif. Jamais les voix ne s'élevaient ; les choses les plus
453 2866 1578 2922 dures s’y disaient du ton le plus hypocritement doux.
462 2923 1572 2987 Du reste, on y parlait fort peu et on n’y riait jamais.
457 2973 1578 3028 Les fraits d’Urbain seuls s’éclairaient quelquefois d‘un
451 3037 1575 3100 sourire ironique. Quant à la vieille Marthe, elle ne
460 3090 1572 3151 connaissait dans la maison que son vieux maître. De
451 3142 1575 3198 quelque part que lui vînt un ordre, elle ne l’exécutait
457 3198 1569 3261 qu'après en avoir cherché l’approbation dans les yeux
460 3255 1565 3317 de M. Morvan. Était-ce attachement, était-cé crainte,
457 3306 1564 3363 ou tous les deuxensemble? elle avait toujours vis-à-vis
455 3357 1568 3439 de son maître l'œil vigilant et l'oreille ouverte ; elle ne
457 3406 1571 3495 lui laissait jamais le temps de désirer, encore moins
455 3474 1569 3549 d'ordonner ; elle le devinait en toutes choses, elle Ie
464 3527 1567 3596 savait par cœur. Elle ne faisait pas plus d'attention
468 3563 1567 3647 à Régine que si c'eût été une enfant. Régène, pour
462 3619 1567 3702 elle, c’était un lit de plus à faire, un couvert de plus
455 3682 1572 3793 à mettre. Les soins particuliers dus à sa personne et
1682 118 2804 205 à ses vêtements, Régine avait dû s’accoutumer à les
1700 189 2805 259 prendre elle-même, et le travail qu'ils lui imposaient
1690 234 2800 311 rompait seul la monotonie de sa pesante existence.
1693 300 2805 359 Vainement elle avait réclamé Rose, sa jeune femme
1687 349 2801 422 de chambre et toutes les choses dont autrefois elle ne
1693 402 2804 481 pouvait se passer, elle recevait toujours d’Urbain la
1682 446 2766 514 même réponse : — Qu'est-ce que dirait mon père ?
1728 509 2800 587 Aussitôt que Régine s’était senti la force de sortir,
1683 558 2798 640 elle avait prié Urbain de la conduire à la maison de
1682 615 2518 678 son père comme à un pieux pèlerinage.
1729 674 2801 754 « Nous ne pouvons pas la visiter, avait répondu
1684 723 1847 795 Urbain.
1753 765 2123 848 Pourquoi cela?
1788 834 2797 904 Ne l’habitant pas, je ne devais pas la laisser
1679 894 2791 961 improduitive, avait-il dit; je l’ai louée toute meu¬
1677 947 1787 1019 blée.
1729 1000 2494 1062 — Louée !... sans me consulter !...
1771 1062 2797 1127 — Ma chère amie, s’il s‘était agi de la vendre, il
1676 1124 2795 1183 m’aurait fallu votre consentement; mais pour une
1674 1177 2793 1242 affaire de location, je n’avais pas besoin de votre per¬
1669 1229 2790 1300 mission, avait répondu Urbain de sa voix doucereuse,
1679 1286 2795 1344 assaisonnée de son sourire gracieusement moqueur. La
1672 1344 2793 1412 femme est sous puissance de mari, mais le mari n’est
1684 1391 2336 1467 pas sous puissance de femme. »
1718 1447 2595 1515 Régine s’était mise à pleurer amèrement.
1718 1485 2793 1571 « Voilà ma femme dans ses agitations. Chère
1669 1557 2794 1620 bonne, vous courez le risque de jouer avec moi le
1676 1614 2790 1677 rôle de femme incomprise; je n’entends rien aux
1718 1665 2795 1728 tagérations. Voulez-vous que je vous conduise dans
1679 1725 2793 1796 votre chambre ? Le solitude vous calmera. Moi, je n'y
1676 1773 2392 1844 puis rien ; je ne comprends pas. »
1724 1823 2790 1893 Régine s'était sauvée toute seule et s'était tenue en¬
1676 1883 2791 1959 fermée jusqu’à l’heure où Marthe, scandalisée d’avoir
1676 1941 2790 2007 vu attendre son vieux maître, était venue tout effa¬
1667 2008 2790 2079 touchée crier derrière la porte fermée : « Monsieur
1677 2043 1966 2114 est à table ! »
1721 2096 2794 2165 Dominée malgré elle et presque à son insu, Régine
1676 2158 2793 2225 s'était rendue précipitamment dans la salle à manger,
1679 2217 2788 2266 comme si elle eût été poussée par un ressort. Le vieil¬
1669 2266 2790 2330 lard, tenant d’une main la cuiller à potage, avait jeté
1676 2320 2788 2378 sur elle un regard mécontent. Son mari, debout, l'at¬
1670 2379 2780 2440 tendait pour s’asseoir. Jamais, depuis, elle n’avait osé
1676 2424 2145 2498 reparler de sa maison.
1711 2472 2788 2550 Régine avait aussi demandé à voir ses parents, ses
1666 2546 2783 2605 amis. Là, Urbain ne s’était pas servi de son père
1667 2609 2781 2669 comme d’un épouvantail; il avait répondu nettement:
1669 2653 2777 2706 « Non. Vos parents seraient mal pour moi et vous
1672 2707 2780 2767 conseilleraient peut-être dans un sens qui serait pré¬
1672 2753 2784 2828 judiciable à la paix de notre intérieur, et vos amis
1663 2828 2783 2871 entretiendraient en vous des goûts de luxe et de dis¬
1666 2874 2783 2938 sipation. Il faudra que ma société vous suffise, ma
1663 2923 2783 2987 chère; casanier par nature, je vous ferai fidèle com¬
1672 2985 2779 3048 pagnie, mais il faut renoncer au monde. Je le dé¬
1663 3039 2772 3094 teste et ne m’y suis montré que pour y chercher l’oc¬
1666 3090 2779 3161 casion de me marier convenablement; je ne vous y
1659 3146 2774 3216 laisserai pas paraître sans moi. Quand il fera beau,
1663 3210 2777 3262 nous irons de temps en temps nous promener ensem¬
1660 3259 2781 3334 ble dans la campagne et le temps se passera. Bah ! c'est
1658 3318 2672 3392 une vie comme une autre, vous vous y ferez. »
1703 3371 2780 3437 Régine aurait voulu se réfugier dans le sein de
1658 3426 2770 3485 Dieu, mais Urbain lui avait dit : « Ici, nous ne sommes
1666 3488 2774 3549 pas croyants; les pratiques religieuses ne sont pas
1663 3534 2772 3598 dans nos habitudes; je ne permettrai pas à ma femme
1658 3597 2773 3663 de courir les églises, car il ne me conviendrait pas de
1655 3646 2769 3706 l'y accompagner. » Pour temple, Régine n’eut donc
1659 3695 2773 3774 que sa chambre, mais Dieu est partout où une prière
