2822 3966
840 49 1347 128 ÉCONOMIE DOMESTIQUE.
624 136 1611 207 Marrons glacés — Pommade pour arrêter la chute des
591 195 1609 253 cheveux, pages 27. — Ris de veau à la chicorée — Marme¬
590 237 1609 308 lade de violettes, 90. — Menu d’un déjeuner de noces, 124.
610 283 1606 343 — Menu d’un dîner de huit couverts — Emploi des restes
584 336 1570 384 de filet de bœuf — Blanquette de veau aux champignons
583 377 1611 439 OEufs pochés à la crème — Crèmes froides, 153.— Soupe aux
578 424 1607 489 cerises — Épis de maïs au vinaigre — Cheveux d’ange,185.
602 464 1582 531 — Gelée aux fraises — Confitures d’abricots entiers —
586 511 1606 586 Gelée d’abricots, 218. — Pommes au riz — Poires au roux
584 567 1607 623 — Salade de pêches, 250. — Moyen d’ôter les taches de
575 623 1596 666 graisse sur le drap et sur le mérinos — Macaroni, véritable
578 672 1599 715 recette napolitaine, 283. — Manière de nettoyer les rubans
575 708 1591 759 lilas et violets — Recette pour nettoyer les gants de Cas
572 754 1582 803 tor — Flan de crème au café — Crème à l’orange, 313. —
572 800 1598 856 Potage au lait d’amandes — Manière d‘employer les blancs
568 858 1596 902 d’œufs — Gâteau de pommes de terre — Gàteau do rognon
566 888 1599 940 de veau, 345. — Manière de nettoyer le bois doré — Foie
567 936 966 998 de veau en daube, 376.
564 1018 1587 1098 CORRESPONDANCE ET EXPLICATION DES TRAVAUX
614 1104 1579 1194 Pages 27, 60, 90, 124, 154, 186, 218, 251, 283, 313, 346
554 1152 636 1219 377.
918 1230 1216 1307 ÉPHÉMÉRIDES.
583 1286 1570 1376 Mort du cardinal Mazarin, pages 95. — Mort de Mu-
548 1363 1564 1419 rillo, 128.—Levée du siége d’Orléans, 8 mai 1429, 160.—
551 1411 1572 1468 Départ de Philippe-Auguste pour la troisième croisade, 192.
590 1466 1575 1514 - Mort de Thomas Morus, 223. — Naissance de Louise de
543 1496 1572 1564 Marillac, dame Legras, fondatrice des sœurs de la Cha-
554 1556 1582 1606 rité, 256.— Bataille de Marignan, 287. — Mort de Hugues
543 1596 1570 1681 Capet, 320.— Mort de Gustave-Adolphe, roi de Suède, 352.
588 1631 1095 1717 Mort d’Étienne Jaurat, 384.
924 1706 1174 1799 MOSAIQUES.
566 1795 1563 1866 Pages 32, 64, 96, 128, 160, 192, 224, 256, 288, 320, 352
538 1837 619 1889 384.
999 1887 1152 1985 RÉBUS.
564 1953 1560 2041 Chacun prêche et sermonne, à bien faire il n’y a per-
529 2030 1560 2098 sonne, pages 32. — Femme qui se mire, peu file, 64.—Tel
528 2077 1547 2137 se plaint, qui n’a point de mal, 96. — A œil malade, la lu
532 2118 1544 2185 mière nuit, 128. — De tout s’avise à qui pain fault, 160.—
529 2158 1562 2229 Chaque pays ses sabots, 192. — De nouveau, tout est
527 2195 1564 2279 beau, 224. — Mal pense qui ne repense, 256. — Souhaits
523 2251 1552 2333 n’ont jamais rempli le sac, 288. — Ordre contre-ordre,
525 2286 1548 2366 désordre, 320.— Plus l’oiseau est vieux, moins il se veut
519 2341 1552 2437 défaire de sa plume, 352.— Qui casse les verres les paie,
517 2379 603 2433 384.
1703 33 2753 113 GRAVURES SUR ACIER, par Nargeot père, dessins par
2125 81 2353 148 Nargeot fils.
1739 163 2753 228 Le Banquier et sa femme, de Matsys, pages 1. — Jeunes
1703 199 2744 275 personnes entrant dans une maison hospitalière; du che¬
1701 249 2741 319 valier Favray, 97. — Méditation de Delacroix, gravé par
1701 301 2746 360 Metzmacher, 193.—L’Empereur Théodose recevant la béné¬
1695 349 2505 411 diction de saint Ambroise, de Subleyras, 289.
1963 424 2495 500 18 GRAVURES DE MODES.
1731 509 2734 599 Pages 1, 33, 65, 97, 129, 161, 193, 225, 257, 289, 321
1691 559 1779 638 353.
1683 652 2736 731 IMITATIONS DE PEINTURES A L'HUILE, TAPISSERIES.
1725 728 2704 786 CROCHETS ET AUTRES TRAVAUX EN COULEUR.
1719 816 2732 878 JANVIER. Calendrier de l’année 1857.—FÉVRIER. Une plan¬
1678 867 2732 918 che de crochets, imprimée recto et verso. — MARS. Un mo¬
1677 922 2738 982 dèle de la tapisserie pour bordure. — AVRIL. Imitation de
1679 956 2741 1018 peinture à l’huile : un coq et des poules. — MAI. Deuxième
1677 1011 2742 1068 planche de crochets, recto et verso. — AoOT. Un modèle de
1679 1059 2740 1118 tapisserie pour sac. — SEPTEMBRE. Imitation de peinture à
1671 1098 2732 1162 l'huile : un dindon et des poules. — OCTOBRE. Un écran.
1701 1155 2736 1202 — NOVEMBRE. Modèle de tapisserie pour prie-Dieu.—Dé-
1677 1196 2737 1263 CEMBRE. Une planche contenant divers modèles de travaux.
2098 1294 2325 1371 MUSIQUE.
1701 1376 2706 1471 JANVIER. Herminie, mazurka, par Eugène BRAULART. —
1670 1454 2720 1515 Histoire d’une Fleur, paroles de M. Georges DE NEVERS,
1667 1503 2722 1564 musique de mademoiselle Marie LASSAVEUR. — Vole vite,
1667 1540 2377 1603 polka par madame Florine MOUVIELLE.
1701 1587 2721 1649 MARS. Marguerite, valse en cinq parties, par madame
1659 1637 2722 1706 Sophie DE VILLEGARDE. — Rococo, bluette caractéristique,
1667 1689 2729 1755 par A. SCHIMON.—En Hiver, romance, musique de M. Léon
1658 1722 1787 1787 OTTIN.
1697 1733 2720 1841 MAI. La Foudre, polka, par J. Nicoli. — La Berceuse,
1659 1817 2708 1882 bluette caractéristique, par A. SCHIMON. — Solitude, mé¬
1658 1861 2708 1943 lodie, paroles de M. Théophile GAUTIER, musique de ma-
1653 1917 2722 1975 demoiselle Jaume SAINT-HILLAIRE. — Autour de moi, restez
1653 1961 2681 2022 mes pauvres fleurs, musique de madame Marie DE BéRO.
1690 2010 2710 2073 Juillet. Pastorale pour piano et violon, par A. Bes-
1647 2055 2708 2111 SENS. — Souvenirs de Florence, par madame S. DE VILLE-
1654 2097 2710 2187 GARDE. — Dicu protège le Matelot, paroles et musique de
1646 2130 2159 2201 mademoiselle Zoé Guénepin.
1683 2170 2710 2253 SEPTEMBRE. Mélancolie par A. SCHIMON. — Le Roi des Ba¬
1650 2225 2705 2318 leiniers, paroles du comte E. DE LONLAY, musique de A.
1649 2274 2355 2345 VALENTI. — Mélodie, par E. Braulant.
1683 2322 2704 2393 NOVEMBRE. Les Papillons, quadrille, par madame S. DE
1655 2362 2696 2462 VILLEGARDE. — Ave Maria, musique de madame Laure
1639 2407 1767 2473 BRIGE.
1187 3443 2072 3502 Paris — Imprimerie Morris et Compagnie, rue Amelot. 64.
