2897 4318
1276 239 1392 321 119
221 303 1264 393 » La même voix que j'avais entendue une année au¬
177 391 1275 459 paravant, à pareille heure, avait prononcé mon nom;
171 442 1276 503 et en me retournant, je vis le même spectre assis sur
176 495 1277 578 l’épave. Je revins vers lui avec moins de répugnance
171 552 1275 612 que je n’avais fait jadis, et je l’entendis avec une joie
171 612 1277 669 secrète me répéter sa proposition. Pourtant j'hésitais
171 654 1277 726 à lui répondre; mais lui, comme s’il eût su lire au
166 708 1275 776 fond de mon âme et qu’il eût été sûr d’avance de mon
170 766 1269 843 consentement, n’attendit point que je me décidasse,
174 820 1262 900 et disparut, laissant encore son anneau sur un frag¬
165 865 489 930 ment de rocher
207 933 1201 998 » Un éclair d'espérance passa dans mon esprit.
213 990 1272 1042 » — Après tout, me dis-je, que risqué-je en tentant
169 1030 1266 1102 l’aventure? La vie est pour moi peu de chose, et il
171 1099 1272 1150 ne s’en est guère fallu que je ne m’ent défisse tout à
159 1145 1265 1208 l’heure; pourquoi donc ne la jouerais-je pas contre
162 1197 997 1269 la seule chance de salut qui me reste?
212 1257 1118 1327 » Je pris l’anneau et le passai à mon doigt.
212 1313 1265 1385 » J’attendis la troisième nuit avec une auxiété pleine
169 1363 1262 1427 d’impatience, et lorsque onze heures et demie sonnè¬
165 1425 1265 1477 rent à l’église du village, je me dirigeai rapidement
171 1481 1262 1530 vers la plage. La mer était calme et la nuit sereine.
158 1524 1264 1600 Je m’agenouillai sur le sable, j’adressai au ciel une
158 1588 1265 1638 courte prière, puis je m’élançai dans les flots. Arrivé
160 1629 1259 1713 à la hauteur que le vieillard m’avait indiquée, je
171 1687 1251 1757 plongeai résolûment...Il me serait difficile d’exprimer
159 1749 1259 1814 ce qui se passa alors... Je pénétrai rapidement et sans
159 1808 1254 1865 effort dans la profondeur de la mer; plus je m'en¬
158 1853 1247 1929 fonçais, moins je sentais l’humidité; ma respitation,
160 1911 1253 1984 comprimée pendant quelques secondes, redevint gra¬
159 1966 1248 2030 duellement libre; les ténèbres qui m'environnaient
162 2012 1253 2094 se dissipèrent peu à peu. Enfin je me trouvai dans
166 2068 1254 2128 une prairie couverte d’une riche verdure, et dont
165 2111 1254 2198 l’herbe était une algue marine telle que je n’en avais
169 2173 1253 2252 point encore vue; elle était émaillée de perles et de
159 2231 1251 2285 coquillages brillants, et parsemée de grands arbres
158 2274 1247 2354 dont le tronc et les branches ressemblaient à du co¬
156 2336 1254 2392 rait; la température qui régnait dans ce lieu était
162 2382 1247 2451 douce et fraîche; la lumière qui l’éclairait n’était pas
159 2443 1241 2509 d’une blancheur éblouissante comme celle du soleil,
153 2500 1240 2567 mais tempérée par un léger reflet d’azur. Ce séjour
158 2536 1243 2613 me parut puchanteur. Il était, en outre, plein de
149 2609 1244 2681 mouvement et d’animation. Des bandes joyeuses de
147 2634 1241 2729 faucheurs travaillaient avec ardeur à couper l’herbe
147 2707 1236 2775 et à en former des meules; et tout en travaillant, ils
148 2755 1236 2827 chantaient un hymne à la louange de l’ondine dont
151 2806 643 2880 ils étaient les serviteurs.
182 2873 1225 2943 » Je fus bien tenté de me mêler à eux et de les inter¬
134 2906 1221 2993 roger, mais je me rappelai l’expresse recommanda¬
134 2978 1225 3051 tion du vieillard, et je marchai devant moi sans m'ar¬
137 3030 1226 3101 rêter. Je dois ajouter, du reste, que ces faucheurs ne
140 3082 1229 3151 faisaient aucune attention à moi, et ne semblaient
134 3129 1228 3216 même pas s’apercevoir de ma présence. Je ne tardai
137 3187 1226 3272 pas à remarquer, à peu de distance de moi, trois
137 3246 1221 3318 urnes retournées. Je hâtai le pas, et dès que je fus à
141 3304 1221 3376 portée, je saisis celle du milieu et je la renversai.
140 3353 1225 3441 Une fumée qui me suffoqua presque, puis une flamme
131 3404 850 3477 très-vive s'en échappèrent aussitôt.
170 3459 1221 3541 Au même instant, tous les travailleurs s'élancèrent
124 3516 1215 3588 vers moi en poussant des grands cris et en brandis¬
119 3577 1215 3646 sant leurs faux et leurs fourches. Je m'enfuis éperdu
122 3612 1208 3700 et j'arrivai devant un magnifique palais tout resplen¬
124 3675 1212 3758 dissant de cristal et de pierres précieuses. Une jeune
124 3729 1208 3810 femme richement vêtue en sortit. Elle était d’une rare
124 3774 1218 3859 beauté et de l’air le plus doux et le plus majestueux à
120 3825 1211 3926 la fois qu'on puisse imaginer. Elle leva son sceptre de
1365 311 2455 456 corail, et ceux qui me poursuivaient s'arrêtèrent et se
1363 397 2451 517 turent; puis en me souriant avec grâce, elle me fit
1367 466 2450 575 signe de venir à elle. Je m'étais arrêté en la voyant;
1367 512 2453 619 je fis un mouvement pour obéir à son invitation;
1365 575 2455 665 mais je me rappelai encore la recommandation du
1363 618 2453 730 vieillard... Ne sachant plus alors de quel côté me
1365 680 2453 767 tourner, je fis un violent effort comme lorsqu’on est
1358 731 2453 821 en proie à un mauvais rêve et qu'on veut se réveiller.
1359 776 2457 878 Je me sentis incontinent comme enlevé par dessous
1358 834 2453 925 les bras ; l’eau m’enveloppa de nouveau en bouillon¬
1358 893 2454 990 nant à mes oreilles; je revins à la surface et me remis
1352 935 2436 1038 à nager vigoureusement vers le rivage. A peine
1353 993 2453 1088 fus-je arrivé que je tombai évanoui : la fatigue et l’é¬
1351 1040 2443 1156 motion que je venais d’éprouver avaient épuisé mes
1352 1100 1499 1170 forces.
1400 1174 2443 1257 » Lorsque je repris l'usage de mes sens, le jour
1362 1233 2457 1301 commençait à poindre. Je me levai transi de froid et
1358 1273 2444 1352 je regardai autour de moi. Le vieillard était debout
1352 1331 2440 1412 sur un rocher. Son visage n'avait plus la même
1359 1380 2448 1463 expression chagrine que je lui avais vue à ses deux
1356 1439 2451 1511 premières apparitions. Il leva son doigt pour me
1348 1489 2446 1569 faire entendre que j'eusse à lui rendre son anneau; il
1347 1551 2448 1631 me montra à ses pieds un gros sac de cuir, et disparut
1348 1595 2444 1669 après avoir étendu ses mains sur moi comme pour me
1351 1644 1483 1713 bénir.
1392 1713 2443 1779 » Je m'approchai du rocher, j’y déposai l’anneau et
1349 1753 2441 1839 je saisis le sac que, malgré sa pesanteur, j'emportai, en
1351 1828 2443 1891 courant, dans ma cabane. Là seulement je l'ouvris, et
1351 1876 2436 1951 quelle ne fut pas ma joie en le trouvant plein de belles
1347 1924 2436 2000 pièces d’or!.. Mais ce trésor n’était rien auprès de la
1342 1981 2424 2053 récompense qui m’attendait encore. Car puis-je con¬
1341 2025 2426 2100 sidérer autrement le bonheur que je n’ai cessé de
1334 2083 2424 2161 goûter depuis ce jour et les succès qui ont couronné
1334 2140 1824 2208 toutes mes entreprises?
1377 2191 2415 2265 » Je fis quelques voyages d’où je rapportai
1331 2240 2425 2332 de nouvelles richesses; puis j’épousai votre bonne
1329 2303 2421 2377 mère, je me fis bâtir cette maison et je me fixai dans
1333 2364 2408 2429 ce village, où je n’ai, Dieu merci, à quelques excep¬
1329 2400 2422 2479 tions près, que de bons camarades et de fidèles amis.
1370 2459 2417 2537 » J'ai de plus la satisfaction, mes chers enfants,
1326 2516 2418 2588 ajouta mon père en terminant, de vous voir tous en
1323 2570 2411 2642 bonne santé, en pleine prospérité, et, ce qui est plus
1322 2623 2407 2703 important, de penser que vous êtes d’honnêtes gens,
1326 2679 2408 2744 aimant Dieu, vos vieux parents et votre prochain.
1316 2722 2411 2806 Nous pouvons donc mourir en paix maintenant, votre
1318 2780 2410 2858 mère et moi, en vous bénissant et en remerciant le
1320 2840 2194 2903 ciel des bienfaits dont il nous a comblés. »
1352 3030 2403 3130 L’histoire merveilleuse du père André ne tarda pas
1315 3108 2400 3166 à se répandre dans le village. Grands et petits, jeunes
1320 3165 2393 3224 et vieux, hommes et femmes la commentèrent à l'envi,
1312 3207 2389 3282 chacun à sa façon et selon ses idées. Que beaucoup
1305 3265 2390 3326 l'aient accueillie avec incrédulité, cela est probable.
1315 3322 2393 3383 Quoi qu’il en soit, plus d’un, après en avoir gouaillé
1312 3383 1891 3436 tout haut, se dit à part lui :
1353 3431 2393 3492 « Plût au ciel qu'il m'en arrivât autant! Un plongeon
1300 3474 2393 3543 à faire et un pot à retourner, ce n'est pas la mer à
1304 3547 2390 3596 boire, et la richesse, le bonheur valent bien qu'on les
1305 3589 1699 3653 achète à ce prix! »
1348 3640 2389 3715 Et en effet, des lors, la plage ne fut plus aussi
1300 3700 2392 3774 déserte : il ne se passait guère de soirée qu'on ne vît
1298 3762 2385 3824 quelque pauvre diable se diriger furtivement vers le
1297 3806 2379 3878 lieu où gisait la vieille épave, puis en revenir quel¬
1300 3865 2385 3925 ques heures après l’oreille basse, – sans doute parce
