2822 3966
1598 159 1681 219 46
599 215 1602 300 Pour toutes les pensionnaires ce regard éloquent
547 292 1181 352 disait mieux que mille paroles :
590 341 1600 396 « Quand on s’appelle Isaure de Valeroy, que l’on a
542 389 1590 444 ma beauté, et cinquante mille francs de rente, est-ce
556 445 1188 534 que l’on peut rester fille!!!!...»
598 552 1596 671 Deux années après cette scène, nous retrouvons
542 651 1589 730 Isaure de Valeroy dans sa famille, au château de Va¬
546 694 1169 777 leroy, sur les bords de la Loire.
590 713 1570 811 Elle a vingt ans. Sa beauté complètement dévelop
554 811 1589 869 pée est vraiment extraordinaire. C’est la bella folgo-
547 863 1585 916 rante des Italiens, cette beauté qui frappe, au pre¬
542 905 1585 967 mier regard, d’étonnement et d‘admiration. Brune,
547 960 1589 1025 grande, élégante, les traits réguliers et fiers comme
544 1003 1588 1075 ceux d’un camée antique, des cheveux abondants,
535 1063 1584 1129 souples et noirs qui couronnent sa tête d’une sorte
542 1106 1584 1170 de diadème, des dents éblouissantes, des mains deve¬
544 1160 1588 1240 nues célèbres ; toutes les perfections de la nature
542 1206 1182 1273 semblent lui avoir été départies.
590 1248 1588 1324 Après deux hivers passés à Paris, ses succès avaient
544 1309 1582 1375 dépassé toutes ses espérances et doublé ses préten¬
551 1371 1586 1430 tions. Au couvent du Sacré-Cœur elle avait appris à
554 1419 1597 1478 écrire correctement sa langue, un peu de dessin et
547 1475 1590 1527 de musique. A Paris, on s’aperçut qu’elle chantait
554 1529 1596 1588 comme Cornélie Falcon, qu’elle touchait du piano
551 1566 1588 1657 comme madame Pleyel, et que ses lettres étaient des
554 1621 1324 1689 petits chefs-d’œuvre d’esprit et de style.
590 1660 1590 1740 Aussi, à l’heure présente, Isaac voulait-elle un
542 1728 1594 1784 mari, beau, jeune, riche et spirituel, qui la fit au
542 1771 872 1838 moins duchesse.
586 1826 1585 1887 Les prétendants, comme on le pense bien, n’a¬
551 1881 1594 1942 vaient pas manqué aussitôt son apparition dans le
544 1931 701 1993 monde.
590 1979 1593 2056 Plusieurs même, bien accueillis par sa famille,
547 2033 1590 2099 devaient attirer au moins son attention. Mais nul
540 2088 1589 2152 d’entre eux ne réunissait toutes les qualités réclamées
540 2148 1594 2206 par l’ambitieuse fille. Tous furent repoussés dès le
547 2189 1154 2254 premier abord et sans examen.
582 2239 1593 2314 Au moment où nous la rencontrons au château de
540 2286 1593 2369 Valeroy, elle est assise sur une terrasse près d’un
542 2342 1594 2414 bassin où frétillent des poissons rouges. Sa mère, son
539 2403 1589 2473 père, et son jeune frère, qui est un enfant encore,
532 2453 1589 2516 sont groupés autour d’elle. On est au mois de juin, et
535 2505 1394 2565 sept heures sonnent à l’horloge du château.
576 2557 1585 2613 Il a fait une splendide journée. Le soleil prêt à dis¬
532 2583 1585 2684 paraître inonde cependant encore la campagne de ses
530 2647 956 2722 rayons les plus dorés.
571 2714 1580 2782 Isaure est vêtue d’une robe de coutil brodé qui
531 2746 1585 2836 dessine sa taille élégante. Un grand chapeau de paille
531 2818 1588 2897 d’Italie garni de velours noir couvre ses cheveux et
523 2868 1581 2944 ombrage sa belle tête. Elle caresse paresseusement
524 2918 1585 3003 un épagneul noir endormi sur ses genoux, et ses
524 2977 1569 3045 mains blanches se plongent avec grâce dans les lon-
526 3023 963 3087 gues soies de l’animal.
562 3079 1582 3154 M. et madame de Valeroy, fiers de leur enfant, la
528 3115 1576 3211 regardent avec complaisance et tendresse, tandis que
528 3170 1578 3264 leur fils, assis sur le sable, s’amuse à suivre des yeux
531 3219 1582 3316 les méandres capricieux des poissons rouges dans
524 3268 1000 3356 l’eau limpide du bassin.
576 3340 1573 3421 « Eh bien, ma chère Isaure, dois-je inviter M. Hec¬
527 3369 1574 3479 tor du Rouvre à venir passer un mois avec nous?
527 3428 1216 3522 demandait M. de Valeroy à sa fille.
614 3482 1576 3583 Comme vous voudrez, mon cher père.... En vé-
518 3543 1577 3639 rité, vous n’avez guère de distractions ici, et je crois
524 3593 1573 3709 que vous ferez bien de l’engager, puisque sa société
1689 214 2726 308 vous plaît. Vous irez à la chasse ensemble cet au¬
1676 286 1827 356 tomne.
1780 344 2723 401 Isaure, ma fille, tu sais fort bien ce que ton
1681 383 2731 457 père entend te dire, reprit madame de Valeroy. S’il
1671 437 2735 510 s’agissait seulement d’inviter le comte du Rouvre
1680 492 2728 563 comme un commensal sans conséquence, il ne te con-
1671 544 1951 617 sulterait pas.
1772 602 2728 658 Mais, ma chère maman, je ne comprends réelle-
1673 657 2738 728 ment pas quel sens particulier vous attachez à cette
1671 701 1890 772 invitation.
1792 756 2731 821 Allons, Isaure, soyons donc sincère. M. du
1668 804 2726 867 Rouvre t’a suivie cet hiver dans tous les bals, a té¬
1671 851 2735 924 moigné son admiration pour toi de mille manières, et
1671 901 2733 992 tu ne peux pas ignorer qu’il désire être agréé par
1771 979 2728 1097 Oh! grand Dieu! s’il en est ainsi, alors mon
1672 1046 2111 1133 père ne l’invitez pas !
1764 1109 2089 1182 Il vous déplaît ?
1719 1160 2263 1228 — M. du Rouvre ? — Non.
1763 1193 2724 1269 - Eh bien, alors, pourquoi ne l’inviterais-je pas?
1671 1269 2716 1325 Quand un jeune homme qui a toutes les qualités
1671 1320 2728 1382 d’Hector ne déplaît pas à une jeune fille, il peut fort
1665 1371 2287 1444 bien arriver à lui plaire, et....
1763 1415 2726 1489 Je ne pense pas, mon père, que vous ayez formé
1665 1475 2469 1553 le projet de me marier à M. du Rouvre?
1719 1527 2723 1628 — Je n’ai pas positivement arrêté mes vues sur lui,
1665 1598 2738 1672 Isaure, parce que je veux te laisser entièrement
1665 1652 2733 1727 libre sur ton choix, mais j’avoue que je verrais ce
1665 1700 2086 1771 mariage avec plaisir.
1774 1731 2723 1839 Mon père, si je dois vous obéir, alors j’accepte-
1668 1804 2413 1891 rai qui vous me présenterez, mais.....
1755 1871 2731 1926 — Nous obéir, ma fille chérie! s’écria madame de
1679 1905 2738 1989 Valeroy avec tendresse, à Dieu ne plaise que nous
1679 1979 2735 2044 voulions t’imposer un mariage qui te répugnerait!
1680 2021 2731 2103 Hector du Rouvre ne saurait te plaire, eh bien! qu’il
1665 2069 2139 2151 n’en soit plus question.
1774 2101 2731 2214 Cependant, réfléchis, petite fille, reprit M. de
1673 2167 1851 2258 Valeroy;
1909 2184 2724 2246 Hector a une belle fortune, il sera mar-
1673 2240 2731 2310 quis un jour, sa famille est une des plus illustres de
1665 2294 2731 2367 France, et il t’aime sincèrement. Je connais son ca-
1667 2351 2716 2433 ractère, et je suis convaincu qu’il te rendrait heu-
1669 2401 1804 2465 reuse.
1765 2413 2728 2521 M. du Rouvre sera riche à la mort de son oncle,
1664 2514 2728 2567 mais actuellement sa position de fortune n’est pas
1667 2563 2731 2638 absolument brillante, et je ne veux pas passer ma
1665 2604 2131 2682 jeunesse dans la gêne.
1780 2639 2726 2739 Son oncle l’avantagerait très-probablement à
1665 2699 2187 2781 l’occasion de ce mariage.
1720 2771 2731 2852 — D’ailleurs, je n’aime pas sa famille, et ses amis
1658 2814 1962 2888 me déplaisent.
1768 2842 2731 2944 Chère enfant, si tu as quelque préférence de
1658 2940 2728 3004 cœur, il faut nous le dire; parmi tous les jeunes gens
1668 2981 2509 3066 qui t’admirent, as-tu distingué quelqu’un?
1763 3029 2147 3099 Oh vraiment non!
1755 3060 2723 3167 - Eh bien! tu es jeune, tu as le temps de choisir;
1658 3130 2165 3222 attendons, chère enfant!
1767 3198 2723 3266 Oui, mais si ma sœur attend encore un peu de
1661 3243 2604 3326 temps, elle coiffera sainte Catherine, maman. »
1701 3316 2714 3376 Un éclat de rire général accueillit cette menace du
1656 3360 2147 3436 jeune Henri de Valeroy.
1704 3428 2726 3476 « Tu écoutais donc notre conversation, tout en
1656 3472 2714 3536 jouant avec tes poissons? lui demanda madame de
1665 3530 2715 3586 Valeroy; mais tu sais qu’il ne faut rien répéter de ce
1660 3594 2259 3647 que tu entends, n’est-ce pas?
1756 3642 2026 3733 Oui maman.
