2907 4318
1284 229 1295 279 —
1298 219 1395 307 35
309 293 999 380 Si j’ay bien faict, Dieu l’a faict dire ;
309 369 897 423 Si j’ay mal dict, songe l’a dict,
302 415 892 485 Songe l’a dict et faict escripre ;
302 467 904 546 Mais je n’en cuide estre desdict.
309 565 879 653 Et vous, dames et damoyselles,
314 622 763 690 Qui estes naturellement
307 658 904 727 De grâces pleines, et auxquelles
317 720 801 778 Voué me suis entièrement,
310 766 823 838 Si je n'ay assez haultement
309 816 1293 880 Envers vous comply mon affaire (rempli mon devoir),
312 873 879 927 Pardonnez-moy courtoisement;
309 915 964 989 Car j’ay faict ce que j‘ay sceu faire.
231 1006 1294 1082 Et voici la seule récompense qu’il leur demande :
302 1107 859 1192 Si que veuilliez moy secourir
309 1189 882 1245 Dames, et en faicts et en dits;
320 1238 873 1298 Veuillez pour Martin requérir
309 1295 925 1361 Le royaulme de paradis ! Amen.
236 1404 1283 1467 Nos vieux auteurs, — on a déjà pu s’en convaincre,
242 1458 1283 1516 sont généralement peu favorables au beau sexe
189 1511 1287 1576 Martin fait exception. Il inaugure, en quelque sorte,
189 1564 1294 1627 le règne de la galanterie littéraire; et comme, fort
189 1616 1287 1681 heureusement, le bon exemple n’est pas moins conta-
189 1670 1291 1732 gieux que le mauvais, non-seulement Franc-Vouloir
193 1727 1288 1786 a vu se rallier autour de lui toute une phalange sa-
189 1786 1294 1847 crée d’imitateurs contemporains, mais il a eu dans
189 1836 1291 1896 les siècles suivants une postérité nombreuse et qui ne
189 1898 1294 1956 semble pas près de s’éteindre, pour l’honneur de la
187 1950 614 2018 courtoisie française.
239 1991 1290 2071 C’est ainsi que, vers la fin du seize siècle, —
196 2059 1291 2113 un peu avant la Saint-Barthélemy, si notre mémoire
189 2110 1294 2170 n’est pas en défaut, — messire Jacques Yver, gentil¬
196 2168 1294 2225 homme poitevin, seigneur de Plaisance, de la Bigot¬
204 2223 1301 2291 terie et autres lieux, n’eut rien de plus pressé que de
196 2278 1287 2330 dédier aux belles et vertueuses damoyselles de France.
196 2330 1291 2391 un sien petit volume, mignon et coquet, intitulé : le
198 2386 1301 2443 Printemps d’Yver. La dédicace dont nous parlons est
196 2439 1294 2496 tout à fait à la hauteur de ce titre, ou plutôt de ce
189 2497 1010 2556 calembour fleuri. Vous allez en juger :
246 2546 1294 2611 « Pour le zèle que je porte aux Vertus, aux Grâces
203 2598 1293 2662 et aux Muses, — dit entre autres choses l’aimable
196 2652 1280 2717 gentilhomme, — j’ay estimé que les vertueuses, gra-
189 2707 1301 2764 cieuses et bien appprises damoyselles (desquelles nostre
198 2760 1291 2824 France se voit si heureusement embellie), estoient
196 2815 1291 2877 bien le plus digne subject que je peusse eslire entre
198 2868 1294 2926 les plus exquises choses de ce monde; espérant
201 2915 1287 2984 qu’encore qu’ayant la main trop débile pour bien te-
196 2986 1298 3037 nir la docte plume de cygne, j’aye prins la plumette
201 3035 1291 3094 d’un passereau (oyseau de la Mère d’Amour), et que
207 3091 1283 3165 voz souveraines perfections (mes damoyselles) méri-
201 3136 1291 3200 tent d’estre chantées d‘une plus haute voix que la
204 3192 1293 3253 mienne, néantmoins elles ne desdaigneront les petits
204 3251 780 3311 fredons de ma chanterelle.»
249 3299 1291 3379 Mis en verve par ce joli commencement, Jacques
211 3347 1283 3443 Yver continue en redoublant de politesse et de gra-
201 3396 402 3484 cieuseté :
249 3484 1302 3545 « J’ay voulu vous dédier les premiers ans de ma
208 3545 1298 3608 vie, et j’ay faict un bouquet de fleurettes de ce mien
203 3578 1294 3650 Printemps, pour le présenter et offrir à votre excel¬
200 3638 1290 3705 lence ; en attendant, après ces fleurs, un fruict qui
200 3708 1287 3759 ne desmentira point sa saison par une oysive stéri-
200 3744 1287 3819 lité, ou par une lasche tardiveté. Recevez donc (gen¬
207 3797 1298 3874 tilles damoyselles), selon vostre naturelle douceur et
201 3854 1294 3947 humanité, ces arrhes de mon affectionné devoir, te¬
1389 313 2510 376 moigné par ce petit livret, lequel (si voz yeux bénings
1384 362 2504 432 luy font tant d'honneur, que de le lire par esbat),
1386 428 2503 502 lorsque le trop de loysir vous ennuyera, s’efforcera de
1384 489 1868 566 tromper cest ennuy. »
1425 556 2489 620 Et il termine son épître en murmurant avec un pro¬
1382 605 1634 699 fond salut:
1431 658 2499 743 « Je suis (mes damoyselles) et seray toute ma vie
1706 735 2311 825 Le très-affectionné serviteur
1866 801 2331 873 De voz bonnes grâces,
2035 855 2388 935 JACQUES YVER. »
1425 978 2489 1052 Plus d’un siècle après Jacques Yver, un autre des¬
1385 1027 2496 1096 cendant de Franc-Vouloir, Regnard, qui par sa verve
1384 1090 2496 1150 franche et vigoureuse mérita d’obtenir le second
1389 1147 2482 1212 rang à la suite de Molière, Regnard, disons-nous,
1384 1212 2483 1272 combattit de nouveau Male-Bouche dans la personne
1384 1255 2482 1323 de Boileau. A la diatribe, — généralement médiocre,
1384 1304 2485 1368 du reste, — que celui-ci, d’après Juvénal, avait lan¬
1386 1358 2493 1431 cée contre toutes les femmes sans exception, il riposta
1392 1414 2481 1480 par une Satire contre les maris, qui, malheureuse¬
1384 1469 2496 1526 ment, n’offre presque rien de remarquable, et qui
1384 1526 2495 1595 même, au point de vue du talent poétique, est restée
1386 1574 2342 1642 bien au-dessous du réquisitoire de Despréaux.
1441 1641 2483 1720 « Quelque chose que je dise contre le mariage,
1386 1697 2493 1764 écrit Regnard dans une courte préface qu’il a mise en
1384 1755 2481 1817 tête de son plaidoyer, mon dessein n’est pas d’en dé¬
1386 1817 2493 1874 tourner ceux qui y sont portés par une inclination
1386 1866 2478 1934 naturelle, mais seulement de faire voir que les dé
1392 1931 2483 1984 goûts et les chagrins, qui en sont presque insépara-
1386 1969 2486 2035 bles, viennent pour l’ordinaire plutôt du côté des
1386 2035 2486 2096 maris que de celui des femmes, contre le sentiment
1386 2084 2489 2155 de M. Despréaux. J’espère qu’en faveur de la cause
1384 2145 2481 2211 que j’entreprends, on excusera les défauts qui se trou-
1395 2188 2490 2267 veront dans cette satire; je me flatte du moins que
1384 2247 2483 2310 les dames seront pour moi ; et, à l’abri d’une si illus¬
1386 2306 2475 2377 tre protection, je ne crains point les traits de la cri¬
1384 2352 1941 2441 tique la plus envenimée. »
1425 2430 2481 2500 L’auteur de la Satire contre les maris rend compte
1386 2483 2489 2543 en ces termes du motif qui lui a mis la plume à la
1384 2539 1498 2606 main
1427 2634 2202 2706 Ne t’imagine pas que l’ardeur de médire
1425 2690 2423 2754 Arme aujourd’hui ma main des traits de la satire (1),
1423 2743 2239 2806 Ni que par un censeur le beau sexe outragé
1420 2803 2244 2848 Ait besoin de mes vers pour en être vengé:
1425 2838 2400 2893 Ce sexe plein d’attraits, sans secours et sans armes,
1425 2889 2341 2945 Peut assez se défendre avec ses propres charmes;
1431 2933 2261 2992 Et les traits d’un critique affaibli par les ans
1420 2979 2397 3037 Sont tombés de ses mains sans force et languissants.
1423 3031 2242 3095 Mon esprit autrefois, enchanté de ses rimes,
1428 3087 2289 3140 Lui comptait pour vertus ses satiriques crimes,
1428 3129 2158 3197 Et livrait avec joie à ses nobles fureurs
1431 3186 2114 3239 Un tas infortuné d’insipides auteurs ;
1425 3231 2299 3287 Mais je n’ai pu souffrir qu’une indiscrète veine
1425 3283 2282 3339 Le forçât, vieil athlète, à rentrer dans l’arène,
1425 3329 2317 3383 Et que, laissant en paix tant de mauvais écrits,
1418 3372 2270 3441 Nouveau prédicateur, il vint, en cheveux gris,
1425 3424 2475 3501 D’un esprit peu chrétien nous faire horreur des femmes.
1434 3614 2481 3689 (1) Regnard, à son insu probablement, imite là deux vers
1384 3671 1769 3734 de son antagoniste :
1444 3738 2325 3824 L’ardeur de se montrer, et non pas de médire,
1451 3797 2121 3877 Arma la Vérité du vers de la satire,
1903 3821 2365 3931 (Art poétique, chant II.)
