2897 4318
1233 211 1340 289 181
190 301 1236 356 L'enfant baissait les yeux et la rougeur couvrait son
146 350 506 417 charmant visage.
183 408 755 473 Je l'interrogeai doucement.
196 459 1242 522 « Avant ma guéison, reprit-elle, et lorsque je
153 514 1229 576 priais la Sainte-Vierge d’intercéder pour moi, je sen¬
153 570 1233 629 tais mon cœur tout en feu. Je fus guérie... eh bien !
148 629 1228 684 quand je retournai à la chapelle des Carmes pour re¬
148 685 1236 743 mercier Notre-Dame de Bon-Secours, je ne pus me
156 736 1236 799 recueillir et prier comme auparavant. Même à genoux
155 790 1242 838 devant l'autel, je pensais à toute autre chose que la
156 834 1236 903 bonté de Dieu : Je me réjouissais de pouvoir aller à
148 888 1233 948 l’îtôt de la Penfeld sans me faire traîner par Mique-
160 939 1236 1004 lon; je me voyais dansant des rondes dans la cour de
148 985 1227 1057 l’école, et courant, et sautant, au lieu de me tenir
159 1053 1229 1116 encore tristement assise dans un coin. J'étais si heu¬
155 1109 1236 1171 reuse que je ne m’apercevais pas que j’étais devenue
141 1151 1224 1214 ingrate. Mais le bon Dieu sait tout : il vit que je l'ou¬
150 1206 1236 1265 bliais dès que j'étais contente, et, pour retrouver mon
148 1262 1094 1325 cœur, il me rendit bien vite mon infirmité. »
190 1314 1232 1374 J’ai conservé le sens exact de cette explication si
150 1381 1229 1430 admirablement chrétienne dans son humilité, mais
148 1419 1217 1486 j'ai le regret de ne pouvoir me rappeler les expres¬
150 1473 1229 1534 sions plus naïves de l’enfant para ytique. Avait-elle
150 1529 1224 1582 bien deviné? Nous lisons dans l’évangile que sur dix
148 1575 1227 1637 lépreux, neuf, après avoir été guéris, s'éloignèrent de
145 1633 1227 1694 Jésus sans lui adresser un mot de reconnaissance, et
141 1696 1214 1753 pourtant l'histoire ne dit pas que ces hommes se trou¬
145 1744 1224 1802 vèrent de nouveau atteints de la lèpre en punition de
148 1790 1213 1843 leur ingratitude. La B. élivet m'avait chargé de répri¬
139 1847 1227 1909 mander au besoin sa chère malade, et c était moi qui
135 1909 1224 1960 recevais d'Emilienne une leçon de confiance et de
148 1961 1213 2001 soumission filiales. Quand je rapportai à la grand’¬
139 2016 1225 2073 mère la belle réponse de l’enfant, elle hénit le ciel et
148 2065 1225 2126 parut délivrée d'un grand poids. Pour cette femme, il
141 2113 1229 2174 n’y avait qu’un malheur sans consolations : c'était de
141 2176 1217 2243 reculer dans la vertu et de déchoir aux yeux de l’éter¬
141 2217 414 2281 nelle justice.
183 2250 1225 2333 Je partis; je visitai quelques colonies anglaises, et
135 2326 1224 2384 n’ayant laissé personne à Brest qui connùt l’enfant
150 2382 1225 2452 paralytique, je restai plus d’un an sans avoir de ses
139 2442 1224 2501 nouve les. La pauvre demeure de la marchande
148 2483 1224 2546 d’herbes et l’ïlot de la Penfeld, où la douce figure
144 2539 1217 2611 d'Emilienne m'était apparue pour la première fois, se
145 2600 1225 2660 présentaient, néanmoins, à ma mémoire, presque
135 2653 1225 2701 aussi souvent que le manoir paternel où mon aïeule
134 2702 1224 2757 m'attendait avec mes frères et mes sœurs. Comme
150 2754 1217 2809 pour ces dernières, j’avais acheté quelques petits pré¬
141 2809 1221 2872 sents pour Emilienne. Il me tardait d'entendre les
150 2859 1212 2918 exclamations de plaisir de ma jeune amie; et, quand
139 2898 1213 2988 la côte du Portzie parut devant moi; quand je recon¬
148 2958 1212 3037 nus le château et les remparts de la vil.e maritime,
146 3014 1217 3089 je sentis mes yeux se mouiller en regardant dans la
148 3073 1216 3162 direction où se trouvaient la chapelle des Carmes et
149 3112 636 3194 la maison de la Brélivet.
196 3162 1212 3251 Lorsqu'il me fut permis de descendre à terre, j'at¬
152 3218 1212 3308 tendis la nuit pour me présent. r dans cette maison,
155 3278 1214 3353 parce qu'il me fallait porter sous le bras un paquet
146 3330 1210 3408 assez gros destiné à la grand'mère et à sa petite fille.
146 3378 1212 3449 En m'approchant, je vis de la lumiere dans la cham¬
146 3423 1216 3509 bre qui m'é ait si connue. Je me disais joyeusement
152 3484 1217 3557 que j'allais les voir et je pressais le pas avec toute la
146 3524 1214 3614 contiance de la jeunesse. Un chien grattait la porte
141 3590 1209 3665 en gémissant : je m'étonuai qu'on n'ouvrit pas à Mi¬
149 3647 1217 3720 quelon, et un doute pénible me traversa l'esprit. Le
149 3696 1213 3783 chien me reconnut et vint à moi avec ces murmures
155 3750 1218 3851 que vous avez souvent entendus et qui ressemblent
1322 313 2408 391 aux sanglots d'un enfant. Il se glissa derrière moi
1325 360 2408 449 dans la chambre où je pénétrai le cœur plein d'une
1325 410 2408 502 douloureuse appréhension. Il n'y avait là que deux
1325 461 2405 559 femmes âgées : l’une assise près d’un lit et lisant
1335 537 2403 604 péniblement un chapitre de l'Imitation, l'autre cou¬
1324 574 1701 643 chée et mourante.
1365 641 2408 710 La Brélivet tressaillit au son de ma voix, et fixant
1326 682 2408 760 sur moi un regard affectueux, elle me tendit la
1325 741 1451 796 main.
1369 781 2403 864 « Émilienne est partie la première, me dit-elle, il y
1326 846 2412 909 a de cela quelques jours; mais, en la soignant, j'ai ga¬
1324 905 2411 968 gné sa maladie, et avant demain, peut-être, j'irai la
1317 956 2408 1019 rejoindre. Dieu a tout arrangement pour le mieux dans sa
1326 1006 2403 1078 bonté. S’il eût guéri mon enfant par un miracle,
1317 1073 2411 1124 comme nous l'avons cru un moment; si cette enfant
1325 1105 2400 1179 vivait encore , quel abandon, quels périts n’aurais-je
1326 1179 2400 1240 pas à craindre pour elle en la laissant derrière moi?
1321 1223 2404 1299 Vieille, je ne pouvais espérer lui rester longtemps.
1317 1277 2390 1336 Que fait le Sei-neur, le bon Dieu? Au lieu de nous ac¬
1317 1324 2399 1385 corder une grâce pleine de dangers, il appelle à lui
1314 1387 2388 1440 ma petite fille pour la combler de biens et lui épar¬
1313 1441 2400 1500 gner les peines de ce monde. Il veut même qu’elle
1311 1489 2399 1553 n’ait pas à regretter sa grand’mère qu’elle aimait tant.
1311 1538 2408 1601 La nuit dernière, l'enfant est venue m'appeler, et j'ai
1309 1589 2405 1646 senti sa petite main pa-ser sur mon front. Il y avait
1314 1644 2397 1707 comme un rayon de soleil autour de moi, et je respi¬
1311 1694 2397 1774 rais des parfums si agréables qu’on eût dit que j’étais
1305 1749 1872 1813 sous un buisson de rose. »
1357 1806 2401 1875 La voisine qui était venue veiller la Brélivet et qui,
1306 1863 2400 1921 à mon entrée dans la chambre, avait interrompu sa
1309 1913 2397 1983 lecture, me fit un signe et me conduisit près du
1310 1965 1441 2036 foyer.
1354 2010 2393 2074 « Ce sera pour cette nuit, dit-elle : l’oiseau de la
1306 2073 2224 2139 mort est sur la cheminée, l'entendez-vous? »
1354 2131 2392 2188 Je prêtai l'oreille et j'entendis très-distinctement un
1306 2180 2382 2252 oiseau qui, à intervalles égaux, poussait un cri très¬
1306 2229 1968 2302 doux et d'une mélodie plaintive.
1357 2278 2163 2356 Ce cri attira l'attention de la mourante.
1359 2341 2393 2400 « — Vous croyez que c’est l’oiseau de la mort, dit-
1311 2396 2397 2448 elle, mais moi je reconnais la voix de ma chérie qui
1309 2445 2396 2501 me parle de la bonté de Dieu et qui me presse de ne
1306 2498 2392 2556 pas tarder davantage. Il vous semble que c’est la
1311 2557 2388 2617 plainte d'un oiseau? Non, non, c'est Emilienne ! Vous
1311 2606 2384 2673 savez bien que je la nommais souvent ma petite
1309 2660 1533 2736 colombe. »
1347 2684 2378 2768 Ce lit d’agonie n’avait rien de sombre ni de dou¬
1302 2766 2382 2824 loureux : ou n’y voyait autre chose qu’un adieu tran¬
1311 2824 2385 2872 quille aux chagrins de la terre, un avant-goût des
1306 2864 2388 2932 joies célestes, un cantique de bénédictions pour les
1311 2925 2385 2981 peines éprouvées et pour les bonheurs promis. La
1299 2974 2378 3041 Bielivet mourut le lendemain matin au premier
1309 3032 2375 3088 chant du coq. Le surlendem in j’assistai à son convoi,
1299 3084 2373 3137 où l'on ne vit qu'un seul habit noir, mais où les pau¬
1309 3134 2377 3201 vres, qu'elle avait tant de fois secourus malgré sa mi¬
1299 3182 2371 3279 sère, lui formaient un cortége aussi recueilli qu'af¬
1299 3240 1411 3316 fligé.
1351 3264 2377 3357 Maintenant, je n’ai plus rien à dire d’Émilienne ni
1299 3337 2375 3402 de sa grand'mère, sinon que depuis l'époque où je les
1299 3385 2377 3457 ai connues toutes les deux,je ne puis entendre un so¬
1299 3445 2377 3523 phiste de salon déclamer contre la Providence sans
1299 3502 2382 3562 me l'appeler avec bonheur qu'une pauvre marchande
1299 3545 2378 3618 d herbes et une enfant infirme ne trouvaient aucune
1302 3607 2375 3672 objection à élever contre la justice et la bonté de Dieu.
1298 3659 2367 3724 Dans mes heures de dégoût et de découragement (il
1299 3713 2373 3774 en a dans toutes les carrières) l'exemple de la vieille
1306 3765 2375 3834 femme et de l'enfant ne m'a pas été non plus inutile.
