2822 3966
1627 98 1681 205 9
705 273 929 396 ∆อิ
1181 306 2611 416 ยย่ย ย҆ออ อเย-ย
593 407 1605 511 RIS DE VEAU A LA CHICORÉE. — Faites blanchil
560 492 1613 566 les ris de veau pendant cinq minutes, épluchez-les
558 560 1613 612 avec soin ; placez-les dans une casserole garnie de
560 607 1599 667 carottes, oignons, bouquet, débris de lard et dé veau
558 656 1613 733 mouillez avec du bouillon et laissez cuire à très-petit
552 703 1602 776 feu pendant une heure. Préparez de la chicorée ou de
555 768 1605 850 endives, au gras; placez dessus les ris de veau et ver¬
560 812 1148 888 sez le jus après l'avoir passé.
1741 418 2742 549 MARMELADE DE VIOLETTES. — Prenez un kilo¬
1700 508 2739 596 gramme et demi de violettes en fleur, épluchez-les
1692 585 2742 653 avant de les pèser et donnez-leur quelques coups de
1695 618 2736 697 pilon dans un mortier en marbre. Faites cuire deux
1689 673 2731 746 kilogrammes de sucre au boulé, jetez-y les violettes
1689 719 2750 828 ajoutez un kilogramme de gelée de pommes, faites
1695 774 2548 875 jeter quelques bouillons et mettéz en pots.
1233 1113 1304 1222 T
1348 987 2045 1244 Correspondance.
536 1345 2736 1438 PLANCHE III. — 1 et 2, passe et fond de bonnet pour enfant — 3, L. A.— 4, B. D. 5, Théodorine — 6, semé — 7, C. L.
629 1400 2720 1490 - 8, L. T.— 9, J. L. — 10, bouquet pour semé — 11, col — 12, bande assortie — 13, Augusta — '14, Entre-deux
582 1441 2728 1539 15, A. P.— 16, M. C. — 17, devant de chemise — 18, manchette assortie — 18 bis, M H. — 19, 20 et 21, dessins pour
585 1509 2720 1605 volants — 22, Sidonie — 23, écusson avec les lettres J. D. — 24, bas de jupon — 25, boutonnière, — 26, Mithide —
582 1558 2717 1657 27, G. L. — 28, écusson avec M. H. — 29, col pierrot pour petit garçon—39, V. B.—31, petite garniture —32, Ida
577 1618 2731 1700 33, Entre-deux — 34, mouchoir— 35 et 30, garniture de rideaux de vitre — 37, entre-d'eux — 38, garniture — 39, bou¬
577 1668 2728 1763 quet pour semé — 40, 41, col et manchette —42, bas de jupon — 43, dessin de soutache — 44, Valérie 45, mouchoir
618 1736 2731 1807 - 46, bouquet pour semé — 47, mouchoir quatre faces — 48 à 53, patron et dessin d’une robe de petite fille de trois
569 1761 2728 1862 à quatre ans — 54, croquis de la robe -- 55 à 57, patron et dessin d'une veste 'hongroise pour petit garçon de quatre
560 1812 2728 1935 à cinq ans — 58, croquis de cette veste — 50, bavoir — 60, Idaline — 61, Albertine — 62, couronne de Baron — 63, idem
563 1892 2726 1974 de Vicomte 64, idem de Comte 65, idam de Marquis 66, ideme de Duc 67, iden de Prince 68, tapisserie par
563 1933 2717 2028 signes - 69, vide-poche-hamac, chinois - 70, Panier berlinois - 71, croquis d'un signet pour missel -- 72, commence
566 2007 1629 2069 ment du grand alphabet — 73, idem du — petit — 74, E. A.
563 2045 1739 2149 La Petite Edition commence au numéro 25 et finit au numero 35.
569 2223 1580 2335 Ma chère Florence, a-t-on dansé à Nice? A Paris,
511 2305 1572 2387 l'on s'en est acquitté avec un merveilleux entrain
514 2354 1580 2430 Cet hiver, ton amie aura été trois fois au bal, à de
514 2403 1572 2477 vrais bals, nombreux à élouffer, brillants à éblouir
508 2449 1575 2542 sans compter les petites soirées improvisées, lesquelles
511 2518 1572 2592 ont bien leur charme. Maman dit que c'est trop ; je
503 2567 1569 2654 crie bien fort, que ce n'est guère; et cependant, en
503 2611 1569 2720 face des gros rhumes et des engelures, que chaque
506 2668 1572 2756 hiver fait éclore, je devrais reconnaître que, du
495 2715 880 2786 moins, c'est assez.
547 2758 1547 2851 C'est que le Lancier a tant de charmes! Fi, de l'an
495 2824 1556 2909 tique contredanse, aux allures compassées et graves
495 2881 1564 2963 Elle expire; elle est morte. Nos petites sœurs ne la
500 2931 1542 3007 connaîtront plus, même de nom ! La danse du Lan
498 2991 1553 3062 cier, au contraire, composée, sans nul doute, de trente
498 3032 1556 3114 six pillages, des gracieuses révérences de la gavotte
500 3084 1556 3177 du vieux et amusant moulinet de la polka, la danse
498 3133 1556 3226 du Lancier est pleine d'animation, et d'autant plus
498 3196 1542 3283 gaie que, n'étant point encore universellement con¬
498 3237 1550 3335 nue, on y commet plus de méprises. Il est vrai que
498 3280 1542 3382 déjà il s'y est formé deux écoles : l'une française
500 3343 1553 3447 vive et entrainante, ayant Laborde pour chef ; et l’autre
498 3382 1531 3488 anglaise, plus digne, un peu trop digne même, mar¬
500 3445 1539 3540 chant sous la bannière de M. Cellarius. Ces différente
498 3488 1550 3598 écoles nuisent au progrès, au lieu de le servir; et
495 3557 1580 3696 entrent, pour une bonne part, dans les bévues des
1654 2242 2723 2351 danseurs. Il me semble que les maîtresses de maison
1657 2332 2728 2406 devraient, l'année prochaine, où après le saint temps
1657 2381 2720 2455 Carême, exclure les adeptes de l'une, au profit des
1659 2428 2717 2501 adeptes de l'autre, quelle qu'elle fût : ce serait le
1659 2496 2717 2570 moyen d'éviter des conflits, capables d'amener la ruine
1657 2534 2715 2630 du Lancier. Puisse ma prévision ne se point justi¬
1654 2578 1763 2663 fier!
1698 2616 2709 2723 Florence, sais-tu ce qu’on a fait, le 6 et le 7 février,
1651 2706 2704 2777 sur la grande pièce d'eau du bois de Boulogne? Certes
1651 2761 2706 2824 en tout autre hiver, la chose ne serait point digne
1651 2797 2723 2879 d’être citée ; elle n’a de prix qu’à cause du temps mou¬
1657 2860 2706 2928 et humide, dont nous avions joui jusqu’alors. Eh bien,
1646 2906 2709 2980 mon enfant, ce qu’on y a fait; et, dans ton printemps
1648 2955 2690 3034 éternel, au milieu des suaves senteurs qui s'échap¬
1646 3013 2704 3078 pent des jardins de M. Alphonse Karr, de ce jardinier
1646 3078 2704 3141 comme il y en a peu, ce qu'on y a fait, tu n'arriverais
1646 3119 2704 3190 point à le deviner, dussé-je te le donner, en cent et
1640 3182 2706 3239 en mille ; ce qu'on a donc fait, sur la grande pièce
1643 3231 2695 3286 d'eau du bois de Boulogne : on y a patiné ! Doux per¬
1640 3283 2706 3338 sonnages, très-différents d'âge et d'aspect, deux grands
1640 3335 2698 3387 seigneurs étrangers, selon la chronique, s'y sont fall
1632 3379 2695 3447 remarquer, piqués au vil qu’ils étaient non-seulement,
1632 3439 2695 3494 par un joli froid de cinq degrés six dixièmes, mais
1632 3488 2690 3551 encore, par les nombreux spectateurs, qui à cheval,
1635 3540 2693 3617 qui en élégants coupés, voiles levés ou baissés, dont les
1632 3587 2695 3685 deux rives se trouvaient littéralement encombrées.
