2822 3966
1589 60 1709 165 104
535 149 1592 227 faibles et les petits, on comptait surtout l'ambassadeur
543 204 1583 284 d'Espagne, Donoso Cortès, qui, pendant les dernières
539 266 1595 321 années de sa vie, s’occupa des pauvres avec tout le
535 300 1595 366 zèle de son âme ardente et de sa profonde piété. Il
539 358 1587 428 entendit parler de la Sœur Rosalie et voulut la con¬
530 414 1591 463 naître. Conduit par un de ses amis à la rue de l'Epée-
542 459 1584 520 de-Bois, il fut singulièrement frappé de sa première
545 522 1589 583 visite, et sentit qu'il y avait là quelque chose qui
530 570 1588 630 manquait à sa vie ; ces deux âmes, en se rencontrant,
532 622 1577 680 s'étaient comprises : le traité fut bientôt conclu. Cha¬
530 673 1588 735 que semaine il quittait le quartier du pouvoir, de
527 724 1592 781 l’élégance, de la diplomatie, pour aller voir celle
530 781 1588 841 qu’il appelait son directeur. Il recevait d’elle une liste
530 834 1585 889 de pauvres, courait à pied tout le faubourg, s’asseyait
520 883 1569 939 auprès des malades, serrait la main de l'infirme, em¬
514 924 1581 995 brassait le petit enfant, réjouissait toute la famille de
520 986 1587 1039 ses paroles animées par l’accent et l‘imagination du
511 1023 1581 1111 Midi, et revenait, heureux, raconter à la maison de
511 1072 1573 1151 l’Epée-de-Bois ses passe-temps et ses découvertes.
520 1127 1573 1194 Tant qu'il fut en santé, en dépit de toutes ses occu¬
516 1195 1576 1261 pations politiques et officielles, il ne manqua jamais
515 1242 1579 1300 à son rendez-vous charitable. La Sœur Rosalie le
518 1286 1573 1355 voyait arriver au jour dit, à l'heure convenue, rien
511 1344 1567 1402 ne pouvait remplacer ou même abréger ses visites.
511 1387 1571 1458 Tombé malade, il envoya exactement l’argent qu’il
514 1439 1567 1506 ne pouvait plus porter lui-même, et s'occupa jusqu'au
511 1487 1571 1564 dernier jour de ses amis du faubourg Saint-Marceau.
508 1552 1575 1623 Il en parlait sans cesse à la sœur de Bon-Secours qui
519 1608 1569 1671 veillait auprès de lui, et mêlait cet intérêt et ce souvenir
508 1656 1564 1724 aux saintes pensées qui, comme des anges gardiens,
504 1697 1561 1777 lui faisaient douce compagnie et préparaient son avé¬
500 1764 1569 1836 nement à l'autre vie. Lorsque le mal s'aggrava, la
508 1805 1569 1883 Sœur Rosalie quitta à son tour son quartier pour la
504 1868 1555 1938 rue de Courcelles, et vint rendre à l'hôtel de l'am¬
500 1909 1569 1989 bassadeur les visites qu'il avait faites si souvent à ses
499 1970 1561 2041 mansardes. Ses prières ne purent en écarter la mort,
499 2011 1561 2091 mais elle assista au moment suprême comme pour
504 2064 1546 2155 témoigner devant le souverain Juge des bonnes æu¬
507 2115 1115 2188 vres de celui qu’il allait juger.
541 2162 1555 2251 La santé de Sœur Rosalie avait toujours été déli¬
502 2224 1555 2299 cate, elle ne se soutenait que par des miracles de
499 2267 1561 2353 courage et de patience, et Dieu, après avoir éprouvé
487 2331 1555 2405 l'amour de sa servante par de fréquentes maladies,
492 2378 1556 2459 d'habituelles souffrances, lui envoya une dernière
494 2436 1555 2507 croix, la plus pénible de toutes. Elle devint aveugle.
500 2480 1548 2554 Elle supporta en paix cette douleur, qui lui fut ce-
499 2535 1555 2606 pendant très-pénible, et continua à s'occuper avec
492 2586 1552 2669 ferveur de ses pauvres bien aimés. Sa santé déclinait
492 2640 1556 2712 de plus en plus ; le 4 février 1856, elle fut atteinte
492 2677 1552 2764 d'une pleurésie, et deux jours après, au moment où
487 2739 1552 2818 l'on se croyait maître du mal, elle mourut presque
490 2791 1553 2872 subitement, sans agitation, sans agonie, comme si elle
480 2837 1544 2939 avait passé d'un sommeil léger à un plus profond
487 2896 618 2953 repos.
522 2951 1541 3034 Le bruit de sa mort se répandit dans son quartier,
480 3004 1545 3096 et bientôt dans tout Paris, avec le saisissement et les
480 3055 972 3121 émotions de l'inattendu.
519 3100 1540 3187 Alors seulement, on put savoir ce qu'avait été la
490 3163 1545 3242 vie qui venait de finir ; car, à mesure que la triste
480 3196 1542 3298 nouvelle entrait dans une maison, dans un famille,
487 3251 1540 3352 on entendait des regrets, des gémissements; des
479 3308 1537 3412 hommes de toutes les classes, de toute les conditions,
480 3356 1529 3466 habitant les quartiers les plus éloignés, et qu'on n'au¬
475 3416 1540 3507 rait pas soupçonnés de savoir le nom de la Sœur Ro¬
483 3467 1537 3569 salie, s'arrêtaient pour pleurer en apprenant qu'elle
480 3523 1550 3636 était morte, et répondaient à ceux qui s'étonnaient de
1675 145 2728 258 leur douleur : — Ah! nous lui devions tant! elle
1671 223 2170 279 nous a fait tant de bien!
1728 278 2723 355 « Le jour de ses funérailles fut un de ces jours qui
1673 325 2711 409 ne s’oublient pas, et qui, dans la vie d’un peuple, ra¬
1670 388 2716 463 chètent bien des mauvais jours. Un peuple entier,
1673 421 2716 511 avec ses grands et ses petits, ses riches et s es pau¬
1675 476 2721 563 vres, ses savants et ses ouvriers, avec tout ce qu'il a
1673 527 2717 614 de plus illustre et de plus obscur, entourait ce cer¬
1671 585 2725 663 cueil, tous mêlés, confondus, exprimant, sous des
1663 640 2724 714 formes et des paroles diverses, les mêmes regrets, la
1663 681 2721 759 même admiration ; tous ayant à remercier d'un ser¬
1664 742 2720 815 vice, ou à louer d'une bonne action, celle à qui ils
1663 791 2723 874 venaient rendre les derniers devoirs. Les partis
1664 850 2724 923 s’étaient effacés, les haines s’apaisaient, les passions
1658 907 2720 974 faisaient silence ; il n’y avait plus que des frères et
1660 950 2721 1021 des enfants qui accompagnaient jusqu'à sa dernière
1658 983 2326 1069 demeure leur sœur et leur mère.
1702 1060 2725 1121 » Au lieu de prendre la route directe de l’église, lè
1658 1090 2709 1186 convoi fit un long détour dans le quartier qu’elle ap¬
1666 1160 2719 1234 pelait autrefois son diocèse, comme pour faire un
1660 1211 2711 1274 dernier adieu à ces rues qu'elle avait si souvent par¬
1660 1259 2715 1332 courues, à ce faubourg qu'elle avait tant aimé ; sur
1655 1317 2721 1395 son passage, les femmes, les petits enfants, tous ceux
1658 1365 2716 1443 qui n’avaient pu se mettre du cortége, s'inclinaient,
1655 1418 2711 1494 faisaient un signe de croix, et murmuraient une
1658 1465 2708 1542 prière ; à la vue des boutiques fermées, de la suspen¬
1643 1524 2720 1601 sion du travail, de la foule dans les rues, sur les
1658 1575 2713 1648 portes, aux fenêtres, de l'attention fixée sur un seul
1658 1628 2720 1697 point, le petit nombre de ceux qui n’en connaissaient
1654 1683 2716 1753 pas la cause se demandaient quelle fête, quel grand
1646 1742 2720 1801 événement agitaient ce faubourg et tenaient ce peuple
1651 1787 2716 1859 en émoi : si c'étaient les funérailles d'un prince, ou
1654 1829 2715 1902 l'entrée d'un triomphateur. Seul, le corbillard des
1648 1888 2711 1958 pauvres leur annonçait qu’il ne s’agissait pas d’une
1646 1941 2708 2008 gloire humaine, d'un triomphe de la terre, et qu'il
1640 2005 2711 2057 se passait là quelque chose que les idées de ce monde
1639 2039 1988 2108 n'expliquent pas.
1682 2102 2705 2176 » La messe fut dite par le curé de Saint-Médard,
1634 2135 2696 2220 l’absoute prononcée par M. l’abbé Surat, vicaire-gé¬
1640 2202 2696 2269 néral, envoyé par l'archevêque de Paris pour le re¬
1647 2260 2711 2324 présenter. Le catafalque était entouré d'un piquet de
1640 2320 2700 2369 soldats pour rendre les honneurs militaires à la dé¬
1642 2361 2703 2429 coration de la sœur Rosalie ; une croix d'honneur
1635 2418 2701 2491 était posée sur son cercueil. Ce n’était pas la sienne;
1640 2459 2701 2538 les sœurs n’avait pas voulu la donner, en souvenir
1636 2509 2704 2586 de son humilité, mais un des administrateurs du bu¬
1631 2579 2697 2646 reau de bienfaisance avait attaché sa croix au drap
1628 2625 2705 2692 mortuaire, en pensant qu'après avoir occupé cette
1636 2669 2613 2747 place, elle serait encore plus honorable à porter.
1673 2728 2700 2792 » Le corps de la Sœur Rosalie repose dans le cime¬
1627 2779 2695 2846 tière du Montparnasse, dans la partie réservée aux
1620 2835 2687 2896 sœurs de la charité, où dorment, en attendant la ré¬
1622 2886 2700 2949 surrection, tant de corps usés par de saintes fatigues.
1627 2924 2688 3014 Une croix marque le lieu de la sépulture, avec ces mots :
1997 2986 2340 3055 A sœur Rosalie,
1902 3046 2416 3112 Ses amis reconnaissants,
1882 3084 2441 3164 Les riches et les pauvres.
1667 3140 2693 3224 Aurons-nous réussi, mesdemoiselles, à vous donner
1622 3191 2687 3266 une idée de cette belle vie, si bien racontée par M. de
1622 3246 2689 3332 Melun? Nous le voudrions, et nous voudions surtout
1627 3290 2689 3371 que cet article vous inspirât le désir de lire ce livre
1624 3353 2685 3438 où nous n'avons fait que glaner quelques faits et
1615 3420 2689 3490 quelques pensées, en regrettant, à chaque épi que
1615 3467 2689 3530 nous choisissions, d'en laisser échapper un si grand
1615 3517 2484 3595 nombre que nous aurions voulu vous offrir.
2420 3569 2547 3659 E. R.
