2897 4318
1229 193 1359 288 173
147 303 1233 360 nous pardonner la simplicité des mets qui vous ont
147 353 373 418 été offerts?
189 399 1238 468 — Par la toge de mon père, fit Cistac, je voudrais
153 463 1244 539 être condamné à de pareils déjeuners pour le restant
152 517 446 585 de mes jours?
261 575 888 646 Vrai, tout cela vous a paru...?
265 620 1241 713 Excellent! délicieux! dirent Armand et Mail¬
152 671 285 746 loche.
254 723 721 799 Exquis! ajouta Cistac.
265 784 1245 859 Eh bien, mes enfants, reprit Parmentier, tout
153 848 1238 901 cela c’est de la solanée, sous quelques-unes des for¬
160 901 677 969 mes qu'elle peut revêtir!
253 949 1244 1011 Hein! s’écria le gascon, faisant un bond de haute
153 1001 320 1076 école. »
202 1063 1236 1115 Armand et Mailloche se taisaient et souriaient ; ils
160 1115 1041 1179 étaient surpris, mais non point mécontents.
202 1165 1241 1225 « Comment, comment, poursuivit Cistac, mais ce
154 1218 1151 1280 n’est pas possible! La purée de haricots serait...?
260 1283 1233 1346 Pommes de terre, répondit mademoiselle Angé¬
152 1319 286 1397 lique !
210 1380 662 1448 — Le concombre frit ?
270 1434 645 1507 Pommes de terre !
210 1486 489 1551 — Le gâteau?
254 1540 1236 1608 Ce gâteau, qui m’a gagné le cœur du premier
150 1597 1119 1646 magistrat de la ville d'Agen, pommes de terre !
252 1647 1238 1707 Je suis mort! hurla Cistac, se laissant choir
149 1693 500 1764 dans un fauteuil.
253 1753 1240 1820 Y avait-il un autre moyen de te faire revenir de
153 1807 1240 1876 ta prévention, lui demanda Parmentier avec douceur?
249 1857 888 1915 Le tour est bon, dit Mailloche !
253 1915 1087 1984 Je suis mort! cria de nouveau le gascon.
257 1961 656 2028 Non, fit Angélique!
196 2022 1173 2072 — Si, reprit-il ; déjà il me semble ressentir... »
188 2067 682 2139 Puis se levant soudain :
197 2127 1236 2200 « C'est une impardonnable trahison, continua-t-il;
153 2186 1243 2237 vous répondez de ma vie devant Dieu et devant les
152 2237 1243 2307 hommes. Vous m'avez attiré dans un piége; vous
147 2291 1238 2356 avez abusé de ma crédulité, vous vous êtes raillé de
145 2348 1230 2410 ma bonne foi!.. Parmentier, moi qui croyais en toi!
145 2389 1234 2455 Et vous, mademoiselle, se peut-il qu’un front aussi
153 2455 1233 2515 pur cache une âme aussi double! Me faire prendre
153 2510 1233 2569 cette infernale solanée pour une honnête purée de
150 2545 381 2616 haricots!...
199 2606 1227 2669 « De l'eau sucrée! fit-il de nouveau, retombant sur
142 2667 1230 2726 son siège. Un vomitif! De la tisane! de la tizane,
147 2710 1232 2779 au nom du ciel, si vous ne voulez me voir expirer à
152 2758 357 2833 vos pieds!
242 2819 1229 2893 - De la tisane de Champagne, dit Parmentier;
147 2872 1225 2947 c’est la seule dont ton estomac ait besoin, depuis
143 2923 1081 2997 longtemps je la gardais pour ce jour souhaité !
202 2982 1223 3054 — Son crime était prémédité, murmura Cistac avec
140 3018 367 3089 horreur! »
185 3083 1225 3166 Et il saisit un verre de Champagne qu’il avala tout
146 3125 1220 3210 d’un trait, tandis que les autres choquaient les leurs
154 3182 1220 3266 et les vidaient à la prospérité du Solanum tuberosum.
195 3226 1219 3323 « Ah! mon Dieu, fit tout d’un coup mademoiselle
1320 274 2435 356 Angélique, les yeux tournés vers la fenêtre, qu'ar¬
1320 352 2070 427 rive-t-il? les Sablons sont envahis ! »
1365 404 2449 485 En effet, une foule immense se ruait dans le
1323 455 2430 534 champ, et les quelques soldats préposés à sa garde par
1320 531 2432 624 l'ordre du Roi, avaient été mis dans l'impossibilité
1322 578 1475 656 d’agir.
1377 630 2295 705 « Courons, s'écrièrent Armand et Mailloche!
1421 701 1910 766 - Restez, fit Parmentier!
1434 759 2414 812 Mais voyez! voyez ! la terre est fouillée, les tu¬
1326 790 2420 874 bercules en sont enlevés et fourrés dans des paniers,
1323 858 2421 920 dans de grands sacs; les femmes mêmes en remplis¬
1322 915 2416 976 sent leurs jupons ! Vos gardes ont joliment fait leur
1319 959 1525 1023 besogne!
1430 1022 2419 1081 Ils n’étaient là que contre les ennemis de la so¬
1318 1066 2407 1144 lanée, répliqua Parmentier, une joie profonde rayon
1323 1118 1754 1191 nant sur son visage !
1430 1183 2419 1252 On s’embrasse, on pleure, on s‘agenouille, dit
1326 1245 2412 1305 mademoiselle Parmentier, haletante de bonheur; ah!
1316 1282 1847 1350 mon frère! mon frère ! »
1364 1340 2414 1416 Et elle se jeta en pleurant au cou de Parmentier.
1371 1384 2417 1471 Cependant, un nouveau personnage pénétrait dans
1319 1415 1674 1510 la modeste salle.
1372 1500 2412 1580 « Parmentier, cher Parmentiers s'écriait-il, ce jour
1325 1546 2009 1610 est un des plus beaux de ma vie!
1443 1601 2412 1669 Vous ici, monseigneur? fit Parmentier s’incli¬
1323 1655 1712 1717 nant avec respect!
1425 1712 2414 1775 Nous sommes les servants de l'humanité, répli¬
1332 1763 2416 1836 qua M. de Malherbe, car le nouveau venu n’était
1323 1824 2417 1883 autre que ce digne vieillard; notre drapeau est le
1323 1875 2420 1935 même; c’est un frère en Jésus-Christ qui vous tend la
1323 1932 2413 1996 main ! Antoine Parmentier, vous qui n’avez vécu que
1323 1988 2413 2045 pour doter votre pays d’un bienfait nouveau, vous, à
1323 2041 2409 2104 qui n’ont manqué ni les entraves, ni les angoisses,
1325 2082 2406 2153 je ne sais si l’on vous élèvera des statues, mais je
1329 2148 2412 2203 sais qu’avant dix ans il n’y aura pas en France un
1336 2198 2402 2260 cœur qui ne vous glorifie ! Je vous apporte les félici¬
1333 2248 2407 2307 tations de Sa Majesté, et l’ordre qui baptise votre
1323 2295 2000 2363 solanée du nom de Parmentière.
1411 2355 2406 2419 — Monseigneur, merci! Mais le baptême du peuple
1318 2410 1978 2471 a devancé le baptême du Roi! »
1372 2455 2394 2528 En effet : « Vivé la pomme de terre! Five Parmen¬
1319 2503 2260 2584 tier! » criaient au dehors mille voix confuses.
1368 2577 2396 2634 « Néanmoins, continua Parmentier, j’irai porter mes
1316 2627 2401 2694 actions de grâces aux pieds de Sa Majesté, comme je
1316 2673 2395 2748 les offre à vous, mon noble et généreux protecteur,
1318 2730 2396 2805 comme au fond de mon âme je viens de les offrir à
1311 2776 1444 2847 Dieu!
1358 2836 2395 2908 — Eh bien, faisaient tout bas Armand et Mailloche
1314 2865 1870 2951 à Cistac, qu'en dites-vous?
1361 2940 2395 3039 — Té! ce que j'en dis? Que la pomme de terre pas¬
1305 2988 1679 3066 sera, donc, voilà !
1407 3039 2394 3122 Oui, reprit M. de Malherbe, qui avait entendu
1304 3097 2384 3186 l’incrécule et le regardait curieusement, la pomme
1304 3162 2266 3223 de terre passera tout comme Recine et le café !
1950 3232 2320 3315 ADAM-BOISGONTIER.
