2822 3966
1537 115 1647 217 168
486 204 1564 282 cesserait d’affliger la terre, et qu’en même temps que
486 244 1564 325 le pauvre n’aurait plus à redouter la faim, le riche
490 305 1557 376 se verrait possesseur d’un mets savoureux de plus!
487 361 1540 430 Moi, je jure aussi, Je jure de prôner partout ce nou¬
494 426 1553 477 veau bienfait du ciel, d’en doter la France, de consa¬
487 475 1537 529 crer ma vie à le répandre, de faire pour sa propa¬
487 526 1549 587 gation d’infatigables croisades dans les villes et dans
487 579 1553 640 les campagnes, jusqu'au pied du trône s'il le faut !
487 631 1534 699 Colomb a mendié neuf ans la goëlette qui devait con¬
489 697 1552 757 quérir un monde à l’Espagne; je mendierai vingt ans
482 733 1539 801 s'il le faut, le coin de terre où mes mains cultiveront
485 781 1541 848 la précieuse solanée. Préjugés et route, ignorance et
482 840 1540 909 entêtement, je jure de lutter contre vous jusqu'à ma
475 889 1536 961 dernière heure, et je jure que vous serez vaincus!»
511 940 1520 1006 Les prisonniers se regardent, regardent Parmen
469 995 1537 1066 tier, examinent la pomme de terre et la rejettent,
463 1030 1530 1118 mais toute trace de colère est effacée de leurs frontes.
521 1098 1541 1167 « Parmentier, votre main, fit le Gascon s’avançant
462 1138 1529 1228 le premier ; je ne partage pas du tout vos idées, mais
469 1196 1534 1291 je reconnais en vous un cœur vaillant, et je vous offre
467 1251 756 1312 mon amitié. »
510 1310 1517 1385 Parmentier dut serrer les mains de tous ses cama¬
463 1367 1514 1436 rades, et il le fit avec effusion; les promesses d’inal¬
463 1411 1530 1492 térable amitié se pressaient sur les lèvres qui tout à
462 1463 1530 1545 l’heure l’outrageaient, lorsque Bloum entr’ouvrant la
467 1513 1502 1598 porte de la salle commune, vint l’avertir que son per
456 1571 1514 1651 mis de séjour chez le Pharmacien était signé. Parmen¬
463 1619 1520 1697 tier expliqua à ses camarades ce qui lui était arrivé
458 1674 1518 1748 pendant leur promenade au préau; tous l'en félicitè¬
451 1733 1508 1808 rent sincèrement, mais lui ne se sépara d’eux qu’a¬
460 1781 1514 1847 près leur avoir promis de mettre tout en œuvre pour
450 1830 1513 1913 leur obtenir une semblable faveur, et aussi qu’après
444 1878 1510 1956 les avoir réconciliés avec Bloum et Trim, au moyen
447 1935 861 2008 de quelques florins.
493 2147 1518 2219 Trois mois environ se sont écoulés depuis ce qui
444 2203 1505 2277 précède, et nous retrouvons monsû Cistac travesti en
442 2262 1504 2335 garçon perruquier, et gesticulant auprès du bon
439 2300 1506 2387 M. Meyer, qui, lui, est en train d’opérer quelque
439 2363 1415 2429 mixture dans un beau mortier de marbre blanc.
485 2408 1505 2482 « Oui, monsieur Meyer, disait le Gascon, moi qui
432 2455 1502 2536 suis le fils d’un magistrat de ma province, habitant
432 2516 1508 2591 sa propre maison, et possédant plus de milliers de
428 2564 1498 2651 louis d’or qu’aujourd’hui je n’ai de kreutzers, j’at dû,
435 2611 1486 2690 lorsque ce brave Parmentier, aidé de votre secours
431 2676 1497 2756 nous eut fait sortir de la geôle, j’ai dû descendre au
431 2728 1020 2799 métier d'apprenti perruquier!
540 2780 1487 2855 Et il paraît, répliqua M. Meyer sans quitter son
424 2837 1493 2919 œuvre, que vous vous en tirez galamment, que votre
419 2882 1496 2970 coup de peigne a de l’entrain, que votre coup de
416 2940 1485 3023 rasoir est leste, toutes qualités, avouez-le, qui, sans les
420 2992 1486 3074 circonstances actuelles, ne se seraient jamais produites
415 3041 718 3111 au grand jour!
511 3096 1487 3194 Bon ! votre système que tout est bien qui finit
409 3141 1479 3235 bien! Eh bé! par la toge de mon père, je ne suis pas
412 3201 980 3274 éloigné de dire comme vous.
509 3249 1454 3339 Je les y amène tous, fit M. Meyer d’un air en
407 3285 568 3362 chanté.
510 3355 1471 3454 Cela va dépendre du jugement que vous vous
400 3382 1155 3503 êtes formé sur celui qui vous parle. »
440 3461 1371 3567 Et comme M. Meyer ouvrait de grands yeux :
447 3516 1467 3607 « Messire, reprit le Gascon avec tout le sérieux que
389 3570 1466 3687 comportait sa physionomie, vous plairait-il de quitter
392 3617 800 3703 un instant le pilon?
1749 212 2071 286 Dans quel but?
1761 279 2705 371 Vous me feriez grand plaisir de quitter un in¬
1647 326 1929 395 stant le pilon?
1756 380 2178 447 Qu'à cela ne tienne !
1737 438 2055 495 Monsû Meyer?
1741 481 2085 550 Monsieur Cistac?
1751 537 2689 624 La main sur la conscience, comment me trou¬
1642 587 1874 658 vez-vous? »
1679 648 2700 736 Et Cistac se tournait complaisamment devant son
1634 683 2329 768 interlocuteur ébahi de la question.
1675 757 2684 828 « Ma foi, répondit enfin M. Meyer, j’avoue que, jus
1634 808 2689 882 qu'à ce jour, ce point n'a pas été ma préoccupation.
1740 859 2680 945 Bon! Eh bien, procédons par ordre : et d’abord,
1631 917 2234 981 que dites-vous de ce minois?
1740 967 2633 1038 Qu'il est difficile de le contempler sans rire.
1740 1024 2638 1100 Qu'il est revenant, bon! Et de cette tournure?
1740 1071 2668 1152 Qu'elle ressemble à celle de certains moineaux.
1729 1118 2686 1208 Qu'elle est leste, dégagée; bon ! Et de cet esprit?
1733 1177 2187 1247 Qu'il est très-amusant.
1717 1227 2672 1300 Fertile en idées; bon! Et de mon cœur, mon¬
1615 1273 2171 1347 sieur Meyer, de mon cœur?
1714 1329 1888 1398 Diantre!
1712 1385 2685 1471 Oui, c’est plus difficile à juger; ça ne frappe pas
1611 1445 2669 1509 les yeux comme l’esprit ou la grâce; eh bien, deman¬
1610 1496 2669 1568 dez-en des nouvelles à mon ami Parmentier!... Mon¬
1604 1560 2681 1623 sieur Meyer, je rends grâce au ciel de l’excellente
1611 1596 2672 1674 opinion que j’ai eu la bonne fortune de vous inspirer;
1604 1658 2681 1729 désormais, les plus doux songes vont bercer mon
1603 1700 2672 1772 sommeil; la riante espérance me va montrer tout en
1604 1757 2661 1828 rose; je... mais le devoir m’appelle et m‘oblige à re¬
1600 1804 2662 1882 mettre le reste à une autre fois. Serviteur, cher mon¬
1603 1866 2670 1944 sieur Meyer. Ah! vous m’avez rendu bien heureux! »
1646 1918 2676 1995 Et, sans plus amples explications, le Gascon s’en
1600 1969 2661 2049 retourna en courant vers la boutique de son patron,
1599 2016 2654 2102 tandis que le bon M. Meyer le suivait des yeux en sou¬
1591 2066 1721 2137 riant.
1641 2122 2650 2188 Une porte de côté s’ouvrit, et mademoiselle Ca¬
1592 2188 2657 2243 mille Meyer, jolie fille blanche et rose, à la chevelure
1592 2235 2649 2308 abondante et dorée, vint donner à son père les bai¬
1600 2286 2645 2355 sers du matin, tout en les assaisonnant de repro¬
1590 2341 2651 2404 ches; et comme ces reproches semblaient inexplica¬
1585 2379 2645 2465 bles à M. Meyer, dont Camille était l' unique amour :
1641 2447 2637 2505 « Méchant père, qu'est-ce que vous avez dit, hier
1584 2505 2520 2552 au voisin Thom le drapier? lui demanda-t-elle.
1682 2552 2641 2610 J’y suis, j’ y suis; reprit en riant M. Meyer; com¬
1580 2602 2386 2654 ment, c’est cela qui te met en courroux?
1689 2653 2637 2716 S'engager presque, fit la jeune fille le cœur
1580 2702 2415 2766 gros, et cela sans penser à me consulter !
1681 2760 2637 2833 Ne t’ai-je pas cent fois entendue vanter les bon¬
1577 2806 2100 2873 nes qualités de Williams?
1685 2869 2000 2940 Comme voisin !
1677 2912 1871 2982 Eh bien ?
1677 2975 2639 3034 Et non comme mari ! Cher père, reprit la jeune
1575 3027 2637 3088 fille les bras passés au cou de M. Meyer, en me
1567 3088 2641 3144 mariant à Williams, qui continuera les affaires sous
1573 3135 2637 3188 la raison sociale Thorn et fils, avez-vous réfléchi que
1568 3192 2641 3258 moi, aux gronderies et aux câlineries de qui vous
1563 3246 2631 3301 êtes accoutumé, vous m’éloignez de vous? Quelque
1568 3297 2634 3355 peu que ce soit, vous m’éloignez de vous! Soir et
1565 3350 2625 3403 matin je ne serai plus là; à toute heure, je ne serai
1556 3401 2180 3472 plus là ; y avez-vous réfléchi ?
1670 3454 2629 3513 C’est la seule peine dont je n'ai encore pu
1565 3495 2557 3584 trouver le bon côté, répondit l'excellent M. Meyer.
1638 3555 2610 3611 - Parce qu’il n’y en a pas ! Eh bien ! moi, con¬
1553 3610 2622 3674 tinua l’enfant gâtée, si j'étais monsieur Meyer, et que
1545 3666 2622 3739 j'eusse une petite Camille à marier, une bonne maison
