2822 3966
1590 80 1745 178 84
1501 319 1780 440 DIEU
1139 482 1860 579 Etre incréé, toi qui créas le monde,
1139 574 1836 640 Du grand palais architecte géant;
1145 614 1830 685 Toi qui, semant ta parole féconde,
1138 676 1754 740 Fertilisas les sillons du néant:
1137 717 1986 800 DIEU, roi des rois! la nature est ton trône;
1138 776 1812 846 Tu l’enrichis des perles du matin;
1135 829 1897 898 D’or et d’azur, le ciel est ta couronne;
1139 881 1881 952 Le bien, ta loi; ton sceptre, le destin.
1138 952 1886 1050 Tu donnes l’ombre à la nuit solitaire,
1138 1037 1913 1108 Au jour bruyant la splendeur du soleil,
1143 1082 1942 1156 La brise aux flots, les saisons à la terre,
1141 1135 1843 1199 Au cœur brisé le repos du sommeil.
1132 1203 1916 1263 Astre d’amour, dans nos âmes obscures
1139 1246 1768 1309 Tu fis briller le rayon de la foi;
1143 1295 1875 1364 Tu dispensas le temps aux créatures,
1133 1354 1760 1432 En réservant l’éternité pour toi!
1125 1430 1902 1522 Rien à tes yeux ne reste impénétrable,
1133 1507 1830 1566 Et nul regard ne peut t’apercevoir;
1127 1556 1878 1624 force invisible, entière, infaligable,
1132 1609 1888 1658 Ta volonté suffit pour tout mouvoir. —
1127 1670 1988 1727 Grandeur sans borne, immensité profonde,
1122 1715 1872 1779 A toi l’espace... à tes œuvres le lieu;
1135 1763 1790 1835 Vaste océan qui dévore la sonde,
1123 1817 2090 1903 Dieu comprend tout... et rien ne comprend Dieu
1121 1919 1905 2002 La gloire humaine expire insaisissable,
1116 1980 1788 2033 Echo lointain des siècles révolus:
1114 2025 2005 2102 Nos plus grands noms s’écrivent sur le sable;
1118 2086 2102 2149 Puis un vent souffle, on cherche... ils ne sont plus.
1121 2130 1914 2210 Le tien, Seigneur, seul assuré de vivre,
1124 2188 1979 2256 Franchit les monts, les plaines et les mers;
1124 2236 1822 2303 Tu l’as écrit à jamais dans un livre
1125 2291 1855 2375 Que tout le monde épèle... l’univers!
1116 2390 2033 2476 Trop grand pour moi, je ne puis te connaître;
1109 2462 2095 2528 Je puist’aimer... c’est mon droit, c‘est mon bien:
1102 2512 1977 2588 L’esclave a peur de contempler son maître,
1108 2565 1953 2632 Mais de son père un enfant ne craint rien.
1108 2613 1750 2675 Si ta lumière, ô Trinité divine!
1117 2663 1769 2736 Vient m’éblouir d’un éclat infini,
1102 2718 1911 2793 Mon- coeur te sent, t’appelle, te devine ...
1108 2769 1854 2841 Et c’est assez pour que Dieu soit béni.
1111 2860 1924 2950 Vienne la mort... la vie est une épreuve,
1105 2922 1862 3004 Un long combat, un incessant danger;
1096 2979 1999 3052 Mon âme en deuil pleure comme une veuve,
1097 3028 1868 3092 J’erre ici-bas dans un monde étranger.
1102 3085 1947 3159 Oh! sonne enfin, sonne la dernière heure!
1093 3138 1777 3215 Je répondrai: C’est l’abri du péril,
1089 3192 1888 3264 La porte ouverte en ta sainte demeure,
1089 3245 1845 3310 La fin des maux... le rappel de l’exil!
1613 3314 1961 3402 JOSEPH BOULMIER.
