2897 4318
1238 241 1361 321 117
154 317 1263 400 ajoutent ce qu’ils peuvent tirer des débris des navires
163 385 1230 449 que la tempête jette assez fréquemment sur la côte.
199 437 1260 502 Il y eut pourtant jadis, parmi ces pauvres gens, un
153 491 1245 560 homme fort riche, dit la tradition. Pourquoi conti¬
152 542 1255 616 nuait-il néanmoins d’habiter un hameau si chétif ?
154 594 1253 677 On ne le sait pas au juste ; mais cela peut s’expliquer
153 658 1256 733 par l’amour du sol natal, amour inné chez tous les
153 709 1256 779 bons cœurs, et assez désintéressé pour préférer la pa¬
148 773 1022 834 trie la plus misérable à tout autre pays.
201 822 1255 874 Quoi qu’il en soit, l’homme dont nous parlons, et
148 876 1245 943 qui était à Tenburg une véritable anomalie, se nom-
148 927 1251 989 mait André. Non-seulement il avait une maison spa¬
153 982 1255 1042 cieuse, commode, et contenant tout ce qui est propre
148 1030 1249 1088 à rendre la vie douce et agréable; mais, de plus, un
150 1091 1252 1154 bonheur constant le suivait en toutes choses. Il n’en¬
156 1143 1251 1208 treprenait rien qui ne lui réussît au delà de ses sou¬
148 1188 1253 1257 haits. Lui et sa femme, bien qu’ils fussent tous deux
156 1257 1253 1324 parvenus à un âge très-avançé, jouissaient d’une santé
146 1311 1245 1372 robuste. Leurs enfants et leurs petits-enfants, tous
149 1350 1252 1427 bien portants et prospères, les entouraient des soins
146 1412 553 1479 les plus affectueux.
196 1466 1249 1540 La plupart des habitants du village professaient
159 1533 1244 1592 pour le père André une estime, une sympathie et un
148 1579 1237 1649 respect sincères, sentiments auxquels la reconnais¬
150 1627 1241 1689 sance n’était pas étrangère; car à peine en était-il qui
153 1686 1238 1750 n’eussent, de manière ou d’autre, éprouvé sa bienfai¬
148 1745 1242 1806 sance. Mais personne, même parmi les plus anciens
148 1803 1244 1864 du pays, ne connaissait la source de sa richesse et
148 1839 1241 1914 l’origine de sa prospérité. Quelques envieux — on
156 1907 1227 1966 en voit partout — allaient bien clabaudant en sour-
154 1954 1241 2028 dine contre lui, et disant qu’il avait été jadis pirate et
153 2010 1235 2074 vivait maintenant du bien de ceux qu’il avait dé¬
159 2056 1234 2132 pouillés, ou qu’il avait fait un pacte avec le malin
154 2118 1195 2176 esprit et vendu son âme pour quelques sacs d’écus.
210 2167 1234 2238 Quant au père André lui-même, il laissait les mau¬
156 2224 1231 2283 vaises langues s’escrimer en pure perte contre sa ré¬
153 2271 1231 2344 putation, et lorsque des étrangers lui adressaient di¬
146 2329 1233 2407 rectement ou indirectement des questions sur sa vie
153 2384 1223 2443 passée, sur les aventures de sa jeunesse, il y répon-
149 2446 1231 2511 dait d’une manière évasive ou n’y répondait point du
153 2483 1231 2560 tout. Sa femme et ses enfants ne s’expliquaient pas
150 2536 1220 2614 davantage, et les curieux avaient dû renoncer, quel¬
148 2606 1230 2689 que dépit qu’ils en eussent, à découvrir ce mystère
142 2646 434 2718 impénétrable.
182 2711 1237 2781 André et sa femme moururent presque centenaires,
142 2756 1228 2839 ou plutôt ils s’éteignirent à peu de jours l’un de l‘au¬
135 2813 1228 2882 tre, et tous leurs enfants s’étant partagé l’héritage,
143 2868 1230 2944 quittèrent le village, à l’exception d’un seul, qui resta
143 2923 1223 2993 possesseur de la maison. Soit que celui-ci fût moins
135 2978 1223 3029 discret qu’André, soit que son père, avant de mourir,
138 3028 1233 3099 l’eût autorisé à divulguer le secret de sa fortune, il
130 3087 1228 3168 ne résista pas longtemps aux instances que lui firent
132 3137 1031 3204 ses amis pour être enfin éclairés à ce sujet.
183 3186 1231 3258 Un soir que les plus intimes d’entre eux avaient
128 3257 1226 3324 soupé chez lui et l’avaient pressé plus vivement de
128 3288 645 3364 satisfaire leur curiosité :
170 3363 1223 3430 « Ecoutez-moi donc, leur dit-il, et sachez à quelle
134 3397 1213 3468 merveilleuse circonstance mon père a dû son bonheur
136 3443 1209 3523 et le nôtre. Voici comment il nous a lui-même ra¬
135 3501 524 3563 conté son histoire :
273 3567 1217 3633 Je n’ai pas toujours joui, mes enfants, de la
123 3616 1220 3681 fortune que je possède à présent, et qu’il m’est donné
130 3670 1219 3735 de vous faire partager. Il fut un temps où j’étais aussi
136 3727 1219 3808 pauvre, aussi dénué de toute ressource que le plus
128 3774 1224 3854 misérable des habitants de ce hameau. Ma jeunesse
131 3837 1220 3920 s’est écoulée péniblement au sein de l’adversité.
1342 327 2436 445 J’avais beau travailler et me donner de la peine, je
1340 398 2435 494 ne pouvais parvenir à gagner ce qu’il fallait pour
1339 449 2432 540 satisfaire mes modestes besoins : il semblait qu’un
1340 492 2435 587 mauvais génie fût attaché à mes pas et acharné à me
1336 563 2429 640 nuire. Je voyais l’âge mûr approcher; les mois et
1342 615 2422 713 les années s’écoulaient sans apporter aucune amé¬
1336 663 1963 738 lioration dans mon existence.
1383 728 2438 807 » Un soir, je sortis de ma chaumière, et, ainsi que
1337 764 2429 856 je faisais souvent, je m’en allai à une certaine dis¬
1339 830 2431 927 tance du hameau, là où la plage s’étend si loin qu’on
1335 888 2136 960 ne voit que la mer, le ciel et le sable.
1379 925 2427 1020 La mer était calme et unie comme un miroir; il
1329 994 2433 1081 me semblait ne l’avoir jamais vue aussi tranquille.
1328 1053 2431 1118 Aucun pli ne ridait son immense surface : aucune
1337 1103 2429 1186 voile, aucun bateau ne se montrait ni de loin ni de
1337 1157 2424 1231 près ; le ciel au-dessus de ma tête n’était pas moins
1328 1209 2421 1302 limpide que l’Océan; aucun nuage n’en tachait l‘azur
1332 1271 2407 1350 pâle et profond. Le soleil couchant le brunissait seu¬
1328 1315 2421 1394 lement à l’horizon, et son disque reflété par les eaux
1332 1375 2429 1463 colorait d’une teinte dorée le sable de la plage et
1329 1419 1988 1486 les maigres bruyères des dunes.
1372 1486 2424 1546 » Je m’avançai vers une vieille carcasse de navire
1328 1540 2425 1609 naufragé qui gisait sur la côte. Je m’appuyai contre
1322 1591 2425 1672 un des montants pourris, et, les bras croisés sur la
1332 1635 2417 1711 poitrine, les yeux fixés sur l’Océan, je demeurai im¬
1324 1700 2167 1759 mobile et absorbé dans mes méditations.
1364 1758 2425 1832 » Cependant le soleil se couchait ; la moitié de son
1329 1801 2416 1876 disque était déjà cachée derrière l’horizon ; le crépus¬
1329 1864 2418 1925 cule s’étendait autour de moi, et une brise légère
1326 1919 2407 1984 s’élevait, amenant l’ écume phosphorescente des va-
1329 1974 2407 2038 gues jusqu’auprès de l’épave contre laquelle je m’ap-
1326 2031 2406 2081 puyais. Après avoir savouré quelques instants ces fraî¬
1326 2082 2406 2136 ches et bienfaisantes émanations du soir, qui apaisè¬
1321 2129 2411 2188 rent un peu la fièvre dont j’étais agité, je reprenais
1325 2178 2409 2274 le chemin du village, lorsque mes regards furent
1318 2240 2152 2293 tout à coup frappés par un objet bizarre.
1358 2297 2399 2366 » Une petite flamme très-vive voltigeait au milieu
1310 2323 2399 2411 du vieux squelette de navire duquel je venais de m’é¬
1311 2391 2407 2475 loigner; elle montait et descendait alternativement
1313 2468 2406 2540 avec une grande rapidité, et l’éclairait de sa lumière
1314 2501 1507 2567 bleuâtre.
1355 2542 2406 2633 » Je puis dire que, dans les mille dangers que j’ai
1311 2617 2399 2680 traversés en ma vie, je n’ai jamais connu la peur; et,
1307 2672 2399 2741 malgré la nuit et la solitude qui m’environnaient,
1311 2720 2396 2789 l’émotion que j’ éprouvai alors ne fut pas de la frayeur,
1311 2774 2400 2840 mais un étonnement profond, un saisissement reli¬
1308 2829 2400 2908 gieux, et l’attente de quelque chose de plus extraordi¬
1306 2877 2253 2948 naire encore. Cette attente ne fut pas trompée.
1357 2922 2406 3013 » Je regardai attentivement le jeu de la petite
1304 2989 2400 3055 flamme, et je remarquai que de temps en temps elle
1308 3050 2399 3095 abandonnait l’épave, s’ élançait à une distance assez
1304 3095 2394 3177 considérable en rasant presque les flots, s’arrêtait un
1299 3153 2388 3233 instant au-dessus de la pleine mer, puis revenait
1306 3206 2391 3292 voltiger au milieu des ais à claire-voie du bâtiment
1302 3261 1508 3331 naufragé.
1354 3273 2388 3364 » J’avais bien entendu dire plusieurs fois par les
1314 3360 2382 3432 pêcheurs et les matelots que de semblables appari¬
1308 3411 2387 3470 tions indiquent la présence de trésors abîmés au fond
1299 3477 2388 3541 de la mer; mais je ne me sentais point l’envie de
1311 3524 2392 3585 vérifier par moi-même la réalité de ces histoires; et,
1299 3564 2394 3643 toute réflexion faite, je pris le parti de me retirer et
1306 3626 2391 3694 de laisser la flamme bleue continuer ses évolutions.
1299 3684 2380 3750 Je venais donc de me remettre en marche pour rega-
1297 3743 2388 3822 gner mon logis, lorsque j’entendis très-distinctement
1307 3783 2308 3865 une voix grave et plaintive prononcer mon nom.
1347 3836 2387 3928 » Je m’arrêtai de nouveau pour regarder derrière
