2822 3966
1586 127 1669 206 44
542 201 1600 284 lui redisait des rèves évanouis mais toujours chers, sa
540 284 1596 338 robe de noce fut vendue pour subvenir à quelque delte
552 321 1596 381 de cabaret ou de jeu ! Ce fut après ce dernier exploit
551 374 1597 436 qu’Eugène Duval quitta pour jamais son village natal
542 425 1588 488 et sa femme ; Jeannette restant dans une maison pau-
556 479 1600 528 vre et nue, avec la perspective d’un long chemin
551 522 1594 590 qu’elle devait parcourir seule, et sans qu’elle eût un
559 575 1596 649 petit enfant à aimer, pour lui adoucir l’amertume de
556 642 836 694 cet isolement?
590 682 1596 753 De semblables événements, par le fond, sinon par la
542 730 1578 789 forme, étaient survenus à mademoiselle du Coudray :
547 785 1589 852 elle aussi, s’était mariée et n’avait consulté que son
547 840 1589 897 cœur dans le choix qu’elle avait fait du comte Oscar
551 887 1586 943 de Mauroy; elle aussi, dans son ménage, avait ren-
547 943 1584 1000 contré plus d’un sujet de plainte; elle aussi, enfin,
535 990 1588 1055 s’était vue abandonnée, non pas que M. de Mauroy se
535 1041 1588 1093 fût éloigné, mais leurs existences pour s’écouler aux
542 1093 1585 1154 mêmes lieux, n’en étaient pas moins séparées que
544 1145 1296 1214 celles de Jeannette et d’Eugène Duval.
578 1197 1586 1249 Lorsque la vérité s’était révélée aux yeux de la
544 1251 1582 1319 jeune comtesse, elle avait frémi du vide profond dans
535 1301 1585 1359 lequel cette révélation la plongeait; sa mère était
539 1355 1576 1411 morte; ainsi que Jeannette, elle n’avait pas d’enfants,
535 1408 1585 1459 donc, rien à aimer! Alors, un morne désespoir s’était
535 1454 1584 1511 emparé d’elle ; des jours et des mois s’écoulèrent et la
539 1510 1585 1566 vieillirent comme s’ils eussent été des années ; elle
530 1564 1582 1632 avait pris toutes choses en un insurmontable dégoût;
539 1614 1574 1663 elle eût voulu mourir ! Ce fut à cet instant de désola-
535 1661 1588 1716 tion suprême qu’elle revint au Coudray, auprès de
530 1720 1582 1770 Jeannette, avec laquelle elle n’avait cessé d’entretenir
530 1765 1589 1852 des relations, quoiqu’elle ne l’eût point vue depuis
530 1808 757 1872 iongtemps.
574 1844 1585 1929 Bien que Jeannette fût orpheline et isolée comme
532 1922 1588 1969 elle, elle la trouva cependant si belle toujours, malgré
535 1959 1586 2034 les chagrins qui l’avaient abreuvée, qu’elle n’en put
530 2025 1435 2074 réprimer un mouvement de surprise extrême.
578 2069 1586 2128 « Cela ne t’a donc point brisée, que l’on t‘ait
524 2128 1585 2192 trahie, puisque ton front est resté pur et que tes yeux
530 2183 1585 2235 n’ont rien perdu de leur éclat? demanda Jeanne à sa
532 2235 1585 2287 sœur de lait. Jamais, à te voir, on ne dirait que le
526 2282 1304 2351 malheur est venu frapper à ta porte!»
574 2327 1578 2413 Une larme trembla au bord des cils de Jeannette
523 2375 944 2442 et roula sur sa joue.
564 2438 1586 2506 « Tu n’aimais pas ton mari comme j’aimais le
524 2478 1015 2553 mien! » dit la comtesse.
1727 205 2723 294 Jeannette tira de son sein son anneau de mariage,
1683 273 2505 329 qu’elle portait sur son cœur, et le baisa!
1728 318 2726 387 « Mais enfin, comment as-tu fait pour résister à
1680 369 2214 443 l’abandon et à l’isolement ?
1724 429 2723 488 — Voulez-vous vivre huit jours de ma vie? fit
1677 475 2496 528 Jeannette, vous connaîtrez mon secret. »
1728 532 2730 591 Et, scit désœuvrement ou curiosité, madame de
1677 568 2733 646 Mauroy, huit jours durant, se leva dès le matin comme
1677 631 2726 693 Jeannette; avec Jeannette, elle commença la journée
1683 690 2724 752 en visitant quelques vieillards et quelques infirmes,
1680 738 2716 800 auxquels des soins furent rendus; à côté de Jean¬
1680 781 2723 843 nette, et pendant que celle-ci gagnait son pain quo¬
1683 841 2728 899 tidien, elle travailla de ses mains à des layettes et
1680 892 2723 959 de chauds vêtements, dont la destination ne se fai¬
1677 947 2724 1008 sait jamais attendre; enfin, le soir elle assista Jean¬
1671 995 2728 1051 nette, dans les leçons gratuites que celle-ci donnait à
1683 1049 2726 1111 quelques jeunes filles, dont le labeur journalier était
1677 1098 2733 1156 utile à la famille, et qui, avaient dû prématurément
1680 1146 1982 1218 quitter l’école.
1712 1193 2735 1264 Certes, le premier jour, ces occupations diverses et
1671 1259 2733 1315 constantes avaient paru sinon fastidieuses, du moins
1673 1311 2731 1366 très-fatigantes à madame de Mauroy; cependant les
1676 1364 2728 1430 jours suivants elle s’y accoutuma ; peu après, même,
1671 1412 2719 1479 elle les souhaita avec une vivacité que depuis long-
1673 1463 2738 1523 temps elle ne mettait plus à rien; la huitaine d’essai
1665 1518 2738 1576 s’écoula, et une autre, et un autre encore, sans
1665 1572 2731 1628 qu’elle parût ou voulût s’en apercevoir ; et, à mesure
1673 1621 2735 1676 que se succédaient les jours, le calme rentrait dans
1665 1667 2735 1733 son cœur, son front se rassérénait, ses yeux éteints se
1665 1723 2399 1782 ranimaient; il lui semblait renaître!
1712 1778 2731 1832 « Ton secret est bon, dit-elle un jour à Jeanne. Je
1672 1840 2728 1891 consacrais pourtant trois mille francs aux pauvres,
1673 1879 2251 1945 chaque année, ajouta-t-elle!
1771 1921 2731 1986 Malgré toute mon envie, je ne puis aller au
1669 1971 2489 2049 delà de cinquante francs, dit Jeannette.
1772 2032 2731 2096 Oui, mais avec ton obole tu prodigues les par-
1668 2088 2741 2148 fums de ton cœur, reprit la comtesse, et ton obole
1673 2143 2742 2203 est centuplée, et tes cinquante francs produisent
1673 2195 2735 2259 plus de bien que jamais n’en ont fait mes trois mille;
1669 2258 2741 2299 et tu recueilles, chaque jour plus de consolations
1683 2296 2741 2350 vivifiantes que ne m’en ont procuré les aumônes de
1669 2347 2739 2405 toute ma vie! Je le répète, Jeannette, ton secret est
1677 2401 2733 2466 bon! — Ordonner le bien est louable, le faire soi¬
1671 2446 2041 2521 même est mieux !
2216 2492 2592 2573 ADAM BOISGONTIER.
1386 2674 1885 2836 LE HÉRON
559 2922 1597 3020 « Eh bien, Laure de Marnay se marie dans un
527 2985 650 3048 mois !
587 3027 1590 3131 — Déjà?.... et avec qui ? comment avez-vous su
527 3084 777 3155 cela Emilie?
630 3146 1588 3230 Mais tout simplement par une visite que sa
528 3190 1592 3288 tante est venue nous faire il y a deux jours. Laure
542 3235 1146 3321 est enchantée de son mariage.
627 3284 1580 3395 Mais qui épouse-t-elle enfin? Quelqu’un de Pa¬
538 3341 1593 3456 ris, sans doute, car je ne vois pas à Blois de fortune
539 3387 930 3472 qui vaille la sienne.
637 3440 1590 3566 Eh bien ! elle se marie à Blois, pourtant! Elle
528 3491 888 3571 reste en province.
634 3532 1589 3674 Allons donc ! est-ce possible ? Laure, qui a
1673 2957 2731 3025 trente mille livres de rente à elle, qui est charmante,
1673 3013 2735 3076 spirituelle, instruite, élégante! Mais qui épouse-t-elle,
1671 3064 2716 3131 bon Dieu! Emilie, vous me faites mourir d’impa-
1672 3115 1812 3186 tience!
1768 3162 2198 3235 M. Louis de Cormoy.
1768 3218 2731 3278 M. Louis de Cormoy! un petit gentillâtre de
1671 3278 2735 3334 province qui mange économiquement dans sa bonne
1680 3330 2719 3385 ville les vingt mille francs qu’il doit un jour parta-
1677 3381 2730 3447 ger avec sa sœur ; qui passe l’hiver à jouer au whist
1677 3425 2728 3492 chez les douairières, et l’été à chasser dans ses terres?
1673 3480 2682 3564 Et vous dites qu’elle est contente! C’est impossible !
1772 3534 2730 3611 Eh bien ! pourtant, ma chère Isaure, je l’ai vue
1661 3602 2259 3691 toute fière et toute heureuse.
