2939 4158
1583 79 1721 156 338
529 145 1589 240 — Grâce à Dieu seul, dit sœur Constance, en se
474 230 1585 295 laissant entraîner dans une chambre où reposait sur
484 285 1589 357 un tapis une petite fille de cinq ou six ans, aux fraits
481 340 1275 407 délicats, aux yeux feudus en amande.
588 379 1586 479 Et tu danses pour célébrer sa guéison ? deman¬
483 439 995 517 dai-je à la jeune femme.
584 503 1585 566 Oui, pour célébrer sa guéison, et aussi pour
484 543 1586 633 éloigner sans retour le mauvais esprit qui s'en était
490 622 1040 674 emparé, répondit Sahara. »
529 632 1588 716 Je regardai la sœur d’un air surpris, doutant pres¬
481 724 1510 775 que que Samuel eût traduit les paroles de Sahara.
532 764 1586 837 « Les femmes arabes sont très-superstitieuses, me
481 823 1586 882 dit la sœur, répondant à ma pensée, elles attribuent
493 872 1583 949 presque toujours leurs maladies à un pouvoir magi¬
484 932 1578 995 que, et le diable joue un grand rôle dans ces pauvres
481 987 601 1063 têtes.
526 1028 1581 1102 — Mais quel rapport peut-il avoir avec leur danse?
597 1094 1585 1152 Que sais-je ! me dit-elle, la danse est presque
479 1151 1589 1211 toujours chez ces femmes une action fort grave, un
474 1199 1581 1263 acte religieux; elles dansent pour se guérir elles ou
476 1256 1579 1324 leurs enfants, pour rendre grâce au ciel, pour chas¬
476 1317 1583 1387 ser le mauvais esprit, comme vient de le dire Sahara,
484 1370 1581 1430 et plusieurs d’entre elles, trompées sans doute par
512 1425 1574 1488 exaltation fiévreuse dans laquelle les jettent ces
476 1477 933 1551 mouvements déréglés.
963 1481 1579 1547 joints à l’excitation des par¬
479 1533 1575 1593 fums et de la musique, s'imaginant être alors en lutte
470 1586 1579 1649 avec un esprit malin, il n'est pas étonnant qu'elles
469 1647 1576 1721 espèrent pouvoir ainsi exercer sur lui quelque ac¬
479 1690 608 1755 tion. »
526 1742 1585 1808 Pendant ce temps, je regardais Sahara qui avait
483 1808 1571 1866 pris sa fille dans ses bras, et qui la couvrait de bai¬
470 1853 804 1922 sers passionnés
519 1911 1575 1979 C’était une femme de vingt ans, tout au plus, à la
476 1965 1579 2033 taille souple, aux yeux doux et brillants, mais maigre
467 2026 1572 2086 et fatiguée, comme si elle eût usé sa jeunesse dans les
476 2080 1572 2137 veilles et dans les larmes. Le cercle bleuâtre qui cer¬
463 2134 1579 2190 nait ses yeux contrastait avec l’éclat du vermillon
477 2193 1575 2257 dont elle avait orné son visage, et l’on devinait sa
483 2245 1572 2295 pâleur sous le rouge qui couvrait ses joues ; cepen¬
477 2294 1575 2367 dant elle était encore belle dans son continue pittores¬
469 2348 1571 2412 que, quoique un peu fané, qui annonçait une ancienne
470 2400 647 2462 aisance.
514 2469 1575 2524 « savez-vous pourquoi les cheveux noirs de Sahara
469 2517 1578 2576 sont ainsi ramenés sur son front et le long de ses
469 2567 1579 2636 joues en deux tresses énormes qui vont se perdre
466 2625 1575 2690 dans son turban, tandis que ceux de ses compagnes
479 2683 1575 2742 pendent sur leurs épaules, soutenus par un ruban de
465 2735 1210 2793 soie noire? demandai-je à Samuël.
512 2788 1569 2854 — C'est que Sahara est Bédouine, et qu'elle a con¬
466 2829 1569 2904 servé la coiffure des femmes de sa tribu, tandis que
466 2889 1569 2965 les autres sont des mauresques, répondit le petit juif.»
510 2941 1284 3024 Nous fîmes quelques pas pour sortir.
1720 153 2792 233 « Adieu, dit Sahara, en mettant la main sur son
1675 226 2796 298 cœur, si tu vas dans le paradis, j’attacherai des fleurs
1669 277 2632 333 d'or à ta robe, toi qui as sauvé mon enfant.»
2217 410 2258 440 V
1700 480 2765 556 De ce que deux nègress apportèrent à l’hospice de
1868 546 2593 627 Sala-Bey, le 24 septembre 1846.
1727 651 2789 726 Quatre ou cinq mois après, lorsque déjà l’hospice
1672 723 2788 785 Civil était établi dans l’ancienne maison de Sala-Bey,
1682 772 2792 831 vaste et bel édifice, aux murs lambrissés de faïence
1672 824 2788 891 à dessins variés; aux cours et aux galeries pavées de
1668 877 2792 950 marbre; un matin que je venais d’entendre la messe
1669 932 2791 1001 dans la petite chapelle des sœurs, je vis arriver deux
1669 978 2792 1049 hommes noirs, portant un espèce de paquet d’une
1675 1050 2792 1105 forme singulière qu’ils déposèrent au milieu de la
1673 1103 2792 1167 cour. C'était une femme morte, ou tout au moins
1669 1155 2795 1214 évanouie, enveloppée d’un haïck et recouverte de ce
1669 1211 2791 1275 long voile arabe qui ne laisse apercevoir que les yeux.
1718 1265 2791 1329 Les sœurs, prévenues, accoururent en toute hâte, et
1675 1308 2796 1383 Samuel interrogea les esclaves, pour savoir quelle
1672 1374 2677 1430 était cette femme, et qui l’envoyait à l‛hospice.
1717 1443 2785 1501 « On l'a trouvée gisante dans la rue de la Mouche,
1672 1487 2789 1541 répondirent-ils, un Maure nous a donné huit sous
1670 1539 2239 1603 pour la porter ici, la voilà.
1738 1589 2791 1656 — C'est bien, » dit sœur Constance, et, aidée de
1669 1652 2784 1713 deux jeunes religieuses, elle porta la femme sur son
1675 1707 2784 1769 propre lit, tous ceux de l’hospice étant alors occupés.
1708 1765 2793 1826 Je suivis les bonnes sœurs, curieuse de savoir la fin
1668 1807 2049 1877 de cette aventure.
1714 1868 2784 1944 « Vit-elle encore ? demanda la plus jeune reli¬
1675 1911 1814 1982 gieuse,
1759 1939 2786 2048 — Son cœur bat, mais bien faiblement, répondit
1663 2027 2042 2094 sœur Constance.»
1711 2080 2782 2156 On ôta le voile de la Bédouine pour lui faire respi¬
1661 2129 2007 2201 rer du vinaigre.
1714 2179 2788 2268 « Grand Dieu ! m’écriai-je involontairement, j’ai
1663 2229 2332 2311 déjà vu quelque part ce visage.
1693 2280 2781 2365 — Autant qu’une morte peut représenter une jeune
1661 2354 2785 2436 et jolie femme, dit Samuel, celle-ci n’est autre que
1669 2407 1867 2472 Salara. »
1699 2457 2781 2535 A ce nom, la mourante ouvrit linguissament ses
1669 2518 2569 2583 grands yeux noirs qu’elle referma aussitôt.
1708 2569 2775 2642 « silence, dit la sœur, en mettant un doigt sur sa
1658 2624 2517 2697 bouche, cette femme a besoin de repos.»
1708 2674 2774 2751 Je me retirai sur la pointe des pieds, bien Intriguée
1656 2737 2781 2817 de savoir si cette pauvre créature était en effet la
1661 2796 2784 2861 belle Sahara, et pourquoi elle se trouvait ainsi aux
1662 2841 2073 2916 portes du tombeau.
1807 2906 2410 2976 (La fin au prochain numéro.)
2101 2953 2642 3029 Comtesse DE LA ROCHÈRE.
1359 3368 1847 3493 Enigme Historique.
505 3563 1565 3654 D. Quels sont les deux princes espagnols, portant
449 3623 1568 3710 le même nom, qui, à un siècle de distance, périrent
1649 3571 2775 3695 tous deux en prison, victimes de la cruauté et de la
1656 3641 2172 3728 défiance de leurs pères?
