2840 4318
1214 243 1285 328 73
114 307 1216 400 afin de se faire grand seigneur à leurs dépens. Les
112 392 1215 456 vieux marins jugeaient que la persistance de l’amiral
106 444 1207 502 à s’enfoncer dans l’ouest, était une folie : ils rappe-
106 498 1208 554 laient les tristes pressentiments de leur famille, l’ef-
106 552 1215 617 froi de Palos tout entier, l’opposition qu’avaient lait
106 605 1208 670 les cosmographes espagnols au projet de cet étranger.
112 668 1215 727 Au milieu des équipages révoltés, Colomb était seul
105 728 1214 783 contre tous, mais sa grande âme suffit à cette tâche.
109 774 1216 833 S’armant à la fois de la force de sa volonté et de la
106 822 1215 887 supériorité de son génie, il déclara aux marins muti¬
106 882 1223 946 nés, que leurs plaintes ne serviraient à rien : qu’il
106 932 1211 992 était parti pour se rendre aux Indes, et qu’il enten-
106 990 1215 1052 dait poursuivre son voyage jusqu’à ce qu’il les trouvât
114 1036 848 1117 par l’assistance de Notre-Seigneur.
146 1099 1215 1169 Comment cette exaspération des esprits, cette ani¬
106 1156 1215 1207 mosité accrue par le farouche instinct de la conser¬
112 1205 1219 1276 vation, tomba-t-elle soudain devant un étranger, isolé
117 1269 1215 1325 et maudit, dont on n’écoutait plus les paroles, dont
114 1321 1215 1392 on avait méconnu l’autorité, et qui invoquait en vain
112 1375 1215 1440 le nom des rois? Voilà ce qu’aucun marin, aucun
116 1431 1205 1490 philosophe, aucun homme, pas même Colomb, ne
117 1488 1215 1544 pourrait expliquer humainement : aussi n’attribuait¬
112 1543 1215 1606 il pas ce triomphe à la supériorité de son maintien
116 1585 1218 1668 devant la révolte; il remontait plus haut, et il recon¬
112 1654 1215 1707 naissait que « lorsque ses matelots et son équipage
113 1699 1215 1758 étaient résolus d’un commun accord à s’en retourner
117 1759 1218 1814 et se révoltaient contre lui, s’oubliant jusqu’aux me¬
120 1807 1215 1878 naces, le Dieu éternel lui avait donné la force dont il
120 1867 1123 1924 avait besoin et l’avait soutenu seul contre tous. »
165 1914 1221 1986 Cette révolte déchaînée sous les voiles de la nuit
119 1966 734 2045 fut dissipée avant les ombres.
165 2026 1218 2092 « Le vendredi, 12 octobre 1492, aux naissantes
121 2077 1221 2152 lueurs du jour, on vit se dégager des ombres et se
123 2134 1216 2199 dessiner, comme sortant des eaux, une terre efflores-
127 2189 1218 2256 cente, dont les bocages, colorés des premiers feux du
123 2243 1221 2306 soleil, exhalaient des parfums inconnus et séduisaient
123 2295 1218 2367 les yeux par leurs riantes perspectives. En avançant,
117 2355 1216 2409 les caravelles reconnurent une île assez étendue, unie
121 2408 1209 2469 et sans apparence de montagnes. D’épaisses forêts
116 2444 1225 2525 bornaient l’horizon, au milieu des clairières reluisait
117 2503 1211 2565 l’eau pure d’un lac. Les ondulations du terrain re¬
117 2565 1212 2630 couvert d’une vigoureuse végétation encadraient une
121 2618 1028 2687 plage spacieuse vers laquelle on se dirigeait.
158 2666 1208 2740 Dès que les ancres eurent mordu, tout pénétré de
119 2729 1215 2791 recueillement, revêtu du costume de ses dignités, un
119 2789 1215 2842 manteau écarlate flottant sur ses épaules, et tenant
120 2828 1216 2890 déployée l’image de Notre-Seigneur-Jésus-Christ sur
116 2879 1215 2956 l’étendard royal de l’expédition, Colomb descendit
117 2950 1215 3001 dans la chaloupe, suivi de son état-major... A peine
123 2984 1211 3056 touchait-il cette terre nouvelle qu’il y planta l’éten-
123 3055 1211 3122 dard de la croix, et ne pouvant contenir sa recon¬
123 3091 1204 3167 naissance, il se prosterna avec adoration devant l’au-
123 3147 1215 3221 teur suprême de la découverte. Par trois fois inclinant
123 3208 1208 3275 son front, il baisa, en l’arrosant de larmes, ce sol in¬
121 3263 1218 3341 connu où l’avait conduit la divine bonté... il imposa
127 3305 1209 3384 à cette île le nom de Saint-Sauveur (San-Salvador)...
174 3365 1209 3434 « Pendant que le notaire royal, Rodrigo d’Escovedo,
126 3428 1211 3490 entouré des officiers de la flotte, rédigeait sur son
128 3471 1211 3557 genou le procès-verbal de la prise de possession, les
116 3534 1202 3605 habitants de l’ile, qui jusqu’alors s’étaient tenus ca¬
116 3578 1216 3654 chés derrière le feuillage, peu à peu se risquèrent
116 3635 1212 3713 hors de leur retraite. Rassurés par l’expression de
116 3702 1216 3769 sérénité, de grandeur et de bienveillance répandue
117 3754 1212 3815 sur les traits de Colomb, que sa haute statue, son
130 3806 1218 3874 riche costume, l’éclat de ses armes et la déférence de
123 3852 1243 3938 son entourage leur désignaient comme le chef de ces
1303 329 2404 437 êtres mystérieux, ils s’avancèrent à petits pas, les uns
1309 385 2398 488 après les autres; puis osèrent s’approcher avec trem¬
1304 452 2404 547 blement et se prosterner devant ces visiteurs étranges.
1309 513 2405 593 Ils s’enhardirent successivement jusqu’à les toucher
1309 561 2398 636 pour s’assurer qu’ils ne faisaient pas un rêve; pal-
1309 626 2405 704 pant leurs vêtements, leurs jambes; s’étonnant sur¬
1311 674 2404 749 tout de leur barbe : à l’exemple de l‘amiral, les Espa¬
1309 732 2416 794 pagnols accueillirent avec une bonté souriante les
1309 794 2416 851 naïfs enfants des îles, et se prêtèrent complaisamment
1304 833 1631 910 à leur examen.
1348 890 2402 958 » Le lendemain, au point du jour, un grand nom-
1304 929 2409 1018 bre de naturels accoururent dans des pirogues faites
1306 997 2412 1070 d’une seule pièce, creusées en un tronc d’arbre et d‘un
1306 1052 2418 1120 travail admirable, si l’on songe à leur ignorance du
1307 1103 2399 1191 fer. Ils apportaient des pelotes de coton filé, des jave¬
1306 1156 2402 1246 lots, des perroquets apprivoisés, pour faire un com¬
1310 1226 2398 1303 merce d’échange. Tout ce qui venait de ces merveil¬
1309 1275 2411 1352 leux étrangers leur semblait précieux : même des
1306 1332 2413 1396 morceaux d’écuelles et de verre cassé. Ils donnaient
1304 1385 2409 1455 jusqu’à trente livres de coton filé, pour une blanche
1306 1442 2418 1507 de Castille (environ deux liards). Mais l’amiral, ne
1304 1507 2413 1565 voulant pas qu’on abusât de leur simplicité, défendit
1304 1558 2418 1618 ces échanges disproportionnés... De toutes parts, les
1311 1613 2419 1666 peuplades informées de leur arrivée, accouraient vers
1309 1664 2418 1716 eux, leur apportant de l’eau fraîche, des aliments et
1306 1713 2409 1769 rendant grâce à Dieu de cette étonnante visite. Les
1307 1759 2416 1834 insulaires s’interpellaient l’un l‘autre et stimulaient à
1307 1826 2412 1883 grands cris leurs parents qui étaient encore dans les
1309 1878 2405 1933 cases. Ils leur disaient : Venez voir les hommes des¬
1311 1939 2408 2000 cendus du ciel, apportez-leur à boire et à manger; et
1304 1991 2409 2044 aussitôt hoinmes et femmes accouraient apportant
1304 2037 2398 2109 tous quelque chose. Ils bénissaient Dieu à leur ma¬
1311 2087 2402 2155 nière, se jetant à terre et levant les mains au ciel...»
1353 2146 2412 2211 Colomb ne s’arrêta pas à San-Salvador : il remit à
1309 2190 2404 2261 la voile et navigua au milieu d’un archipel aux con¬
1304 2249 2413 2317 tours encliantés. A mesure qu’il avançait, surgissait
1306 2303 2405 2367 des flots la riche verdure d’iles nombreuses, qu’on
1306 2367 2409 2423 voyait poindre à toutes les lignes de l’horizon. L’œil
1306 2419 2409 2478 ne pouvait les compter. Colomb en visita trois qu’il
1304 2476 2412 2539 nomma Sainte-Marie de la Conception, l’Isabelle et la
1306 2528 2406 2600 Fernandine. Partout il trouva une terre féconde,
1309 2579 2397 2641 riante et pittoresque; en traversant la fraîche profon¬
1309 2627 2397 2694 deur de ces bois, les brises en emportaient des par¬
1304 2692 2406 2754 fums étranges, qu’elles dissipaient dans leurs jeux
1306 2744 2404 2804 sur les flots. « Mes yeux, dit Colomb, ne pouvaient se
1306 2798 2397 2851 lasser de regarder une verdure si belle et si diffé¬
1303 2850 2404 2906 rente du feuillage de nos arbres : les fleurs de la plage
1310 2900 2399 2955 nous envoyaient une odeur si agréable et si embau¬
1299 2959 2402 3012 mée que c’était la chose la plus suave pour l’odorat.»
1309 3013 2399 3063 A tout moment, des vols bruyants de perroquets, en
1309 3061 2391 3126 passant d’une forêt à l’autre, obscurcissaient le soleil,
1306 3115 2399 3175 tant leurs troupes étaient nombreuses. Les chants et
1309 3168 2395 3239 les brillants plumages d’une foule d‘oiseaux incon-
1306 3222 2384 3282 nus en Europe, la pureté de l’air embaumé, le frap¬
1299 3268 2397 3349 paient de surprise. L’île de Cuba, qu’il découvrit à
1303 3328 2401 3390 son tour, le remplit d’admiration : il l’appelle «la
1306 3384 2387 3453 plus belle terre qu’aient vu les yeux de l’homme.
1299 3447 2397 3499 Partout il fut reçu avec joie et empressement par les
1311 3503 2399 3553 confiants insulaires qui ne se doutaient pas que l’or
1303 3552 2397 3607 qu’ils portaient au col, aux bras, dont ils se faisaient
1306 3589 2406 3656 un jouet, deviendrait la cause de leur ruine. Déjà il
1299 3638 2394 3712 n’excitait que trop l’attention cupide des Espagnols.
1303 3707 2397 3768 Seul peut-être, Colomb voyait les habitants de ces îles
1299 3757 2397 3821 avec des yeux d’ami et de père, et ne concevait
1299 3808 2397 3870 d’autre désir que de les attirer à la foi chrétienne,
1317 3866 2012 3942 par la bienveillance et la douceur.
