<?xml version="1.0" encoding="UTF-8" standalone="yes"?><PcGts xmlns="http://schema.primaresearch.org/PAGE/gts/pagecontent/2013-07-15"><Metadata><Creator>prov=READ-COOP:name=TrHtr:version=2.42.0:model_id=356425:date=04_05_2026_10:45</Creator><Created>2026-04-28T14:17:55.935123</Created><LastChange>2026-06-20T13:23:41.980+02:00</LastChange><TranskribusMetadata docId="14756063" pageId="115166669" pageNr="123" userId="187713" imgUrl="https://files.transkribus.eu/Get?fileType=view&amp;id=KHNIIURVGEZQGIXFOIIQTYPX" imageId="97254192"/></Metadata><Page imageFilename="115166669.jpg" imageWidth="2897" imageHeight="4318"><ReadingOrder><OrderedGroup><RegionRefIndexed index="0" regionRef="tr_1777378720"/><RegionRefIndexed index="1" regionRef="tr_1777378717"/><RegionRefIndexed index="2" regionRef="r"/><RegionRefIndexed index="3" regionRef="tr_1777378721"/><RegionRefIndexed index="4" regionRef="r_1"/></OrderedGroup></ReadingOrder><TextRegion id="tr_1777378720" custom="readingOrder {index:0;} structure {score:0.99; type:page-number;}"><Coords points="1237,245 1362,245 1362,320 1237,320"/><TextLine id="tr_1777378720_tl_1" custom="readingOrder {index:1;}"><Coords points="1243,337 1278,333 1284,338 1307,338 1324,322 1334,326 1360,323 1360,255 1341,259 1334,252 1321,252 1307,256 1288,248 1275,261 1270,258 1243,266"/><Baseline points="1251,304 1295,307 1340,304 1364,304"/><TextEquiv><Unicode>109</Unicode></TextEquiv></TextLine><TextEquiv><Unicode></Unicode></TextEquiv></TextRegion><TextRegion id="tr_1777378717" custom="readingOrder {index:1;} structure {score:0.99; type:paragraph;}"><Coords points="148,316 1279,336 1246,3996 80,4007"/><TextLine id="tr_1777378717_tl_1" custom="readingOrder {index:1;}"><Coords points="154,392 1255,401 1253,337 152,335"/><Baseline points="161,376 206,376 250,373 295,370 340,370 385,370 430,370 474,373 519,373 564,376 609,376 653,379 698,382 743,382 788,385 833,385 877,385 922,385 967,385 1012,385 1057,388 1101,388 1146,391 1191,391 1236,391 1257,391"/><TextEquiv><Unicode>tard, le frère ne vivait que pour acquérir, la soeur</Unicode></TextEquiv></TextLine><TextLine id="tr_1777378717_tl_2" custom="readingOrder {index:2;}"><Coords points="159,460 227,434 330,433 360,444 398,431 451,448 480,438 480,399 431,395 409,380 383,395 292,387 262,402 240,391 198,390 186,402 159,392"/><Baseline points="167,432 212,427 256,427 301,427 346,424 391,427 435,427 480,432 483,432"/><TextEquiv><Unicode>pour conserver.</Unicode></TextEquiv></TextLine><TextLine id="tr_1777378717_tl_3" custom="readingOrder {index:3;}"><Coords points="195,488 1255,503 1253,449 194,445"/><Baseline points="203,477 247,477 292,477 337,480 382,480 427,483 471,486 516,486 561,489 606,489 650,489 695,489 740,492 785,492 830,495 874,495 919,498 964,495 1009,498 1054,498 1098,498 1143,501 1188,501 1233,501 1257,504"/><TextEquiv><Unicode>Le souper fut court et silencieux, interrompu seu¬</Unicode></TextEquiv></TextLine><TextLine id="tr_1777378717_tl_4" custom="readingOrder {index:4;}"><Coords points="154,549 1123,577 1256,564 1256,518 152,489"/><Baseline points="161,534 206,537 250,534 295,537 340,537 385,540 430,540 474,543 519,543 564,543 609,543 653,543 698,543 743,546 788,546 833,549 877,549 922,549 967,549 1012,552 1057,552 1101,555 1146,555 1191,555 1236,555 1260,558"/><TextEquiv><Unicode>lement par quelques brèves questions sur Léopold et</Unicode></TextEquiv></TextLine><TextLine id="tr_1777378717_tl_5" custom="readingOrder {index:5;}"><Coords points="154,609 1250,634 1249,564 152,546"/><Baseline points="161,588 206,591 250,591 295,591 340,594 385,597 430,597 474,600 519,597 564,597 609,597 653,597 698,597 743,600 788,600 833,600 877,603 922,603 967,606 1012,606 1057,609 1101,609 1146,609 1191,612 1236,615 1254,612"/><TextEquiv><Unicode>quelques exclamations sur le malheur d’avoir perdu</Unicode></TextEquiv></TextLine><TextLine id="tr_1777378717_tl_6" custom="readingOrder {index:6;}"><Coords points="141,665 1245,685 1243,634 1117,615 140,607"/><Baseline points="149,642 194,645 238,647 283,647 328,650 373,650 418,650 462,650 507,650 552,650 597,650 642,647 686,647 731,650 776,650 821,653 865,656 910,656 955,659 1000,659 1045,662 1089,662 1134,665 1179,665 1224,668 1248,671"/><TextEquiv><Unicode>de l’argent, tant d’ argent! Olivier tombait de fatigue,</Unicode></TextEquiv></TextLine><TextLine id="tr_1777378717_tl_7" custom="readingOrder {index:7;}"><Coords points="147,713 1216,743 1248,685 146,664"/><Baseline points="155,695 200,701 244,701 289,704 334,704 379,704 424,704 468,704 513,704 558,704 603,701 647,704 692,704 737,704 782,704 827,707 871,710 916,710 961,713 1006,716 1051,716 1095,719 1140,719 1185,719 1230,722 1251,722"/><TextEquiv><Unicode>il ne put manger, et quand le sobre repas fut fini</Unicode></TextEquiv></TextLine><TextLine id="tr_1777378717_tl_8" custom="readingOrder {index:8;}"><Coords points="141,772 1253,786 1252,736 1167,725 140,706"/><Baseline points="149,752 194,755 238,755 283,755 328,758 373,758 418,758 462,758 507,758 552,758 597,758 642,758 686,758 731,758 776,758 821,761 865,761 910,764 955,764 1000,767 1045,770 1089,770 1134,773 1179,773 1224,773 1257,776"/><TextEquiv><Unicode>Eulalie demanda à se retirer. Tante Félicité alluma</Unicode></TextEquiv></TextLine><TextLine id="tr_1777378717_tl_9" custom="readingOrder {index:9;}"><Coords points="150,817 1219,839 1238,785 148,776"/><Baseline points="158,806 203,806 247,809 292,809 337,809 382,809 427,812 471,812 516,812 561,812 606,812 650,812 695,812 740,812 785,812 830,812 874,815 919,815 964,818 1009,818 1054,821 1098,821 1143,824 1188,824 1233,824 1242,821"/><TextEquiv><Unicode>un bout de chandelle et précéda sa nièce dans un som¬</Unicode></TextEquiv></TextLine><TextLine id="tr_1777378717_tl_10" custom="readingOrder {index:10;}"><Coords points="141,876 1116,897 1253,890 1253,840 140,819"/><Baseline points="149,857 194,860 238,860 283,860 328,860 373,863 418,863 462,865 507,865 552,865 597,865 642,865 686,865 731,865 776,865 821,865 865,865 910,868 955,868 1000,871 1045,871 1089,871 1134,874 1179,874 1224,877 1257,880"/><TextEquiv><Unicode>bre escalier, aux marches usées; elles atteignirent</Unicode></TextEquiv></TextLine><TextLine id="tr_1777378717_tl_11" custom="readingOrder {index:11;}"><Coords points="139,927 1214,947 1248,896 137,872"/><Baseline points="146,910 191,913 235,913 280,913 325,916 370,916 415,916 459,916 504,919 549,919 594,919 639,919 683,919 728,919 773,919 818,919 863,922 907,922 952,925 997,925 1042,925 1086,928 1131,928 1176,931 1221,931 1251,934"/><TextEquiv><Unicode>ainsi le second étage, et Eulalie fut introduite dans</Unicode></TextEquiv></TextLine><TextLine id="tr_1777378717_tl_12" custom="readingOrder {index:12;}"><Coords points="144,975 1248,993 1248,958 143,927"/><Baseline points="152,967 197,967 241,967 286,970 331,970 376,970 421,970 465,973 510,973 555,973 600,973 645,973 689,973 734,973 779,976 824,976 868,976 913,976 958,979 1003,979 1048,982 1092,982 1137,985 1182,985 1227,988 1251,988"/><TextEquiv><Unicode>une chambre grande et froide, que meublaient un</Unicode></TextEquiv></TextLine><TextLine id="tr_1777378717_tl_13" custom="readingOrder {index:13;}"><Coords points="144,1031 1245,1048 1243,998 1139,991 143,993"/><Baseline points="152,1018 197,1021 241,1021 286,1024 331,1024 376,1024 421,1027 465,1027 510,1027 555,1027 600,1027 645,1027 689,1030 734,1030 779,1030 824,1030 868,1030 913,1030 958,1033 1003,1033 1048,1036 1092,1036 1137,1039 1182,1039 1227,1042 1248,1042"/><TextEquiv><Unicode>vaste lit à colonnes, quelques vieilles chaises et une</Unicode></TextEquiv></TextLine><TextLine id="tr_1777378717_tl_14" custom="readingOrder {index:14;}"><Coords points="136,1097 1239,1102 1205,1045 136,1033"/><Baseline points="143,1075 188,1078 232,1078 277,1078 322,1078 367,1080 412,1080 456,1080 501,1080 546,1080 591,1083 636,1083 680,1080 725,1083 770,1086 815,1086 860,1086 904,1086 949,1086 994,1089 1039,1089 1083,1092 1128,1092 1173,1092 1218,1095 1242,1092"/><TextEquiv><Unicode>table à toilette vermoulue, surmontée d’un miroir</Unicode></TextEquiv></TextLine><TextLine id="tr_1777378717_tl_15" custom="readingOrder {index:15;}"><Coords points="147,1138 1243,1163 1242,1108 1109,1094 147,1098"/><Baseline points="155,1125 200,1131 244,1131 289,1131 334,1134 379,1134 424,1134 468,1134 513,1134 558,1134 603,1134 647,1137 692,1137 737,1137 782,1140 827,1140 871,1143 916,1143 961,1143 1006,1143 1051,1146 1095,1146 1140,1146 1185,1149 1230,1149 1245,1149"/><TextEquiv><Unicode>verdâtre. « Voici votre chambre, ma nièce, dormez</Unicode></TextEquiv></TextLine><TextLine id="tr_1777378717_tl_16" custom="readingOrder {index:16;}"><Coords points="136,1194 1243,1220 1243,1163 134,1141"/><Baseline points="143,1185 188,1185 232,1185 277,1188 322,1188 367,1188 412,1188 456,1188 501,1188 546,1191 591,1191 636,1191 680,1191 725,1191 770,1194 815,1194 860,1194 904,1197 949,1197 994,1197 1039,1200 1083,1203 1128,1203 1173,1203 1218,1206 1245,1209"/><TextEquiv><Unicode>bien, et empêchez le petit de courir dans la maison.</Unicode></TextEquiv></TextLine><TextLine id="tr_1777378717_tl_17" custom="readingOrder {index:17;}"><Coords points="136,1260 728,1248 728,1216 696,1205 568,1224 482,1199 136,1200"/><Baseline points="143,1239 188,1239 232,1239 277,1242 322,1239 367,1242 412,1242 456,1242 501,1242 546,1245 591,1245 636,1245 680,1245 725,1242 731,1242"/><TextEquiv><Unicode>Nous n’aimons pas cela. -</Unicode></TextEquiv></TextLine><TextLine id="tr_1777378717_tl_18" custom="readingOrder {index:18;}"><Coords points="762,1259 1246,1270 1245,1220 1228,1213 1042,1225 1015,1210 761,1206"/><Baseline points="770,1248 815,1251 860,1251 904,1251 949,1254 994,1254 1039,1254 1083,1257 1128,1257 1173,1260 1218,1260 1248,1263"/><TextEquiv><Unicode>Soyez tranquille, ma</Unicode></TextEquiv></TextLine><TextLine id="tr_1777378717_tl_19" custom="readingOrder {index:19;}"><Coords points="139,1303 1235,1322 1202,1267 139,1257"/><Baseline points="146,1293 191,1295 235,1295 280,1295 325,1295 370,1298 415,1298 459,1298 504,1298 549,1298 594,1301 639,1301 683,1301 728,1304 773,1304 818,1304 863,1307 907,1307 952,1310 997,1310 1042,1310 1086,1310 1131,1313 1176,1313 1221,1313 1239,1313"/><TextEquiv><Unicode>tante, répondit Eulalie avec douceur, Olivier ne me</Unicode></TextEquiv></TextLine><TextLine id="tr_1777378717_tl_20" custom="readingOrder {index:20;}"><Coords points="136,1372 215,1354 234,1367 330,1377 383,1359 474,1361 474,1318 437,1322 412,1309 342,1321 283,1306 136,1318"/><Baseline points="143,1349 188,1349 232,1349 277,1349 322,1352 367,1352 412,1352 456,1352 477,1352"/><TextEquiv><Unicode>quittera point.»</Unicode></TextEquiv></TextLine><TextLine id="tr_1777378717_tl_21" custom="readingOrder {index:21;}"><Coords points="190,1410 1036,1442 1238,1426 1238,1370 189,1360"/><Baseline points="197,1400 241,1403 286,1406 331,1406 376,1406 421,1409 465,1409 510,1409 555,1409 600,1412 645,1412 689,1412 734,1412 779,1415 824,1415 868,1415 913,1415 958,1415 1003,1418 1048,1418 1092,1418 1137,1421 1182,1421 1227,1421 1242,1424"/><TextEquiv><Unicode>Elle coucha son fils dans le grand lit, et après avoir</Unicode></TextEquiv></TextLine><TextLine id="tr_1777378717_tl_22" custom="readingOrder {index:22;}"><Coords points="141,1485 1242,1486 1241,1440 1080,1424 140,1420"/><Baseline points="149,1457 194,1460 238,1460 283,1460 328,1463 373,1463 418,1463 462,1463 507,1463 552,1463 597,1463 642,1466 686,1466 731,1466 776,1466 821,1469 865,1469 910,1469 955,1469 1000,1469 1045,1472 1089,1472 1134,1472 1179,1475 1224,1478 1245,1478"/><TextEquiv><Unicode>longtemps prié Dieu et mêlé bien des larmes à sa</Unicode></TextEquiv></TextLine><TextLine id="tr_1777378717_tl_23" custom="readingOrder {index:23;}"><Coords points="139,1533 1239,1540 1239,1485 1185,1476 139,1486"/><Baseline points="146,1519 188,1511 232,1513 277,1513 322,1513 367,1516 412,1516 456,1513 501,1516 546,1516 591,1516 636,1516 680,1516 725,1519 770,1519 815,1519 860,1519 904,1522 949,1522 994,1522 1039,1525 1083,1522 1128,1525 1173,1528 1218,1528 1242,1531"/><TextEquiv><Unicode>prière, elle se coucha elle-même. Elle prévoyait de</Unicode></TextEquiv></TextLine><TextLine id="tr_1777378717_tl_24" custom="readingOrder {index:24;}"><Coords points="136,1569 1227,1601 1235,1540 134,1533"/><Baseline points="143,1561 188,1564 232,1564 277,1564 322,1567 367,1567 412,1567 456,1570 501,1570 546,1570 591,1570 636,1570 680,1570 725,1570 770,1570 815,1573 860,1576 904,1576 949,1576 994,1576 1039,1576 1083,1579 1128,1579 1173,1582 1218,1585 1239,1585"/><TextEquiv><Unicode>tristes jours, mais d’avance elle se soumettait à tout,</Unicode></TextEquiv></TextLine><TextLine id="tr_1777378717_tl_25" custom="readingOrder {index:25;}"><Coords points="129,1647 1238,1647 1238,1600 1173,1589 129,1584"/><Baseline points="137,1621 182,1621 226,1621 271,1621 316,1621 361,1621 406,1621 450,1621 495,1621 540,1624 585,1624 630,1624 674,1624 719,1627 764,1627 809,1627 854,1627 898,1630 943,1630 988,1633 1033,1633 1078,1633 1122,1636 1167,1636 1212,1636 1242,1639"/><TextEquiv><Unicode>pourvu qu’elle pût élever son fils, ramener auprès</Unicode></TextEquiv></TextLine><TextLine id="tr_1777378717_tl_26" custom="readingOrder {index:26;}"><Coords points="129,1676 1231,1693 1230,1644 129,1645"/><Baseline points="137,1672 182,1672 226,1672 271,1675 316,1675 361,1675 406,1675 450,1678 495,1675 540,1678 585,1675 630,1678 674,1678 719,1681 764,1681 809,1684 854,1684 898,1684 943,1687 988,1687 1033,1690 1078,1690 1122,1690 1167,1693 1212,1693 1233,1690"/><TextEquiv><Unicode>d’elle son mari, et des débris de sa soi-disant prospé-</Unicode></TextEquiv></TextLine><TextLine id="tr_1777378717_tl_27" custom="readingOrder {index:27;}"><Coords points="130,1743 1235,1766 1234,1709 1153,1702 129,1676"/><Baseline points="137,1726 182,1726 226,1728 271,1726 316,1728 361,1728 406,1731 450,1731 495,1731 540,1731 585,1731 630,1734 674,1734 719,1734 764,1737 809,1737 854,1737 898,1740 943,1740 988,1740 1033,1743 1078,1743 1122,1746 1167,1749 1212,1749 1239,1749"/><TextEquiv><Unicode>rité faire un malheureconsolé par les affections. Ainsi</Unicode></TextEquiv></TextLine><TextLine id="tr_1777378717_tl_28" custom="readingOrder {index:28;}"><Coords points="137,1794 1238,1816 1238,1773 136,1741"/><Baseline points="143,1779 188,1782 232,1782 277,1782 322,1785 367,1785 412,1785 456,1785 501,1785 546,1788 591,1788 636,1788 680,1788 725,1788 770,1791 815,1794 860,1794 904,1794 949,1797 994,1797 1039,1800 1083,1800 1128,1800 1173,1803 1218,1803 1242,1806"/><TextEquiv><Unicode>le marin, avec les planches de sa barque brisée par</Unicode></TextEquiv></TextLine><TextLine id="tr_1777378717_tl_29" custom="readingOrder {index:29;}"><Coords points="129,1859 1091,1870 1091,1816 128,1785"/><Baseline points="137,1833 182,1833 226,1836 271,1839 316,1839 361,1839 406,1839 450,1839 495,1842 540,1842 585,1842 630,1842 674,1842 719,1845 764,1845 809,1848 854,1848 898,1851 943,1851 988,1851 1033,1854 1078,1854 1095,1854"/><TextEquiv><Unicode>les tempêtes, bâtit une demeure où il s’abrite.</Unicode></TextEquiv></TextLine><TextLine id="tr_1777378717_tl_30" custom="readingOrder {index:30;}"><Coords points="165,1898 1235,1923 1234,1871 164,1851"/><Baseline points="173,1887 217,1890 262,1890 307,1890 352,1893 397,1893 441,1893 486,1893 531,1896 576,1896 621,1899 665,1899 710,1899 755,1899 800,1902 845,1902 889,1905 934,1905 979,1908 1024,1908 1069,1908 1113,1911 1158,1911 1203,1914 1239,1914"/><TextEquiv><Unicode>Elle se leva de bonne heure, fit la toilette de son</Unicode></TextEquiv></TextLine><TextLine id="tr_1777378717_tl_31" custom="readingOrder {index:31;}"><Coords points="123,1952 1217,1984 1234,1924 122,1907"/><Baseline points="131,1941 176,1943 220,1943 265,1946 310,1946 355,1946 400,1949 444,1949 489,1949 534,1949 579,1952 624,1952 668,1952 713,1952 758,1955 803,1958 848,1958 892,1958 937,1961 982,1961 1027,1961 1072,1964 1116,1964 1161,1967 1206,1967 1239,1970"/><TextEquiv><Unicode>fils et la sienne avec le plus de simplicité possible, et</Unicode></TextEquiv></TextLine><TextLine id="tr_1777378717_tl_32" custom="readingOrder {index:32;}"><Coords points="130,2009 1231,2028 1189,1974 129,1960"/><Baseline points="137,1997 182,2000 226,2000 271,2000 316,2000 361,2003 406,2003 450,2003 495,2006 540,2006 585,2006 630,2006 674,2009 719,2009 764,2012 809,2012 854,2012 898,2015 943,2015 988,2015 1033,2018 1078,2018 1122,2021 1167,2021 1212,2021 1233,2021"/><TextEquiv><Unicode>descendit dans la salle à manger. Le déjeuner était</Unicode></TextEquiv></TextLine><TextLine id="tr_1777378717_tl_33" custom="readingOrder {index:33;}"><Coords points="132,2075 1237,2089 1235,2027 130,2013"/><Baseline points="140,2057 185,2054 229,2054 274,2057 319,2057 364,2057 409,2057 453,2057 498,2060 543,2060 588,2063 633,2063 677,2063 722,2066 767,2066 812,2066 857,2069 901,2069 946,2069 991,2069 1036,2072 1080,2072 1125,2075 1170,2075 1215,2078 1239,2078"/><TextEquiv><Unicode>prêt, on se mit à table, et comme ce moment n’était</Unicode></TextEquiv></TextLine><TextLine id="tr_1777378717_tl_34" custom="readingOrder {index:34;}"><Coords points="136,2124 1234,2142 1232,2089 134,2075"/><Baseline points="143,2111 188,2108 232,2111 277,2108 322,2111 367,2111 412,2114 456,2114 501,2114 546,2117 591,2117 636,2117 680,2117 725,2117 770,2120 815,2120 860,2123 904,2126 949,2126 994,2126 1039,2126 1083,2129 1128,2129 1173,2129 1218,2132 1236,2132"/><TextEquiv><Unicode>pas celui de la vente, l’oncle Théodore parut disposé</Unicode></TextEquiv></TextLine><TextLine id="tr_1777378717_tl_35" custom="readingOrder {index:35;}"><Coords points="130,2174 918,2190 926,2127 129,2125"/><Baseline points="137,2161 182,2161 226,2164 271,2164 316,2164 361,2164 406,2167 450,2167 495,2167 540,2170 585,2170 630,2170 674,2170 719,2173 764,2173 809,2173 854,2176 898,2176 931,2176"/><TextEquiv><Unicode>à en profiter pour faire connaissance :</Unicode></TextEquiv></TextLine><TextLine id="tr_1777378717_tl_36" custom="readingOrder {index:36;}"><Coords points="175,2226 1230,2246 1228,2194 1152,2188 175,2186"/><Baseline points="182,2212 226,2218 271,2218 316,2218 361,2218 406,2218 450,2221 495,2221 540,2224 585,2224 630,2224 674,2227 719,2227 764,2227 809,2230 854,2230 898,2230 943,2233 988,2233 1033,2233 1078,2236 1122,2239 1167,2239 1212,2239 1233,2239"/><TextEquiv><Unicode>«Ainsi donc, ma nièce, dit-il, votre père est mort</Unicode></TextEquiv></TextLine><TextLine id="tr_1777378717_tl_37" custom="readingOrder {index:37;}"><Coords points="123,2283 1230,2305 1228,2262 1083,2243 123,2230"/><Baseline points="131,2269 176,2272 220,2272 265,2272 310,2272 355,2272 400,2275 444,2275 489,2275 534,2275 579,2278 624,2278 668,2278 713,2281 758,2284 803,2284 848,2284 892,2287 937,2287 982,2287 1027,2290 1072,2290 1116,2290 1161,2293 1206,2293 1233,2293"/><TextEquiv><Unicode>absolument ruiné? Voilà où mènent le luxe et les</Unicode></TextEquiv></TextLine><TextLine id="tr_1777378717_tl_38" custom="readingOrder {index:38;}"><Coords points="123,2333 1225,2365 1224,2307 1173,2301 123,2300"/><Baseline points="131,2326 176,2326 220,2326 265,2329 310,2329 355,2329 400,2329 444,2329 489,2329 534,2332 579,2332 624,2332 668,2335 713,2335 758,2338 803,2338 848,2341 892,2341 937,2341 982,2344 1027,2344 1072,2344 1116,2347 1161,2350 1206,2350 1227,2347"/><TextEquiv><Unicode>entreprises extravagantes. — Mon père, répondit Eu-</Unicode></TextEquiv></TextLine><TextLine id="tr_1777378717_tl_39" custom="readingOrder {index:39;}"><Coords points="118,2384 1213,2425 1225,2365 116,2337"/><Baseline points="125,2379 170,2379 215,2382 259,2382 304,2382 349,2382 394,2382 438,2382 483,2385 528,2385 573,2385 618,2388 662,2388 707,2388 752,2391 797,2391 842,2394 886,2394 931,2394 976,2397 1021,2397 1066,2400 1110,2400 1155,2400 1200,2403 1227,2409"/><TextEquiv><Unicode>la lie, avait personnellement les goûts les plus simples,</Unicode></TextEquiv></TextLine><TextLine id="tr_1777378717_tl_40" custom="readingOrder {index:40;}"><Coords points="118,2458 1214,2473 1225,2420 116,2394"/><Baseline points="125,2430 170,2433 215,2436 259,2436 304,2436 349,2436 394,2436 438,2439 483,2439 528,2439 573,2442 618,2442 662,2442 707,2445 752,2445 797,2448 842,2448 886,2451 931,2451 976,2451 1021,2454 1066,2454 1110,2457 1155,2457 1200,2460 1227,2457"/><TextEquiv><Unicode>et vous devez savoir, mon oncle, que tout le monde</Unicode></TextEquiv></TextLine><TextLine id="tr_1777378717_tl_41" custom="readingOrder {index:41;}"><Coords points="118,2506 1224,2529 1223,2473 1074,2459 118,2458"/><Baseline points="125,2487 170,2490 215,2490 259,2490 304,2490 349,2490 394,2490 438,2493 483,2493 528,2493 573,2496 618,2496 662,2496 707,2499 752,2499 797,2502 842,2502 886,2505 931,2505 976,2505 1021,2508 1066,2511 1110,2511 1155,2511 1200,2514 1227,2514"/><TextEquiv><Unicode>reconnaissait sa sagesse en affaires. — Ce qui ne l’a</Unicode></TextEquiv></TextLine><TextLine id="tr_1777378717_tl_42" custom="readingOrder {index:42;}"><Coords points="128,2560 1228,2574 1227,2529 126,2513"/><Baseline points="134,2550 179,2544 223,2544 268,2544 313,2544 358,2544 403,2547 447,2547 492,2550 537,2550 582,2550 627,2553 671,2553 716,2553 761,2556 806,2556 851,2556 895,2559 940,2559 985,2562 1030,2562 1075,2565 1119,2565 1164,2568 1209,2568 1230,2565"/><TextEquiv><Unicode>pas empêché, reprit aigrement Félicité, de perdre</Unicode></TextEquiv></TextLine><TextLine id="tr_1777378717_tl_43" custom="readingOrder {index:43;}"><Coords points="126,2605 1212,2637 1223,2576 125,2570"/><Baseline points="134,2594 179,2594 223,2597 268,2597 313,2597 358,2597 403,2597 447,2600 492,2603 537,2603 582,2603 627,2606 671,2606 716,2606 761,2609 806,2609 851,2612 895,2612 940,2615 985,2615 1030,2615 1075,2615 1119,2618 1164,2621 1209,2621 1227,2618"/><TextEquiv><Unicode>votre fortune et celle de notre pauvre neveu... ruinés</Unicode></TextEquiv></TextLine><TextLine id="tr_1777378717_tl_44" custom="readingOrder {index:44;}"><Coords points="121,2663 1221,2681 1221,2645 119,2606"/><Baseline points="128,2651 173,2651 217,2651 262,2654 307,2654 352,2654 397,2654 441,2654 486,2657 531,2657 576,2657 621,2660 665,2660 710,2663 755,2663 800,2663 845,2666 889,2666 934,2666 979,2666 1024,2669 1069,2669 1113,2672 1158,2672 1203,2675 1224,2675"/><TextEquiv><Unicode>corps et biens!—Ah! si mon frère avait vécu! soupira</Unicode></TextEquiv></TextLine><TextLine id="tr_1777378717_tl_45" custom="readingOrder {index:45;}"><Coords points="118,2717 1227,2736 1225,2682 118,2670"/><Baseline points="125,2705 170,2705 215,2705 259,2708 304,2708 349,2711 394,2711 438,2711 483,2711 528,2711 573,2714 618,2714 662,2714 707,2717 752,2717 797,2717 842,2720 886,2720 931,2723 976,2723 1021,2723 1066,2723 1110,2723 1155,2726 1200,2729 1230,2732"/><TextEquiv><Unicode>Théodore. Lui qui avait tant travaillé pour laisser une</Unicode></TextEquiv></TextLine><TextLine id="tr_1777378717_tl_46" custom="readingOrder {index:46;}"><Coords points="121,2775 1224,2789 1223,2741 1138,2735 121,2727"/><Baseline points="128,2756 173,2762 217,2762 262,2762 307,2765 352,2765 397,2765 441,2765 486,2768 531,2768 576,2768 621,2768 665,2771 710,2771 755,2774 800,2774 845,2774 889,2774 934,2777 979,2777 1024,2777 1069,2777 1113,2780 1158,2780 1203,2783 1227,2786"/><TextEquiv><Unicode>fortune à son fils; voilà donc où ont abouti ses peines !</Unicode></TextEquiv></TextLine><TextLine id="tr_1777378717_tl_47" custom="readingOrder {index:47;}"><Coords points="111,2821 1224,2846 1189,2786 111,2779"/><Baseline points="119,2812 164,2815 209,2815 253,2818 298,2818 343,2818 388,2821 432,2821 477,2821 522,2821 567,2821 612,2821 656,2824 701,2824 746,2827 791,2827 836,2830 880,2830 925,2830 970,2833 1015,2833 1060,2833 1104,2833 1149,2839 1194,2839 1227,2839"/><TextEquiv><Unicode>Pour moi, je ne me suis pas lancé comme lui, j’ai</Unicode></TextEquiv></TextLine><TextLine id="tr_1777378717_tl_48" custom="readingOrder {index:48;}"><Coords points="112,2889 1220,2914 1219,2850 111,2842"/><Baseline points="119,2866 164,2869 209,2869 253,2872 298,2872 343,2872 388,2872 432,2875 477,2875 522,2875 567,2878 612,2878 656,2881 701,2881 746,2881 791,2884 836,2884 880,2884 925,2884 970,2887 1015,2887 1060,2887 1104,2890 1149,2893 1194,2893 1224,2899"/><TextEquiv><Unicode>continué le petit commerce de notre défunt père,</Unicode></TextEquiv></TextLine><TextLine id="tr_1777378717_tl_49" custom="readingOrder {index:49;}"><Coords points="111,2928 1083,2969 1219,2919 110,2889"/><Baseline points="119,2920 164,2923 209,2926 253,2926 298,2929 343,2929 388,2929 432,2932 477,2932 522,2932 567,2932 612,2932 656,2935 701,2935 746,2935 791,2938 836,2938 880,2941 925,2941 970,2944 1015,2944 1060,2944 1104,2944 1149,2944 1194,2941 1221,2938"/><TextEquiv><Unicode>mais au moins j’ai conservé le peu que j‘ai acquis. —</Unicode></TextEquiv></TextLine><TextLine id="tr_1777378717_tl_50" custom="readingOrder {index:50;}"><Coords points="125,2990 1212,3016 1210,2950 123,2931"/><Baseline points="131,2973 179,2977 223,2977 268,2980 313,2983 358,2983 403,2986 447,2986 492,2986 537,2986 582,2989 627,2989 671,2989 716,2989 761,2992 806,2992 851,2995 895,2995 940,2995 985,2998 1030,2998 1075,2998 1119,2998 1164,3001 1209,2998 1215,3001"/><TextEquiv><Unicode>N’allez pas croire que nous soyons riches, au moins !</Unicode></TextEquiv></TextLine><TextLine id="tr_1777378717_tl_51" custom="readingOrder {index:51;}"><Coords points="112,3039 1214,3062 1214,3018 111,2989"/><Baseline points="119,3022 164,3030 209,3033 253,3033 298,3036 343,3036 388,3039 432,3039 477,3039 522,3042 567,3042 612,3042 656,3042 701,3045 746,3045 791,3048 836,3048 880,3048 925,3048 970,3051 1015,3051 1060,3051 1104,3051 1149,3054 1194,3054 1218,3051"/><TextEquiv><Unicode>s’écria Félicité ; non, non, nous avons juste de quoi</Unicode></TextEquiv></TextLine><TextLine id="tr_1777378717_tl_52" custom="readingOrder {index:52;}"><Coords points="112,3097 1185,3126 1205,3072 111,3053"/><Baseline points="119,3084 164,3084 209,3087 253,3090 298,3090 343,3093 388,3096 432,3096 477,3096 522,3096 567,3096 612,3096 656,3099 701,3099 746,3099 791,3102 836,3102 880,3105 925,3105 970,3105 1015,3105 1060,3105 1104,3105 1149,3108 1194,3108 1209,3108"/><TextEquiv><Unicode>vivre. Le commerce, voyez-vous, et surtout le com¬</Unicode></TextEquiv></TextLine><TextLine id="tr_1777378717_tl_53" custom="readingOrder {index:53;}"><Coords points="111,3155 1213,3183 1212,3122 1158,3114 110,3094"/><Baseline points="119,3138 164,3141 209,3141 253,3141 298,3144 343,3147 388,3150 432,3150 477,3150 522,3150 567,3150 612,3153 656,3153 701,3153 746,3156 791,3156 836,3156 880,3156 925,3159 970,3159 1015,3159 1060,3162 1104,3162 1149,3162 1194,3162 1215,3162"/><TextEquiv><Unicode>merce des fers, souffre de plus en plus. Aussi, en vous</Unicode></TextEquiv></TextLine><TextLine id="tr_1777378717_tl_54" custom="readingOrder {index:54;}"><Coords points="115,3211 1213,3233 1212,3181 114,3166"/><Baseline points="122,3192 167,3192 212,3195 256,3195 301,3198 346,3201 391,3201 435,3204 480,3207 525,3207 570,3207 615,3207 659,3207 704,3210 749,3210 794,3213 839,3213 883,3213 928,3213 973,3216 1018,3216 1063,3216 1107,3216 1152,3219 1197,3219 1215,3219"/><TextEquiv><Unicode>accueillant chez nous, avec votre enfant, avons-nous</Unicode></TextEquiv></TextLine><TextLine id="tr_1777378717_tl_55" custom="readingOrder {index:55;}"><Coords points="128,3262 1216,3287 1189,3226 125,3206"/><Baseline points="134,3242 179,3245 223,3245 268,3248 313,3248 358,3251 403,3254 447,3254 492,3257 537,3260 582,3260 627,3263 671,3263 716,3263 761,3266 806,3266 851,3266 895,3269 940,3269 985,3272 1030,3272 1075,3272 1119,3272 1164,3272 1209,3275 1218,3275"/><TextEquiv><Unicode>pensé que vous vous rendrez utile, et j’ai préparé là</Unicode></TextEquiv></TextLine><TextLine id="tr_1777378717_tl_56" custom="readingOrder {index:56;}"><Coords points="121,3306 1198,3349 1207,3294 119,3262"/><Baseline points="128,3299 173,3299 217,3299 262,3299 307,3299 352,3302 397,3305 441,3308 486,3311 531,3314 576,3314 621,3317 665,3317 710,3320 755,3320 800,3320 845,3323 889,3323 934,3323 979,3323 1024,3326 1069,3326 1113,3329 1158,3329 1203,3332 1212,3332"/><TextEquiv><Unicode>de la besogne pour vous.—Je la ferai bien volontiers,</Unicode></TextEquiv></TextLine><TextLine id="tr_1777378717_tl_57" custom="readingOrder {index:57;}"><Coords points="111,3366 1206,3387 1205,3345 1142,3338 110,3313"/><Baseline points="119,3350 164,3350 209,3350 253,3350 298,3353 343,3356 388,3356 432,3359 477,3362 522,3365 567,3368 612,3371 656,3371 701,3371 746,3374 791,3377 836,3377 880,3377 925,3380 970,3380 1015,3380 1060,3383 1104,3380 1149,3383 1194,3383 1209,3380"/><TextEquiv><Unicode>répondit Eulalie, je ne demande pas mieux que de tra¬</Unicode></TextEquiv></TextLine><TextLine id="tr_1777378717_tl_58" custom="readingOrder {index:58;}"><Coords points="125,3420 1213,3443 1195,3385 122,3371"/><Baseline points="131,3401 176,3404 220,3404 265,3404 310,3407 355,3407 400,3410 444,3413 489,3413 534,3416 579,3416 624,3422 668,3425 713,3428 758,3428 803,3428 848,3428 892,3431 937,3431 982,3431 1027,3434 1072,3434 1116,3437 1161,3437 1206,3437 1215,3437"/><TextEquiv><Unicode>vailler, ma tante, croyez-le bien. — Cependant, vous</Unicode></TextEquiv></TextLine><TextLine id="tr_1777378717_tl_59" custom="readingOrder {index:59;}"><Coords points="118,3459 836,3509 1194,3502 1206,3443 116,3424"/><Baseline points="125,3454 170,3457 215,3457 259,3457 304,3457 349,3460 394,3460 438,3463 483,3466 528,3466 573,3472 618,3475 662,3478 707,3481 752,3481 797,3481 842,3481 886,3484 931,3484 976,3487 1021,3487 1066,3487 1110,3490 1155,3490 1200,3493 1212,3493"/><TextEquiv><Unicode>étiez une bien grande dame à Paris, et vous ne faisiez</Unicode></TextEquiv></TextLine><TextLine id="tr_1777378717_tl_60" custom="readingOrder {index:60;}"><Coords points="118,3528 1210,3559 1207,3509 1155,3500 116,3485"/><Baseline points="125,3508 170,3511 215,3511 259,3511 304,3511 349,3511 394,3514 438,3517 483,3517 528,3520 573,3526 618,3529 662,3535 707,3535 752,3535 797,3535 842,3538 886,3538 931,3541 976,3541 1021,3544 1066,3544 1110,3544 1155,3544 1200,3547 1212,3544"/><TextEquiv><Unicode>œuvre de vos dix doigts, je parie! — Qu’importe? je</Unicode></TextEquiv></TextLine><TextLine id="tr_1777378717_tl_61" custom="readingOrder {index:61;}"><Coords points="121,3574 1210,3611 1207,3556 119,3532"/><Baseline points="128,3565 173,3565 217,3565 262,3565 307,3565 352,3565 397,3565 441,3568 486,3571 531,3574 576,3577 621,3580 665,3583 710,3586 755,3589 800,3589 845,3592 889,3592 934,3595 979,3595 1024,3595 1069,3598 1113,3598 1158,3601 1203,3601 1212,3601"/><TextEquiv><Unicode>sais travailler à l’aiguille, et je m’efforcerai de vous</Unicode></TextEquiv></TextLine><TextLine id="tr_1777378717_tl_62" custom="readingOrder {index:62;}"><Coords points="118,3629 1203,3669 1200,3608 116,3579"/><Baseline points="125,3619 170,3622 215,3622 259,3622 304,3622 349,3619 394,3619 438,3622 483,3625 528,3625 573,3628 618,3631 662,3634 707,3637 752,3640 797,3643 842,3646 886,3646 931,3649 976,3649 1021,3649 1066,3652 1110,3652 1155,3655 1200,3661 1206,3658"/><TextEquiv><Unicode>contenter.—C’est bien, c’ est bien; marmotta Félicité,</Unicode></TextEquiv></TextLine><TextLine id="tr_1777378717_tl_63" custom="readingOrder {index:63;}"><Coords points="122,3699 1210,3715 1209,3674 119,3643"/><Baseline points="128,3672 173,3675 217,3678 262,3678 307,3675 352,3675 397,3675 441,3675 486,3675 531,3678 576,3678 621,3681 665,3684 710,3687 755,3693 800,3693 845,3696 889,3699 934,3702 979,3705 1024,3705 1069,3705 1113,3705 1158,3708 1203,3708 1212,3711"/><TextEquiv><Unicode>qui ne voulait pas paraître trop satisfaite, nous vous</Unicode></TextEquiv></TextLine><TextLine id="tr_1777378717_tl_64" custom="readingOrder {index:64;}"><Coords points="122,3735 1182,3779 1209,3717 121,3697"/><Baseline points="128,3726 173,3729 217,3732 262,3732 307,3732 352,3732 397,3732 441,3732 486,3732 531,3732 576,3732 621,3735 665,3738 710,3738 755,3744 800,3747 845,3747 889,3750 934,3756 979,3756 1024,3759 1069,3759 1113,3762 1158,3762 1203,3759 1212,3759"/><TextEquiv><Unicode>verrons à l’œuvre; et ce petit garçon, qu’en ferons-</Unicode></TextEquiv></TextLine><TextLine id="tr_1777378717_tl_65" custom="readingOrder {index:65;}"><Coords points="111,3789 1209,3839 1207,3778 1149,3769 110,3748"/><Baseline points="119,3777 164,3783 209,3786 253,3786 298,3786 343,3789 388,3789 432,3789 477,3789 522,3786 567,3786 612,3789 656,3789 701,3792 746,3795 791,3795 836,3798 880,3801 925,3804 970,3807 1015,3813 1060,3813 1104,3816 1149,3816 1194,3816 1212,3819"/><TextEquiv><Unicode>nous? — Il restera auprès de moi, ma tante; il est</Unicode></TextEquiv></TextLine><TextLine id="tr_1777378717_tl_66" custom="readingOrder {index:66;}"><Coords points="111,3834 1207,3877 1206,3836 1141,3815 110,3787"/><Baseline points="119,3828 164,3831 209,3837 253,3843 298,3846 343,3846 388,3846 432,3846 477,3846 522,3846 567,3846 612,3846 656,3846 701,3846 746,3846 791,3846 836,3849 880,3855 925,3855 970,3858 1015,3861 1060,3864 1104,3867 1149,3870 1194,3870 1209,3873"/><TextEquiv><Unicode>habitué à ne pas me quitter. — Et surtout qu’il ne</Unicode></TextEquiv></TextLine><TextLine id="tr_1777378717_tl_67" custom="readingOrder {index:67;}"><Coords points="125,3906 993,3919 1120,3961 1206,3927 1205,3879 122,3851"/><Baseline points="131,3879 176,3885 220,3890 265,3896 310,3899 355,3902 400,3905 444,3905 489,3902 534,3902 579,3902 624,3902 668,3902 713,3902 758,3902 803,3905 848,3905 892,3908 937,3911 982,3911 1027,3914 1072,3917 1116,3917 1161,3920 1206,3923 1209,3923"/><TextEquiv><Unicode>vous dérange pas de votre travail! Il pourra quelque¬</Unicode></TextEquiv></TextLine><TextEquiv><Unicode></Unicode></TextEquiv></TextRegion><TextRegion id="r" custom="readingOrder {index:2;} structure {type:paragraph;}"><Coords points="1314,654 1314,344 2480,344 2480,654"/><TextLine id="r_tl_1" custom="readingOrder {index:1;}"><Coords points="1342,405 2451,417 2450,351 2340,331 2023,362 1341,334"/><Baseline points="1349,388 1394,391 1439,391 1484,391 1528,391 1573,394 1618,394 1663,394 1708,394 1752,394 1797,394 1842,394 1887,394 1932,397 1976,397 2021,397 2066,400 2111,400 2156,400 2200,400 2245,403 2290,403 2335,403 2379,403 2424,403 2454,400"/><TextEquiv><Unicode>fois jouer dans la cour, et elle montra un petit carré</Unicode></TextEquiv></TextLine><TextLine id="r_tl_2" custom="readingOrder {index:2;}"><Coords points="1346,462 2448,471 2416,412 1345,412"/><Baseline points="1352,447 1397,447 1442,447 1487,447 1531,447 1576,450 1621,450 1666,450 1711,450 1755,450 1800,450 1845,450 1890,450 1935,450 1979,453 2024,453 2069,456 2114,456 2159,456 2203,459 2248,459 2293,459 2338,459 2382,462 2427,459 2451,456"/><TextEquiv><Unicode>entouré de hautes murailles et au milieu duquel s’é¬</Unicode></TextEquiv></TextLine><TextLine id="r_tl_3" custom="readingOrder {index:3;}"><Coords points="1336,521 2444,527 2443,469 2402,466 1335,457"/><Baseline points="1343,504 1388,504 1433,504 1478,507 1522,507 1567,507 1612,507 1657,510 1702,507 1746,507 1791,507 1836,507 1881,507 1926,507 1970,507 2015,510 2060,510 2105,513 2150,513 2194,516 2239,519 2284,519 2329,519 2374,519 2418,519 2448,522"/><TextEquiv><Unicode>levait la margelle d’un puits. — Je resterai auprès de</Unicode></TextEquiv></TextLine><TextLine id="r_tl_4" custom="readingOrder {index:4;}"><Coords points="1338,567 2444,596 2443,543 2391,528 1338,518"/><Baseline points="1346,558 1391,561 1436,561 1481,564 1525,564 1570,564 1615,567 1660,567 1705,567 1749,567 1794,567 1839,564 1884,564 1929,564 1973,564 2018,567 2063,567 2108,570 2153,573 2197,573 2242,573 2287,576 2332,576 2376,579 2421,579 2448,582"/><TextEquiv><Unicode>ma petite mère! s’écria Olivier, et il se mit à chanter</Unicode></TextEquiv></TextLine><TextLine id="r_tl_5" custom="readingOrder {index:5;}"><Coords points="1335,638 2319,647 2318,596 1334,595"/><Baseline points="1343,615 1388,618 1433,621 1478,621 1522,621 1567,621 1612,621 1657,624 1702,621 1746,624 1791,624 1836,624 1881,624 1926,624 1970,624 2015,624 2060,624 2105,624 2150,627 2194,630 2239,630 2284,633 2323,636"/><TextEquiv><Unicode>d’une petite voix claire la chanson des enfants :</Unicode></TextEquiv></TextLine><TextEquiv><Unicode></Unicode></TextEquiv></TextRegion><TextRegion id="tr_1777378721" custom="readingOrder {index:3;} structure {score:0.82; type:heading;}"><Coords points="1667,685 2043,683 2044,807 1659,807"/><TextLine id="tr_1777378721_tl_1" custom="readingOrder {index:1;}"><Coords points="1736,744 1765,737 1790,746 1804,735 1824,746 1835,736 1883,737 1892,746 1931,742 1945,737 1944,671 1923,672 1902,686 1885,672 1837,695 1823,686 1805,695 1759,683 1734,688"/><Baseline points="1743,722 1788,725 1833,725 1878,725 1923,725 1949,725"/><TextEquiv><Unicode>Travailler</Unicode></TextEquiv></TextLine><TextLine id="tr_1777378721_tl_2" custom="readingOrder {index:2;}"><Coords points="1702,793 1737,789 1794,810 1820,798 1894,808 1910,798 1926,811 1948,797 1986,797 1985,740 1892,746 1841,736 1813,757 1752,744 1701,753"/><Baseline points="1708,782 1752,785 1797,785 1842,785 1887,788 1932,788 1976,788 1988,788"/><TextEquiv><Unicode>C’est s’amuser!</Unicode></TextEquiv></TextLine><TextEquiv><Unicode></Unicode></TextEquiv></TextRegion><TextRegion id="r_1" custom="readingOrder {index:4;} structure {type:paragraph;}"><Coords points="2496,826 2496,4021 1278,3981 1316,826"/><TextLine id="r_1_tl_1" custom="readingOrder {index:1;}"><Coords points="1390,876 2440,915 2438,857 2368,843 1389,840"/><Baseline points="1397,863 1442,868 1487,871 1531,874 1576,877 1621,880 1666,880 1711,883 1755,883 1800,886 1845,889 1890,889 1935,889 1979,889 2024,892 2069,892 2114,892 2159,892 2203,892 2248,892 2293,895 2338,895 2382,895 2427,898 2442,898"/><TextEquiv><Unicode>C’est bon, nous verrons si tu es sage, interrompit</Unicode></TextEquiv></TextLine><TextLine id="r_1_tl_2" custom="readingOrder {index:2;}"><Coords points="1331,933 2433,977 2431,908 1329,887"/><Baseline points="1337,919 1382,919 1427,922 1472,925 1516,925 1561,928 1606,931 1651,931 1696,934 1740,937 1785,940 1830,940 1875,943 1920,946 1964,946 2009,946 2054,946 2099,949 2144,949 2188,949 2233,949 2278,952 2323,952 2368,955 2412,955 2436,958"/><TextEquiv><Unicode>Félicité en lui donnant une petite tape sèche sur la</Unicode></TextEquiv></TextLine><TextLine id="r_1_tl_3" custom="readingOrder {index:3;}"><Coords points="1338,997 2423,1026 2422,980 1336,934"/><Baseline points="1346,973 1391,976 1436,976 1481,979 1525,979 1570,979 1615,982 1660,985 1705,988 1749,991 1794,994 1839,997 1884,997 1929,1000 1973,1000 2018,1003 2063,1003 2108,1003 2153,1003 2197,1003 2242,1006 2287,1006 2332,1009 2376,1009 2421,1006 2427,1009"/><TextEquiv><Unicode>joue. Maintenant, ma nièce, voici l’ordre de nos jour-</Unicode></TextEquiv></TextLine><TextLine id="r_1_tl_4" custom="readingOrder {index:4;}"><Coords points="1331,1052 2346,1091 2422,1042 1328,993"/><Baseline points="1337,1030 1382,1027 1427,1030 1472,1033 1516,1033 1561,1033 1606,1036 1651,1036 1696,1036 1740,1039 1785,1042 1830,1045 1875,1048 1920,1051 1964,1054 2009,1054 2054,1057 2099,1057 2144,1060 2188,1060 2233,1063 2278,1063 2323,1063 2368,1066 2412,1063 2427,1066"/><TextEquiv><Unicode>nées. Nous nous levons de bonne heure, nous déjeu¬</Unicode></TextEquiv></TextLine><TextLine id="r_1_tl_5" custom="readingOrder {index:5;}"><Coords points="1329,1091 2423,1133 2412,1070 1328,1051"/><Baseline points="1337,1080 1382,1083 1427,1083 1472,1086 1516,1086 1561,1086 1606,1086 1651,1089 1696,1089 1740,1092 1785,1092 1830,1095 1875,1098 1920,1101 1964,1104 2009,1107 2054,1110 2099,1113 2144,1116 2188,1116 2233,1116 2278,1119 2323,1119 2368,1122 2412,1122 2427,1125"/><TextEquiv><Unicode>nons à sept heures, nous dînons a midi, noue soupons</Unicode></TextEquiv></TextLine><TextLine id="r_1_tl_6" custom="readingOrder {index:6;}"><Coords points="1329,1146 2419,1195 2416,1134 1327,1092"/><Baseline points="1337,1137 1382,1140 1427,1140 1472,1140 1516,1140 1561,1140 1606,1140 1651,1143 1696,1143 1740,1146 1785,1146 1830,1146 1875,1146 1920,1149 1964,1155 2009,1158 2054,1161 2099,1164 2144,1167 2188,1170 2233,1173 2278,1176 2323,1176 2368,1176 2412,1179 2421,1179"/><TextEquiv><Unicode>à huit heures; mon frère est au magasin, je fais mon</Unicode></TextEquiv></TextLine><TextLine id="r_1_tl_7" custom="readingOrder {index:7;}"><Coords points="1325,1207 2420,1245 2419,1196 1324,1173"/><Baseline points="1331,1194 1376,1194 1421,1194 1466,1194 1511,1197 1555,1197 1600,1197 1645,1197 1690,1200 1734,1200 1779,1203 1824,1203 1869,1203 1914,1206 1958,1206 2003,1209 2048,1209 2093,1215 2138,1218 2182,1221 2227,1224 2272,1227 2317,1230 2362,1233 2406,1236 2424,1239"/><TextEquiv><Unicode>ménage avec Babeau, la domestique, et je donne un</Unicode></TextEquiv></TextLine><TextLine id="r_1_tl_8" custom="readingOrder {index:8;}"><Coords points="1332,1253 2407,1289 2405,1245 1962,1214 1331,1220"/><Baseline points="1340,1251 1385,1251 1430,1251 1475,1251 1519,1251 1564,1251 1609,1254 1654,1254 1699,1254 1743,1257 1788,1257 1833,1257 1878,1257 1923,1260 1967,1260 2012,1260 2057,1263 2102,1266 2147,1269 2191,1272 2236,1275 2281,1278 2326,1284 2371,1287 2409,1287"/><TextEquiv><Unicode>coup d’œil à la vente, quand Théodore est à ses livres ;</Unicode></TextEquiv></TextLine><TextLine id="r_1_tl_9" custom="readingOrder {index:9;}"><Coords points="1332,1310 2415,1353 2413,1280 1331,1266"/><Baseline points="1340,1301 1385,1304 1430,1304 1475,1307 1519,1307 1564,1304 1609,1307 1654,1307 1699,1307 1743,1310 1788,1310 1833,1310 1878,1313 1923,1313 1967,1313 2012,1316 2057,1316 2102,1319 2147,1319 2191,1322 2236,1325 2281,1328 2326,1334 2371,1337 2415,1343 2418,1343"/><TextEquiv><Unicode>vous, vous travaillerez ici; le dimanche, vons irez à</Unicode></TextEquiv></TextLine><TextLine id="r_1_tl_10" custom="readingOrder {index:10;}"><Coords points="1334,1375 2408,1411 2420,1356 1331,1311"/><Baseline points="1340,1355 1385,1358 1430,1358 1475,1358 1519,1358 1564,1361 1609,1361 1654,1361 1699,1364 1743,1364 1788,1364 1833,1364 1878,1364 1923,1367 1967,1367 2012,1370 2057,1370 2102,1373 2147,1376 2191,1376 2236,1379 2281,1382 2326,1385 2371,1388 2415,1394 2424,1397"/><TextEquiv><Unicode>la messe à Sainte-Maurice, et, si le cœur vous en dit,</Unicode></TextEquiv></TextLine><TextLine id="r_1_tl_11" custom="readingOrder {index:11;}"><Coords points="1334,1422 2387,1464 2423,1408 1332,1385"/><Baseline points="1340,1409 1385,1412 1430,1412 1475,1412 1519,1412 1564,1415 1609,1415 1654,1415 1699,1415 1743,1415 1788,1418 1833,1421 1878,1421 1923,1421 1967,1421 2012,1424 2057,1424 2102,1427 2147,1430 2191,1430 2236,1433 2281,1436 2326,1439 2371,1442 2415,1445 2427,1445"/><TextEquiv><Unicode>vous ferez un tour de promenade. — Notre ordinaire</Unicode></TextEquiv></TextLine><TextLine id="r_1_tl_12" custom="readingOrder {index:12;}"><Coords points="1324,1474 2420,1507 2419,1468 1722,1421 1322,1444"/><Baseline points="1331,1466 1376,1466 1421,1469 1466,1469 1511,1469 1555,1469 1600,1469 1645,1469 1690,1472 1734,1472 1779,1472 1824,1475 1869,1475 1914,1475 1958,1478 2003,1478 2048,1481 2093,1481 2138,1484 2182,1487 2227,1490 2272,1490 2317,1493 2362,1496 2406,1499 2424,1499"/><TextEquiv><Unicode>est frugal, ajouta Théodore, car nous ne sommes pas</Unicode></TextEquiv></TextLine><TextLine id="r_1_tl_13" custom="readingOrder {index:13;}"><Coords points="1328,1542 2425,1568 2423,1515 2289,1501 1327,1481"/><Baseline points="1334,1522 1379,1519 1424,1522 1469,1522 1513,1522 1558,1522 1603,1522 1648,1522 1693,1525 1737,1525 1782,1528 1827,1528 1872,1528 1917,1531 1961,1531 2006,1534 2051,1534 2096,1534 2141,1540 2185,1540 2230,1543 2275,1546 2320,1549 2365,1552 2409,1552 2427,1546"/><TextEquiv><Unicode>riches, il s’en faut bien, et le plus tôt que votre mari</Unicode></TextEquiv></TextLine><TextLine id="r_1_tl_14" custom="readingOrder {index:14;}"><Coords points="1327,1601 2426,1623 2425,1572 1325,1542"/><Baseline points="1334,1579 1379,1576 1424,1576 1469,1576 1513,1576 1558,1576 1603,1576 1648,1579 1693,1582 1737,1582 1782,1582 1827,1582 1872,1585 1917,1585 1961,1588 2006,1588 2051,1591 2096,1591 2141,1594 2185,1597 2230,1597 2275,1600 2320,1603 2365,1606 2409,1606 2430,1603"/><TextEquiv><Unicode>pourra vous reprendre sera le mieux. Je n’ai pas</Unicode></TextEquiv></TextLine><TextLine id="r_1_tl_15" custom="readingOrder {index:15;}"><Coords points="1334,1645 2420,1668 2419,1622 1332,1601"/><Baseline points="1340,1627 1385,1630 1430,1633 1475,1633 1519,1633 1564,1633 1609,1636 1654,1633 1699,1636 1743,1636 1788,1636 1833,1639 1878,1639 1923,1639 1967,1642 2012,1642 2057,1645 2102,1648 2147,1648 2191,1648 2236,1648 2281,1654 2326,1657 2371,1660 2415,1660 2424,1660"/><TextEquiv><Unicode>voulu me refuser à sa demande, puisque je suis son</Unicode></TextEquiv></TextLine><TextLine id="r_1_tl_16" custom="readingOrder {index:16;}"><Coords points="1318,1695 2420,1724 2419,1669 1317,1659"/><Baseline points="1325,1687 1370,1687 1415,1690 1460,1690 1505,1690 1549,1690 1594,1690 1639,1690 1684,1690 1728,1690 1773,1693 1818,1693 1863,1696 1908,1696 1952,1696 1997,1699 2042,1702 2087,1702 2132,1702 2176,1705 2221,1708 2266,1711 2311,1711 2356,1714 2400,1714 2424,1714"/><TextEquiv><Unicode>seul parent, et que vous n’avez, à ce qu’il semble, que</Unicode></TextEquiv></TextLine><TextLine id="r_1_tl_17" custom="readingOrder {index:17;}"><Coords points="1324,1748 2426,1787 2425,1731 1322,1695"/><Baseline points="1331,1740 1376,1740 1421,1743 1466,1743 1511,1743 1555,1743 1600,1743 1645,1746 1690,1746 1734,1746 1779,1746 1824,1746 1869,1749 1914,1752 1958,1752 2003,1755 2048,1755 2093,1758 2138,1758 2182,1761 2227,1761 2272,1764 2317,1767 2362,1767 2406,1770 2427,1770"/><TextEquiv><Unicode>des cousins éloignés et dispersés, mais, en dépit de</Unicode></TextEquiv></TextLine><TextLine id="r_1_tl_18" custom="readingOrder {index:18;}"><Coords points="1317,1804 2426,1835 2425,1784 1316,1765"/><Baseline points="1325,1794 1370,1797 1415,1797 1460,1797 1505,1797 1549,1797 1594,1797 1639,1800 1684,1800 1728,1803 1773,1803 1818,1803 1863,1803 1908,1806 1952,1806 1997,1809 2042,1809 2087,1812 2132,1812 2176,1815 2221,1815 2266,1818 2311,1821 2356,1821 2400,1824 2427,1824"/><TextEquiv><Unicode>ma bonne volonté, votre séjour ici ne sera que tem¬</Unicode></TextEquiv></TextLine><TextLine id="r_1_tl_19" custom="readingOrder {index:19;}"><Coords points="1329,1876 1341,1878 1375,1860 1418,1870 1457,1865 1472,1874 1497,1860 1529,1869 1529,1816 1490,1823 1469,1812 1429,1810 1403,1826 1388,1816 1329,1820"/><Baseline points="1337,1854 1382,1851 1427,1854 1472,1854 1516,1854 1531,1854"/><TextEquiv><Unicode>poraire. »</Unicode></TextEquiv></TextLine><TextLine id="r_1_tl_20" custom="readingOrder {index:20;}"><Coords points="1372,1914 2416,1950 2400,1884 1371,1862"/><Baseline points="1379,1905 1424,1908 1469,1908 1513,1908 1558,1908 1603,1911 1648,1911 1693,1911 1737,1911 1782,1914 1827,1914 1872,1914 1917,1917 1961,1917 2006,1920 2051,1920 2096,1923 2141,1923 2185,1926 2230,1926 2275,1929 2320,1932 2365,1932 2409,1938 2418,1941"/><TextEquiv><Unicode>Cette dernière assurance eût bien consolé Eulalie,</Unicode></TextEquiv></TextLine><TextLine id="r_1_tl_21" custom="readingOrder {index:21;}"><Coords points="1318,1977 2419,2000 2418,1952 2339,1938 1317,1926"/><Baseline points="1325,1958 1370,1958 1415,1961 1460,1961 1505,1961 1549,1964 1594,1964 1639,1964 1684,1964 1728,1964 1773,1967 1818,1967 1863,1970 1908,1970 1952,1970 1997,1970 2042,1973 2087,1976 2132,1976 2176,1979 2221,1979 2266,1982 2311,1982 2356,1985 2400,1988 2421,1985"/><TextEquiv><Unicode>si elle avait entrevu dans l’univers un autre asile que</Unicode></TextEquiv></TextLine><TextLine id="r_1_tl_22" custom="readingOrder {index:22;}"><Coords points="1324,2036 2370,2054 2408,2002 1322,1978"/><Baseline points="1331,2012 1376,2015 1421,2015 1466,2015 1511,2018 1555,2018 1600,2018 1645,2018 1690,2018 1734,2018 1779,2021 1824,2021 1869,2024 1914,2024 1958,2024 2003,2027 2048,2027 2093,2027 2138,2030 2182,2033 2227,2033 2272,2036 2317,2036 2362,2039 2406,2039 2412,2036"/><TextEquiv><Unicode>cette triste maison où on la recevait si mal, et d’autres</Unicode></TextEquiv></TextLine><TextLine id="r_1_tl_23" custom="readingOrder {index:23;}"><Coords points="1331,2088 2415,2100 2413,2052 2314,2045 1329,2038"/><Baseline points="1337,2069 1382,2069 1427,2069 1472,2069 1516,2072 1561,2072 1606,2072 1651,2072 1696,2072 1740,2072 1785,2072 1830,2075 1875,2078 1920,2075 1964,2078 2009,2078 2054,2081 2099,2084 2144,2084 2188,2084 2233,2087 2278,2090 2323,2090 2368,2093 2412,2096 2418,2093"/><TextEquiv><Unicode>parents que ces deux vieillards à la parole acerbe et</Unicode></TextEquiv></TextLine><TextLine id="r_1_tl_24" custom="readingOrder {index:24;}"><Coords points="1327,2147 2408,2158 2407,2108 2339,2099 1327,2090"/><Baseline points="1334,2123 1379,2123 1424,2126 1469,2126 1513,2126 1558,2126 1603,2126 1648,2126 1693,2126 1737,2129 1782,2129 1827,2129 1872,2132 1917,2132 1961,2132 2006,2135 2051,2135 2096,2138 2141,2138 2185,2141 2230,2141 2275,2144 2320,2144 2365,2147 2409,2150 2412,2150"/><TextEquiv><Unicode>dure. Décidée à ne pas se plaindre, à se soumettre, a</Unicode></TextEquiv></TextLine><TextLine id="r_1_tl_25" custom="readingOrder {index:25;}"><Coords points="1314,2190 2409,2214 2408,2165 2328,2153 1314,2151"/><Baseline points="1322,2176 1367,2179 1412,2179 1457,2179 1502,2179 1546,2179 1591,2179 1636,2182 1681,2182 1726,2182 1770,2182 1815,2182 1860,2185 1905,2185 1949,2185 1994,2185 2039,2188 2084,2188 2129,2191 2173,2191 2218,2194 2263,2194 2308,2197 2353,2200 2397,2200 2412,2203"/><TextEquiv><Unicode>se retremper dans le malheur, elle répondit à son</Unicode></TextEquiv></TextLine><TextLine id="r_1_tl_26" custom="readingOrder {index:26;}"><Coords points="1324,2253 2412,2264 2411,2214 1322,2203"/><Baseline points="1331,2230 1376,2233 1421,2233 1466,2236 1511,2236 1555,2236 1600,2236 1645,2236 1690,2236 1734,2236 1779,2236 1824,2239 1869,2239 1914,2239 1958,2242 2003,2242 2048,2242 2093,2245 2138,2245 2182,2245 2227,2248 2272,2248 2317,2251 2362,2254 2406,2254 2415,2254"/><TextEquiv><Unicode>oncle et à sa tante quelques paroles conciliantes, et se</Unicode></TextEquiv></TextLine><TextLine id="r_1_tl_27" custom="readingOrder {index:27;}"><Coords points="1311,2297 2415,2323 2413,2269 2352,2258 1311,2250"/><Baseline points="1319,2287 1364,2290 1409,2287 1454,2287 1499,2290 1543,2290 1588,2290 1633,2290 1678,2290 1723,2290 1767,2290 1812,2290 1857,2293 1902,2293 1946,2296 1991,2296 2036,2296 2081,2299 2126,2299 2170,2302 2215,2302 2260,2305 2305,2305 2350,2308 2394,2311 2418,2308"/><TextEquiv><Unicode>mit aussitôt à l’ouvrage sans témoigner ni ennui ni</Unicode></TextEquiv></TextLine><TextLine id="r_1_tl_28" custom="readingOrder {index:28;}"><Coords points="1317,2347 2407,2372 2355,2315 1316,2305"/><Baseline points="1325,2338 1370,2344 1415,2344 1460,2344 1505,2344 1549,2344 1594,2344 1639,2344 1684,2347 1728,2347 1773,2347 1818,2347 1863,2347 1908,2350 1952,2350 1997,2350 2042,2353 2087,2353 2132,2356 2176,2356 2221,2359 2266,2359 2311,2362 2356,2362 2400,2365 2409,2365"/><TextEquiv><Unicode>dégoût. Tante Félicité lui avait préparé une immense</Unicode></TextEquiv></TextLine><TextLine id="r_1_tl_29" custom="readingOrder {index:29;}"><Coords points="1325,2413 2394,2437 2407,2382 1324,2369"/><Baseline points="1331,2403 1376,2397 1421,2397 1466,2397 1511,2397 1555,2400 1600,2400 1645,2400 1690,2400 1734,2400 1779,2400 1824,2403 1869,2403 1914,2403 1958,2406 2003,2406 2048,2406 2093,2406 2138,2409 2182,2412 2227,2412 2272,2415 2317,2415 2362,2415 2406,2421 2412,2421"/><TextEquiv><Unicode>pile de serviettes usées qu’elle devait raccommoder;</Unicode></TextEquiv></TextLine><TextLine id="r_1_tl_30" custom="readingOrder {index:30;}"><Coords points="1311,2459 2402,2491 2401,2438 2300,2420 1311,2416"/><Baseline points="1319,2448 1364,2451 1409,2454 1454,2454 1499,2454 1543,2454 1588,2454 1633,2457 1678,2454 1723,2454 1767,2457 1812,2457 1857,2457 1902,2457 1946,2460 1991,2460 2036,2460 2081,2460 2126,2463 2170,2466 2215,2466 2260,2466 2305,2469 2350,2472 2394,2469 2406,2472"/><TextEquiv><Unicode>Eulalie se souvint des bonnes leçons qu’elle avait re-</Unicode></TextEquiv></TextLine><TextLine id="r_1_tl_31" custom="readingOrder {index:31;}"><Coords points="1311,2531 2405,2531 2383,2486 2279,2473 1311,2480"/><Baseline points="1319,2505 1364,2508 1409,2508 1454,2508 1499,2508 1543,2508 1588,2508 1633,2508 1678,2511 1723,2511 1767,2508 1812,2511 1857,2511 1902,2511 1946,2514 1991,2514 2036,2517 2081,2517 2126,2517 2170,2520 2215,2520 2260,2520 2305,2523 2350,2523 2394,2523 2409,2523"/><TextEquiv><Unicode>çues autrefois, à la Visitation, de la maîtresse d’ou-</Unicode></TextEquiv></TextLine><TextLine id="r_1_tl_32" custom="readingOrder {index:32;}"><Coords points="1317,2566 2402,2587 2372,2531 1317,2531"/><Baseline points="1325,2556 1370,2562 1415,2562 1460,2562 1505,2565 1549,2565 1594,2562 1639,2565 1684,2565 1728,2565 1773,2565 1818,2565 1863,2568 1908,2568 1952,2568 1997,2568 2042,2571 2087,2571 2132,2571 2176,2574 2221,2574 2266,2574 2311,2577 2356,2577 2400,2574 2406,2577"/><TextEquiv><Unicode>vrages, et elle entama courageusement sa tâche labo¬</Unicode></TextEquiv></TextLine><TextLine id="r_1_tl_33" custom="readingOrder {index:33;}"><Coords points="1309,2623 2405,2646 2404,2592 2294,2581 1309,2588"/><Baseline points="1316,2615 1361,2615 1406,2615 1451,2615 1496,2618 1540,2615 1585,2618 1630,2618 1675,2618 1720,2618 1764,2621 1809,2618 1854,2618 1899,2621 1943,2621 1988,2621 2033,2621 2078,2624 2123,2624 2167,2624 2212,2627 2257,2627 2302,2627 2347,2627 2391,2630 2409,2633"/><TextEquiv><Unicode>rieuse. La journée se passa de la sorte, entremêlée à</Unicode></TextEquiv></TextLine><TextLine id="r_1_tl_34" custom="readingOrder {index:34;}"><Coords points="1314,2680 2405,2692 2382,2639 1313,2631"/><Baseline points="1322,2669 1367,2669 1412,2669 1457,2669 1502,2672 1546,2672 1591,2672 1636,2669 1681,2672 1726,2672 1770,2672 1815,2672 1860,2675 1905,2675 1949,2675 1994,2675 2039,2675 2084,2675 2129,2675 2173,2678 2218,2678 2263,2678 2308,2681 2353,2684 2397,2684 2409,2684"/><TextEquiv><Unicode>quelques gronderies de la tante Félicité; Olivier ne</Unicode></TextEquiv></TextLine><TextLine id="r_1_tl_35" custom="readingOrder {index:35;}"><Coords points="1311,2741 2400,2745 2390,2693 1311,2678"/><Baseline points="1319,2723 1364,2723 1409,2723 1454,2723 1499,2723 1543,2723 1588,2723 1633,2726 1678,2723 1723,2723 1767,2726 1812,2726 1857,2726 1902,2729 1946,2726 1991,2729 2036,2729 2081,2729 2126,2729 2170,2732 2215,2732 2260,2735 2305,2735 2350,2738 2394,2738 2403,2738"/><TextEquiv><Unicode>quitta pas sa mère, qui, tout en travaillant, lui fit</Unicode></TextEquiv></TextLine><TextLine id="r_1_tl_36" custom="readingOrder {index:36;}"><Coords points="1309,2795 2348,2809 2400,2799 2400,2752 1307,2742"/><Baseline points="1316,2777 1361,2777 1406,2777 1451,2777 1496,2777 1540,2777 1585,2777 1630,2777 1675,2777 1720,2777 1764,2777 1809,2780 1854,2780 1899,2780 1943,2780 1988,2780 2033,2783 2078,2783 2123,2783 2167,2783 2212,2786 2257,2789 2302,2789 2347,2792 2391,2795 2403,2792"/><TextEquiv><Unicode>réciter ses prières et ses petites fables, et quand le</Unicode></TextEquiv></TextLine><TextLine id="r_1_tl_37" custom="readingOrder {index:37;}"><Coords points="1302,2840 2400,2865 2400,2799 1302,2791"/><Baseline points="1310,2830 1355,2830 1400,2830 1445,2830 1490,2833 1534,2833 1579,2833 1624,2830 1669,2830 1714,2830 1758,2830 1803,2833 1848,2833 1893,2833 1938,2833 1982,2833 2027,2833 2072,2836 2117,2836 2161,2839 2206,2839 2251,2842 2296,2842 2341,2845 2385,2845 2403,2845"/><TextEquiv><Unicode>soir vint, elle se sentit fatiguée, un peu triste, mais</Unicode></TextEquiv></TextLine><TextLine id="r_1_tl_38" custom="readingOrder {index:38;}"><Coords points="1309,2893 2391,2913 2390,2867 2189,2845 1309,2847"/><Baseline points="1316,2884 1361,2887 1406,2887 1451,2887 1496,2887 1540,2887 1585,2887 1630,2887 1675,2887 1720,2887 1764,2887 1809,2887 1854,2887 1899,2887 1943,2887 1988,2890 2033,2890 2078,2890 2123,2890 2167,2893 2212,2893 2257,2893 2302,2896 2347,2899 2391,2899 2394,2899"/><TextEquiv><Unicode>tranquille. A ce premier jour beaucoup d’autres suc-</Unicode></TextEquiv></TextLine><TextLine id="r_1_tl_39" custom="readingOrder {index:39;}"><Coords points="1306,2951 2400,2967 2400,2904 1306,2917"/><Baseline points="1313,2941 1358,2941 1403,2944 1448,2944 1493,2944 1537,2944 1582,2944 1627,2944 1672,2944 1717,2941 1761,2941 1806,2941 1851,2944 1896,2944 1941,2941 1985,2944 2030,2944 2075,2947 2120,2947 2164,2947 2209,2950 2254,2950 2299,2953 2344,2953 2388,2956 2403,2953"/><TextEquiv><Unicode>cédèrent, tous semblables entre eux; rien ne troublait</Unicode></TextEquiv></TextLine><TextLine id="r_1_tl_40" custom="readingOrder {index:40;}"><Coords points="1299,3018 2271,3025 2387,3015 2387,2978 1298,2968"/><Baseline points="1307,2995 1352,2998 1397,2998 1442,2998 1487,2998 1531,2998 1576,2998 1621,2998 1666,2998 1711,2998 1755,2998 1800,2998 1845,2998 1890,2998 1935,2998 1979,2998 2024,3001 2069,3001 2114,3001 2159,3004 2203,3004 2248,3004 2293,3007 2338,3007 2382,3007 2391,3004"/><TextEquiv><Unicode>ni n’égayait l’intérieur de cette vieille maison ; cha-</Unicode></TextEquiv></TextLine><TextLine id="r_1_tl_41" custom="readingOrder {index:41;}"><Coords points="1311,3064 2382,3080 2382,3030 2298,3014 1311,3015"/><Baseline points="1319,3051 1364,3051 1409,3051 1454,3051 1499,3051 1543,3051 1588,3051 1633,3051 1678,3051 1723,3051 1767,3051 1812,3051 1857,3051 1902,3054 1946,3054 1991,3054 2036,3054 2081,3054 2126,3057 2170,3057 2215,3057 2260,3060 2305,3060 2350,3060 2385,3057"/><TextEquiv><Unicode>que journée ramenait les mêmes occupations mono-</Unicode></TextEquiv></TextLine><TextLine id="r_1_tl_42" custom="readingOrder {index:42;}"><Coords points="1309,3111 2390,3119 2380,3071 1309,3059"/><Baseline points="1316,3105 1361,3105 1406,3105 1451,3105 1496,3105 1540,3105 1585,3105 1630,3105 1675,3105 1720,3108 1764,3108 1809,3108 1854,3108 1899,3108 1943,3108 1988,3108 2033,3111 2078,3108 2123,3111 2167,3111 2212,3111 2257,3111 2302,3114 2347,3111 2391,3114 2394,3114"/><TextEquiv><Unicode>tones; on échangeait presque les mêmes paroles à la</Unicode></TextEquiv></TextLine><TextLine id="r_1_tl_43" custom="readingOrder {index:43;}"><Coords points="1299,3169 2386,3168 2386,3123 1299,3130"/><Baseline points="1307,3159 1352,3159 1397,3162 1442,3162 1487,3162 1531,3162 1576,3162 1621,3165 1666,3162 1711,3162 1755,3162 1800,3162 1845,3165 1890,3165 1935,3165 1979,3165 2024,3165 2069,3165 2114,3162 2159,3162 2203,3162 2248,3162 2293,3162 2338,3162 2382,3162 2388,3162"/><TextEquiv><Unicode>même heure; ni amis, ni indifférents ne venaient</Unicode></TextEquiv></TextLine><TextLine id="r_1_tl_44" custom="readingOrder {index:44;}"><Coords points="1306,3229 2382,3231 2365,3172 1306,3180"/><Baseline points="1313,3213 1355,3216 1400,3216 1445,3216 1490,3219 1534,3216 1579,3219 1624,3219 1669,3219 1714,3219 1758,3219 1803,3219 1848,3219 1893,3219 1938,3219 1982,3216 2027,3216 2072,3216 2117,3213 2161,3216 2206,3213 2251,3213 2296,3213 2341,3213 2385,3207"/><TextEquiv><Unicode>visiter le frère et la sœur, absorbés dans leurs affaires</Unicode></TextEquiv></TextLine><TextLine id="r_1_tl_45" custom="readingOrder {index:45;}"><Coords points="1299,3277 2382,3277 2382,3231 1299,3244"/><Baseline points="1307,3266 1310,3269 1355,3269 1400,3272 1445,3272 1490,3272 1534,3272 1579,3272 1624,3272 1669,3272 1714,3272 1758,3272 1803,3272 1848,3272 1893,3272 1938,3269 1982,3269 2027,3269 2072,3269 2117,3266 2161,3266 2206,3263 2251,3263 2296,3263 2341,3263 2385,3263"/><TextEquiv><Unicode>et leurs soucis avares; d’ailleurs, il régnait autour</Unicode></TextEquiv></TextLine><TextLine id="r_1_tl_46" custom="readingOrder {index:46;}"><Coords points="1296,3327 2383,3335 2384,3274 1298,3280"/><Baseline points="1304,3326 1310,3326 1355,3326 1400,3326 1445,3326 1490,3326 1534,3329 1579,3326 1624,3329 1669,3326 1714,3326 1758,3326 1803,3326 1848,3326 1893,3323 1938,3323 1982,3320 2027,3320 2072,3317 2117,3317 2161,3314 2206,3314 2251,3314 2296,3314 2341,3317 2385,3323"/><TextEquiv><Unicode>d’eux un certain mystère qui éloignait l’intimité; nul</Unicode></TextEquiv></TextLine><TextLine id="r_1_tl_47" custom="readingOrder {index:47;}"><Coords points="1293,3381 2370,3388 2383,3335 1293,3355"/><Baseline points="1301,3380 1310,3380 1355,3380 1400,3383 1445,3383 1490,3383 1534,3383 1579,3383 1624,3383 1669,3380 1714,3380 1758,3380 1803,3380 1848,3377 1893,3377 1938,3374 1982,3371 2027,3371 2072,3368 2117,3368 2161,3368 2206,3368 2251,3368 2296,3368 2341,3371 2385,3371"/><TextEquiv><Unicode>ne connaissait leur situation de fortune, personne ne</Unicode></TextEquiv></TextLine><TextLine id="r_1_tl_48" custom="readingOrder {index:48;}"><Coords points="1311,3453 2386,3435 2386,3384 2176,3374 1313,3405"/><Baseline points="1319,3440 1358,3437 1403,3437 1448,3437 1493,3437 1537,3437 1582,3437 1627,3434 1672,3434 1717,3431 1761,3431 1806,3428 1851,3428 1896,3425 1941,3422 1985,3422 2030,3422 2075,3419 2120,3419 2164,3419 2209,3419 2254,3422 2299,3425 2344,3425 2388,3431"/><TextEquiv><Unicode>pénétrait ni dans le bureau de l’oncle Théodore, ni</Unicode></TextEquiv></TextLine><TextLine id="r_1_tl_49" custom="readingOrder {index:49;}"><Coords points="1293,3504 2382,3498 2370,3431 1295,3460"/><Baseline points="1301,3487 1310,3487 1355,3490 1400,3487 1445,3487 1490,3487 1534,3487 1579,3484 1624,3484 1669,3481 1714,3481 1758,3481 1803,3481 1848,3478 1893,3475 1938,3475 1982,3472 2027,3472 2072,3472 2117,3472 2161,3472 2206,3472 2251,3475 2296,3478 2341,3481 2385,3484"/><TextEquiv><Unicode>dans les chambres à coucher des deux vieillards; la</Unicode></TextEquiv></TextLine><TextLine id="r_1_tl_50" custom="readingOrder {index:50;}"><Coords points="1293,3550 2028,3531 2332,3563 2377,3498 1293,3504"/><Baseline points="1301,3544 1304,3544 1349,3544 1394,3544 1439,3544 1484,3544 1528,3541 1573,3538 1618,3538 1663,3535 1708,3535 1752,3532 1797,3532 1842,3529 1887,3529 1932,3529 1976,3526 2021,3526 2066,3526 2111,3526 2156,3526 2200,3529 2245,3532 2290,3529 2335,3532 2379,3541"/><TextEquiv><Unicode>Babeau même n’étendait pas jusque-là ses priviléges,</Unicode></TextEquiv></TextLine><TextLine id="r_1_tl_51" custom="readingOrder {index:51;}"><Coords points="1293,3608 2384,3604 2362,3547 1295,3557"/><Baseline points="1301,3598 1346,3598 1391,3598 1436,3598 1481,3595 1525,3595 1570,3592 1615,3589 1660,3589 1705,3589 1749,3586 1794,3586 1839,3586 1884,3586 1929,3583 1973,3580 2018,3583 2063,3583 2108,3583 2153,3583 2197,3583 2242,3586 2287,3589 2332,3592 2376,3595 2388,3598"/><TextEquiv><Unicode>et Olivier fut sévèrement grondé, parce qu’un jour il</Unicode></TextEquiv></TextLine><TextLine id="r_1_tl_52" custom="readingOrder {index:52;}"><Coords points="1296,3661 2372,3660 2373,3613 2321,3597 2090,3585 1298,3608"/><Baseline points="1304,3655 1346,3655 1391,3652 1436,3652 1481,3649 1525,3646 1570,3643 1615,3643 1660,3640 1705,3640 1749,3637 1794,3637 1839,3637 1884,3637 1929,3637 1973,3634 2018,3634 2063,3637 2108,3637 2153,3640 2197,3640 2242,3643 2287,3646 2332,3649 2376,3646"/><TextEquiv><Unicode>avait osé pénétrer dans l’appartement, bien clos d’or-</Unicode></TextEquiv></TextLine><TextLine id="r_1_tl_53" custom="readingOrder {index:53;}"><Coords points="1292,3718 1917,3699 1901,3647 1715,3664 1664,3647 1605,3672 1568,3654 1385,3675 1295,3660"/><Baseline points="1301,3705 1337,3705 1382,3702 1427,3702 1472,3699 1516,3696 1561,3696 1606,3696 1651,3693 1696,3690 1740,3690 1785,3690 1830,3687 1875,3687 1920,3687"/><TextEquiv><Unicode>dinaire, de son oncle Guilbert.</Unicode></TextEquiv></TextLine><TextLine id="r_1_tl_54" custom="readingOrder {index:54;}"><Coords points="1342,3762 2382,3765 2368,3712 2127,3700 1342,3714"/><Baseline points="1349,3756 1394,3756 1439,3753 1484,3753 1528,3750 1573,3750 1618,3747 1663,3747 1708,3744 1752,3744 1797,3744 1842,3744 1887,3744 1932,3744 1976,3747 2021,3747 2066,3747 2111,3750 2156,3753 2200,3753 2245,3753 2290,3756 2335,3756 2379,3756 2385,3756"/><TextEquiv><Unicode>Eulalie, quel que fût son courage, sentait poser sur</Unicode></TextEquiv></TextLine><TextLine id="r_1_tl_55" custom="readingOrder {index:55;}"><Coords points="1296,3821 2384,3812 2365,3762 1296,3783"/><Baseline points="1304,3816 1313,3813 1358,3813 1403,3810 1448,3807 1493,3804 1537,3804 1582,3801 1627,3801 1672,3798 1717,3798 1761,3798 1806,3798 1851,3798 1896,3798 1941,3798 1985,3801 2030,3804 2075,3807 2120,3807 2164,3810 2209,3810 2254,3810 2299,3810 2344,3807 2388,3807"/><TextEquiv><Unicode>elle tout le poids de cette vie de privations, de travail</Unicode></TextEquiv></TextLine><TextLine id="r_1_tl_56" custom="readingOrder {index:56;}"><Coords points="1293,3891 1644,3852 2384,3873 2384,3822 1293,3829"/><Baseline points="1301,3867 1313,3870 1358,3867 1403,3864 1448,3861 1493,3858 1537,3855 1582,3855 1627,3852 1672,3855 1717,3855 1761,3855 1806,3855 1851,3855 1896,3855 1941,3858 1985,3858 2030,3861 2075,3861 2120,3864 2164,3864 2209,3864 2254,3864 2299,3861 2344,3858 2388,3861"/><TextEquiv><Unicode>accablant et de mesquines vexations; elle souffrait</Unicode></TextEquiv></TextLine><TextLine id="r_1_tl_57" custom="readingOrder {index:57;}"><Coords points="1288,3934 2389,3923 2389,3875 1288,3893"/><Baseline points="1295,3920 1316,3920 1361,3920 1406,3917 1451,3914 1496,3911 1540,3911 1585,3911 1630,3908 1675,3911 1720,3911 1764,3911 1809,3911 1854,3911 1899,3914 1943,3914 1988,3917 2033,3917 2078,3917 2123,3917 2167,3914 2212,3914 2257,3911 2302,3911 2347,3911 2391,3908"/><TextEquiv><Unicode>surtout pour son fils, privé de jeu, d’exercice, vivant</Unicode></TextEquiv></TextLine><TextEquiv><Unicode></Unicode></TextEquiv></TextRegion></Page></PcGts>