2822 3966
1543 119 1617 189 68
494 177 1538 263 l’Ile-de-France était seul reconnu comme bon langage
494 265 1519 310 français, et que tous les autres dialectes étaient ré-
500 310 1538 370 putés jargons. Bon gré mal gré, la province payait
496 363 1526 425 déjà son tribut au minotaure de la centralisation pa-
487 411 680 478 risienne.
540 453 1526 521 Quesnes de Béthune fit partie de la brillante et inu¬
494 516 1526 570 tile croisade organisée de concert par Philippe-Au-
500 573 1531 632 guste et Richard Cœur-de-Lion. L’union de ces deux
503 612 1530 682 princes fut de courte durée. Philippe, malade de la
494 664 1529 727 fièvre et plus encore de sa jalousie contre Richard,
494 725 1533 781 s’empressa de revenir en France avec la plupart des
494 781 1533 830 chevaliers qui l’avaient suivi. Quesnes de Béthune
496 824 1535 880 était du nombre. Partout, on fut indigné de ce retour
491 875 1519 931 si prompt; on accusa les transfuges d’abandonner là
488 928 1526 985 chement la cause de Dieu. A cette occasion, messire
488 977 1531 1031 Hues d'Oisy, qui avait été le maître de Quesnes dans
482 1024 1531 1081 le grand art de rimer, composa contre son disciple
491 1078 1539 1129 une chanson satirique où le roi Philippe avait aussi sa
484 1127 1539 1185 bonne part. Les deux couplets suivants suffiront à
482 1183 1418 1238 donner une idée de cette pièce de circonstance :
583 1284 1304 1342 Maugré tous Saints et maugrè Dieu aussi,
587 1340 1286 1393 Revient Quesnes, et mal soit-il venant!
583 1391 1226 1443 Honni soit-il, lui et son prêchement,
583 1437 1238 1494 Et honni soit qui de lui ne dit : Fi
583 1469 1375 1546 Quand Dieu verra que son besoin est grand,
578 1522 1118 1602 Il lui faudra, car il lui a failli.
577 1599 1333 1678 Ne chantez plus, Quesnes, je vous en pri ;
583 1667 1302 1716 Votre chanson n’a plus rien d’avenant :
587 1715 1131 1767 Vous mènerez honteuse vie ici,
574 1740 1408 1812 Ne voulûtes pour Dieu mourir joyant (joyeux).
577 1810 1468 1864 Chacun vous compte avec les recréants (apostats),
582 1848 1152 1910 Et remanrez, avec vo roi, failli.
581 1899 1342 1946 Jà Seigneur Dieu, qui sur tous est puissant
578 1943 1245 2020 Du roi avant et de vous n’ait merci!
533 2057 1510 2105 Quesnes de Béthune ne tarda pas à prouver com-
475 2091 1523 2157 bien peu il méritait ces sanglants reproches. Il repar-
483 2156 1526 2227 tit pour la Terre-Sainte, et, comme nous avons eu
484 2204 1526 2272 occasion de le dire plus haut, se signala de la manière
482 2255 1313 2331 la plus brillante dans la croisade de 1204.
755 2486 1251 2573 AUDEFROY-LE-BASTARD.
529 2592 1529 2674 On a de ce trouvère, contemporain de Quesnes de
480 2664 1522 2740 Béthune, des espèces de romances ; en d’autres termes,
482 2721 1526 2779 de petits poèmes divisés par stances régulières, et
488 2771 1515 2833 contenant le récit d’une aventure sentimentale, sou¬
483 2827 1523 2889 vent même tragique. C’est un peu le genre des bal-
474 2876 1523 2942 lades allemandes ou écossaises; et, sous ce rapport,
475 2930 1538 3012 Audefroy nous semble occuper une place vraiment à
479 2977 1152 3039 part dans notre vieille littérature.
527 3012 1510 3087 La première de ces romances, composée de qua-
484 3076 1526 3143 torze couplets de cinq vers, avec un refrain après
484 3131 1526 3193 chaque couplet, est intitulée : Belle Isabeau. C’est
487 3180 1518 3254 une des meilleures, de l’avis même de Raynouard,
491 3226 1523 3317 qui ne se hasarde pas fréquemment à louer les pro-
484 3297 1159 3355 ductions de nos anciens trouvères.
529 3334 1510 3420 En voici l’analyse, accompagnée de quelques cita-
482 3373 615 3464 tions :
576 3489 1287 3581 Belle Isabeau, courtoise et bien apprise,
578 3547 1272 3643 Aima Gérard ; lui elle, en même guise.
1662 191 2670 264 Malheureusement, les parents de belle Isabeau la
1626 252 2669 313 marient contre son gré à un riche vavasseur, et,
1622 297 2653 370 fidèle à ses devoirs, elle conjure son ami de laban¬
1620 354 1791 426 donner:
1719 457 2385 523 « Ami Gérard, faites ma commandise,
1719 498 2454 554 R’allez-vous-en, si ferez grand’franchise...
1754 548 2387 609 Je vous commande au Créatour... »
1659 634 2658 704 Gérard, dans son désespoir, prend le parti de se
1622 693 2657 752 croiser pour la Terre-Sainte. Avant de s’éloigner pour
1617 742 2645 824 toujours, il veut voir encore une fois sa chère Isa-
1617 799 2662 871 beau, se rend chez elle et la trouve dans son verger,
1617 850 2421 935 occupée à se faire un bouquet de fleurs :
1770 937 2311 1022 La dame était par la verdour,
1770 1011 2340 1082 En un vergier cueillant la flour.
1659 1071 2661 1162 Mais laissons le poète terminer seul son récit. On
1617 1151 2658 1212 appréciera mieux, de cette manière, la piquante naï¬
1626 1201 2094 1282 veté de son vieux style :
1716 1290 2513 1362 «Dame, pour Dieu! fait Gérard sans feintise,
1715 1354 2529 1407 » D’outremer ai pour vous la voie emprise. »
1716 1401 2460 1456 Elle l’entend, mieux voudrait être occise ;
1749 1457 2278 1503 Et tant larmoie par douçour,
1754 1493 2447 1554 Qu’elle chaït (tomba) là sur l’herbour.
1716 1593 2338 1662 Son mari voit la folour entreprise;
1713 1641 2586 1708 Pour voir (pour vrai) cuida la dame morte gise...
1712 1680 2491 1760 Tant se hait et desprise
1762 1733 2315 1797 Qu’il perd sa force et sa vigour,
1749 1775 2315 1856 Et meurt de deuil en tel erroir.
1712 1845 2299 1942 De pâmison liève, par tel devise
1719 1926 2437 1972 Qu’elle fit faire au mort tout son servise.
1713 1964 2442 2022 Le deuil passé, Gérard par Sainte-Église
1760 2017 2532 2070 A fait de sa dame s’oissour (1) (sa femme),
1757 2053 2657 2116 Ce témoignent li ancissour (les ancêtres, les anciens),
1659 2149 2669 2215 C’est dans cette manière que sont composées les
1616 2215 2669 2273 autres romances d’Audefroy-le-Bastard : Belle Idoine,
1620 2262 2661 2322 Argentine, belle Emmelos, Béatrix, etc. Toutes nous
1617 2318 2669 2369 offrent de l’intérêt, du pathétique, et même très-peu
1617 2365 2660 2435 de mauvais goût. Audefroy-le-Bastard est peut-être le
1620 2424 2371 2496 meilleur de nos anciens chansonniers.
1704 2645 2591 2711 THIBAUT DE CHAMPAGNE OU DE NAVARRE.
1659 2748 2661 2812 Thibaut, comte de Champagne et roi de Navarre,
1620 2813 2662 2872 naquit, en 1201, de Thibaut, troisième du nom, et de
1617 2864 2669 2930 Blanche, fille de Sanchez-le-Sage, roi de Navarre. En
1617 2909 2660 2977 1234, par la mort de son oncle maternel, Sanche-le-
1620 2965 2664 3025 Fort, il hérita du royaume de Navarre, et sut le gou-
1620 3016 2674 3077 verner toujours avec une sagesse qui aurait dû lui
1620 3070 2665 3131 mériter le même surnom qu’à son beau-père. On
1622 3128 2648 3183 voit, par ses chansons, qu’il fit un voyage d’outre
1622 3181 2640 3226 mer. Il mourut à Pampelune, au mois de juin 1253.
1662 3227 2641 3287 La poésie de Thibaut est, pour ainsi dire, le trait
1622 3282 2665 3344 d’union littéraire du Nord et du Midi de la France, de
1616 3336 2669 3403 la langue d’oil et de la langue đ’oc. Elle a, comme
1617 3384 2658 3472 lui, un pied en Navarre et l’autre en Champagne;
1653 3559 1983 3641 (1) Du latin uxor.
