2840 4318
1216 180 1329 289 81
434 455 2078 614 PROMENADES DANS PARIS
831 680 1654 848 LE PALAIS DES THERMES.
645 1161 702 1233 I
377 1259 958 1341 LE PALAIS DES THERMES.
162 1378 1224 1448 Vers l’an 300 de l‘ère chrétienne, dans une île de la
115 1431 1212 1497 Seine, s’élevait une ville gauloise qui servait de capi-
115 1495 1212 1550 tale aux proconsuls romains. C’était, pour les vaincus
117 1548 1220 1615 un entrepôt commercial, et, pour les vainqueurs, un
123 1605 1210 1669 point stratégique d’où ils pouvaient surveiller les in-
117 1654 1212 1724 vasions du Nord, contenir les révoltes de l’intérieur,
119 1712 782 1765 et gouverner la Gaule Belgique.
162 1767 1214 1828 Lutèce, la ville entourée d’eau, occupait alors seu-
119 1818 1222 1894 lement l’ile de la Cité, et s’étendait entre la pointe
115 1876 1212 1939 actuelle de l’église Notre-Dame et la rue de Harlay-du¬
125 1931 1228 1998 Palais. A l’est, deux îles, alors couvertes d’arbres, la
123 1984 1216 2050 précédaient. C’étaient les îles appelées plus tard Saint-
125 2041 1212 2099 Louis et Louviers, dont la seconde n’existe plus aujour-
119 2090 1222 2156 d’hui. A l’ouest, deux îlots, qui ne furent réunis à la
117 2140 1222 2205 Cité que lors de la construction du Pont-Neuf, et sur
123 2193 1216 2256 lesquels s’élèvent aujourd’hui la place Dauphine et la
119 2248 1222 2320 statue de Henri IV, commandaient l’entrée de la ville.
174 2303 1218 2385 Voilà la Cité où loge le peuple, l’opprimé, le Gaulois
115 2353 1214 2434 soumis. Mais, sur la rive gauche de la Seine, presque
119 2422 1212 2486 au sommet du mont le plus élevé, et comme un burg
115 2473 1218 2531 allemand au-dessus de son village, se dresse un im¬
115 2531 1212 2588 mense palais ou plutôt, une autre ville, plus haute,
119 2578 1218 2641 plus grandiose, splendide comme une demeure royale
117 2637 1220 2705 et menaçante comme une forteresse. C’est la ville des
115 2682 1218 2762 conquérants à côté de la ville conquise. C’est le camp
117 2738 1220 2828 retranché où s’enferment les Césars qui viennent
117 2793 534 2858 gouverner la Gaule.
162 2846 1208 2920 Le palais des Thermes et ses dépendances s’éten¬
109 2901 1216 2961 daient au nord jusqu’à la Seine, et étaient bornés à
109 2959 1216 3026 l’est par une voie romaine qui venait d’Orléans, tra-
119 3016 1212 3077 versait Issy, passait près la Sorbonne et venait abou-
106 3067 1210 3139 tir à la Seine en suivant à peu près la direction de la
109 3122 1216 3190 rue Saint-Jacques ; à l’ouest, par un canal qui com¬
119 3178 1216 3237 mençait à la hauteur de la rue Saint-Benoît et rejoi¬
115 3229 1222 3294 gnait la Seine vers l’angle du quai Malaquais et de la
115 3282 1216 3346 rue des Petits-Augustins, aujourd’hui rue Bonaparte.
117 3339 1206 3419 Au midi, l’enceinte des bâtiments romains arrivait à
115 3378 639 3454 la hauteur du Panthéon.
162 3438 1214 3509 Cet espace renfermait, outre le palais lui-même, des
113 3487 1204 3575 cours, des jardins magnifiques baignés par la rivière
115 3552 1224 3626 un amphithéâtre, des souterrains, des portiques, des
117 3612 1206 3679 places, des Tours fortifiées, des aquedues qui ame-
115 3659 1208 3739 naient d’Arcueil l’eau pure et bienfaisante jusqu’au
115 3704 455 3782 palais du César.
162 3731 1214 3843 Ces constructions romaines subsistèrent longtemps
119 3823 1245 3898 et ne furent détruites que peu à peu. Des églises, des
340 3888 983 3964 VINGT-FINODIÈME ANNÉE. — N° III.
1310 1186 2406 1255 monastères, des habitations seigneuriales furent éle¬
1312 1233 2404 1319 vés sur leurs fondations mêmes. Aujourd’hui encore
1304 1288 2410 1364 il existe, à partir de la grande salle des Thermes, des
1308 1341 2140 1405 souterrains qu arrivent jusqu’à la Seine.
1353 1396 2402 1478 Mais, que l’on se reporte par l‘imagination à l‿épo¬
1308 1431 2412 1513 que gallo-romaine; que l’on revoie la ville et le pa¬
1300 1497 2416 1605 lais tels que nous venons de les esquisser rapidement
1302 1550 1601 1622 tout à l’heure.
1349 1609 2414 1681 C’est Julien l’Apostat qui règne sur les Gaules, au
1302 1673 2414 1744 nom de l’empereur Constance. Il habite avec son
1304 1722 2414 1792 épouse, Hélène, sœur de l’empereur, la villa des
1304 1785 2070 1841 palais, alors dans toute sa splendeur.
1349 1830 2414 1900 C’est là qu’il écrit ses premiers discours, car on
1300 1888 2408 1951 sait que Julien, surnommé l’Apostat à cause de son
1302 1943 2406 2011 abandon du christianisme, dans lequel il avait été
1302 1998 2410 2060 élevé, fut l’un des rhéteurs les plus célèbres de son
1302 2050 2406 2119 temps. Ses œuvres, écrites en grec, ont été conservées
1306 2103 2398 2181 et recueillies en volumes, et les savants leur accor-
1304 2160 2054 2219 dent une certaine valeur littéraire.
1349 2203 2408 2287 C’est de là qu’il domine les Gaules, toujours prêtes à
1300 2269 2410 2322 la révolte, et les Barbares du nord toujours débor¬
1302 2322 2408 2383 dant sur les frontières. C’est de là aussi qu’il ourdit
1304 2371 2402 2434 et mène les intrigues qui doivent lui donner la pour-
1308 2422 1609 2494 pre impériale.
1347 2482 2412 2547 En 360, il y fut proclamé Auguste par les légions
1302 2533 2402 2598 soulevées, qui enfoncèrent les portes du palais pour le
1302 2594 2385 2649 faire empereur. Les places et les cours furent enva
1302 2637 2406 2711 hies par les préloriens du César gaulois. Ce fut une
1302 2697 2402 2754 révolte comme à Rome au temps de la décadence.
1308 2756 2394 2817 Une fois proclamé, Julien attendit le résultat de l’évé-
1302 2809 2402 2862 nement, dans son palais fortifié, et envoya de Paris
1302 2850 2265 2922 ses adresses aux sénats de Rome et d’Athènes.
1349 2903 2402 2973 En 361, il quitta, pour n’y plus revenir, les Thermes
1304 2973 2400 3030 de Paris, comme on disait alors, car Julien venait de
1302 3018 2398 3075 donner pour la première fois, à la ville de Lutèce, le
1302 3075 2396 3131 nom de Paris. C’est lui qui y avait fait le plus long sé¬
1304 3131 2398 3194 jour. Valentinien Ier et Valens habitèrent après lui le
1308 3178 2391 3249 palais des Thermes; puis, les Barbares, enfin triom¬
1304 3241 2391 3307 phants, chassèrent des Gaules les légions romaines,
1304 3294 2398 3346 et ce furent des rois francs qui prirent possession de
1296 3346 1830 3419 l’immense villa de Julien.
1349 3399 2391 3460 Tous nos rois de la première race y habitèrent.
1308 3446 2396 3509 C’est là que régna Clovis et que les rois fainéants
1302 3499 2385 3571 laissèrent gouverner ces ministres puissants qui fu¬
1296 3557 2404 3628 rent appelés Maires du palais. Peut-être la grandeur
1308 3614 2398 3675 et les fortifications de l’édifice dont ils avaient l‘inten-
1304 3665 2398 3720 dance, furent-elles pour beaucoup dans la puissance et
1296 3718 2400 3788 l’élévation de ces serviteurs, devenus bientôt les maî-
1300 3778 2391 3829 tres. En effet, dès qu’ils avaient les clefs des Tours
1302 3825 2398 3886 et l’affection des soldats, qu’avaient-ils à faire pour
