2897 4318
1262 232 1370 327 105
583 316 850 412 MĪTHODE
336 454 1082 513 A LA PORTÉE DES INSTITUTEURS PRIMAIRES
542 544 888 624 Pour enseigner aux
452 599 974 724 SOURDS-MUETS
190 714 1245 784 LA LANGUE FRANÇAISE SANS L'INTERMÉDIAIRE DU LANGAGE
601 759 825 842 DES SIGNES.
465 854 954 940 Par J. VALADE-GABEL (1).
194 1040 1266 1118 La plupart des enfants sourds-muets, doués comme
153 1104 1266 1173 les enfants ordinaires de toutes les qualités du cœur
153 1161 1266 1235 et de l’intelligence, restent sans aucune instruction ;
153 1211 1259 1290 leur ignorance jointe à leur infirmité les sépare pour
156 1264 1263 1326 toujours de la société, au sein de laquelle ils demeu¬
153 1321 1267 1391 rent comme étrangers, et pour laquelle ils ne sont
162 1381 1259 1446 qu’une charge. Ces pauvres créatures qui ne diffèrent
166 1430 1253 1495 pourtant de nous que par la surdité, sont donc d’a¬
162 1488 1253 1536 vance condamnées à la mendicité, à la misère, à l’iso¬
148 1534 614 1606 solement, à l’inutilité.
200 1592 1253 1645 On compte en France plus de trente mille sourds-
148 1647 1250 1713 muets, appartenant presque tous aux classes pauvres
153 1700 1250 1765 et laborieuses. Bien peu obtiennent une bourse pour
149 1765 1259 1821 une des institutions spéciales; les autres grandissent
150 1825 1260 1874 comme les animaux, sans une idée religieuse, sans
149 1862 1253 1942 une idée morale, ayant à peine conscience de l’âme
149 1918 1259 1992 qui les distingue de la brute. Ils arrivent à l’âge
150 1975 1253 2037 d’homme sans profession manuelle, et sans avoir
146 2018 1245 2095 reçu aucun enseignement qui les détourne de com-
140 2089 1249 2157 mettre les fautes et les délits que les lois punissent,
146 2130 1253 2204 car ils n’entendent pas leurs parents et n‘en sont
146 2195 1250 2263 point compris. Les écoles primaires leur sont fermées,
148 2247 1252 2314 ou s’ils y sont admis, ils y restent inactifs, en butte
142 2297 1248 2365 aux moqueries et à la malveillance de leurs compa-
148 2348 1215 2422 gnons; La Fontaine l’a dit : L’enfance est sans pitié.
188 2398 1250 2471 Pour éveiller en eux le sentiment religieux, pour
145 2452 1255 2528 faire sortir leur âme des ténèbres qui l’enveloppent
146 2516 1245 2592 et l’élever vers Dieu, pour leur donner conscience de
146 2556 1246 2644 leur dignité d’homme, et leur faire prendre rang
140 2618 1248 2693 dans la société dont ils peuvent devenir des membres
140 2686 1243 2750 utiles, que fallait-il ? Un livre qui mît tous les insti¬
142 2727 1242 2799 tuteurs primaires en état de les instruire en même
143 2773 1239 2858 temps que les autres enfants, sans avoir à se créer
135 2828 1245 2903 une méthode. Ce livre, le voici ! Clair, simple, tel
140 2884 1239 2963 enfin que toute personne ayant un noble cœur et quel¬
138 2952 1242 3015 que instruction peut, en le consultant, instruire un
133 2994 398 3067 sourd-muet.
187 3046 1235 3122 L’auteur se montre trop modeste quand il n’ac¬
135 3115 1238 3177 cepte pas sans restriction les éloges décernés à son
145 3156 1234 3233 ouvrage dans la cinquième assemblée générale an¬
136 3216 1234 3295 nuelle de la Société centrale d’Education et d‘Assis¬
143 3261 1238 3342 tance pour les sourds-muets. En disant qu’il a traité
146 3317 1239 3403 avec une supériorité remarquable la question de l’en-
146 3366 1241 3459 seignement des sourds-muets dans une savante
149 3418 1238 3496 théorie, en même temps qu’il en a développé les con¬
140 3465 1241 3572 ditions les plus pratiques, le président de la Société
136 3515 769 3605 n’a fait que lui rendre justice.
181 3587 1242 3661 Peu de personnes ont la possibilité de sacrifier leur
133 3638 1236 3726 temps et leurs intérêts à l’infortune d’autrui; pour se
181 3796 1238 3883 (1) Chez Dezobry et Magdeleine, rue du Cloître-Saint-Be¬
139 3843 305 3912 noit, 10.
1356 318 2485 396 dévouer, il faut n’avoir à rendre compte à personne de
1366 403 2476 465 ses sacrifices. Tout homme ayant charge de famille se
1363 454 2471 513 doit à elle avant de se devoir aux autres, et ce n’est
1353 507 2470 568 pas chose facile que d’inventer une méthode d‘ins¬
1353 563 2456 624 truction exceptionnelle, quand on est dépourvu des
1353 622 2466 686 éléments nécessaires. De là vient sans doute l’absence
1363 687 2466 752 presque totale de sympathie que les sourds-muets ont
1354 743 2463 799 rencontrée jusqu’à ce jour dans les écoles autres que
1353 787 2463 850 les écoles spéciales. Le livre de M. Valade-Gabel
1356 837 1939 909 aplanit toutes les difficultés.
1395 898 2456 954 Ancien professeur de l’Institution impériale des
1353 946 2448 1021 Sourds-Muets de Paris, et ancien directeur de l’Insti¬
1346 989 2450 1080 tution impériale des Sourds-Muets de Bordeaux,
1346 1047 2452 1135 M. Valade-Gabel a passé un grand nombre d’années
1346 1117 2445 1183 au milieu des jeunes sourds-muets, et son livre est
1347 1158 2450 1232 le fruit de toute une vie de méditations et d’études
1347 1231 2446 1294 consciencieuses sur l’éducation et l‘instruction de
1349 1284 2435 1350 ces intéressants enfants. C’est l’œuvre d’un observa-
1353 1322 2445 1395 teur profond et d’un spécialiste habile, l’œuvre d‘un
1349 1368 2449 1460 homme de cœur et de haute intelligence. Qu’il connaît
1353 1435 2442 1499 bien l’enfant sourd-muet! Quiconque élèvera quel¬
1353 1489 2448 1575 qu’un de ces malheureux reconnaîtra la justesse de
1342 1540 1579 1600 son esprit.
1387 1595 2448 1666 M. Valade-Gabel, qui occupe les loisirs de sa retraite
1342 1642 2443 1720 à faire élever sous ses yeux des muets appartenant à
1342 1699 2443 1772 des familles riches, n’oublie pas les pauvres et les
1342 1758 2401 1817 délaissés; c’est pour eux qu’il a publié sa méthode.
1383 1812 2448 1881 Sous cette dénomination de pauvres et de délaissés
1350 1856 2446 1937 il faut comprendre aussi les enfants de la campagne
1340 1932 2432 1992 qui entendent si peu la langue française, et les su¬
1349 1980 2435 2037 jets peu intelligents qui apprennent par cœur la
1347 2030 2435 2096 grammaire sans en comprendre un mot. Il y aura
1347 2086 2432 2154 pour eux joie et profit à se joindre aux jeunes sourds¬
1342 2138 2432 2193 muets admis dans les écoles primaires, pour pren¬
1345 2189 2425 2249 dre les leçons de langue française de M. Valade-
1347 2241 2429 2303 Gabel. Elles les instruiront sans fatiguer leur esprit
1345 2303 2432 2360 paresseux, et seront pour eux comme pour les sourds¬
1335 2369 2418 2421 muets, autant un jeu qu’un travail. Ces leçons, prise
1339 2412 2435 2478 en commun par les enfants doués de l’intégrité de
1333 2462 2436 2528 leurs sens et les enfants déshérités, exciteront entre
1335 2519 2429 2577 eux une grande émulation, établiront une égalité qui
1332 2567 2429 2629 relèvera les sourds-muets à leurs propres yeux et à
1339 2620 2421 2689 ceux de leurs compagnons. Les enfants à intelligence
1339 2682 2429 2747 paresseuse quoique entendant et parlant, ne voudront
1332 2730 2424 2802 pas se montrer inférieurs à de pauvres êtres incom¬
1339 2779 2426 2847 plets, et le bonheur que les sourds-muets éprouve¬
1329 2841 2424 2901 ront à se sentir au niveau de leurs émules, bonheur
1332 2893 2419 2955 qui à chaque succès débordera de leurs cœurs en pe¬
1329 2953 2426 3017 tits cris joyeux et en regards étincelants, nous est un
1332 3002 2424 3060 sûr garant des efforts qu’ils feront pour ne pas se
1329 3054 1689 3121 laisser surpasser.
1371 3099 2418 3161 Dans les villes le livre de M. Valade-Gabel sera
1326 3157 2414 3222 bientôt répandu, mais dans les villages en sera-t-il
1324 3217 1553 3288 de même ?
1371 3257 2411 3326 Tous les maires de campagne qui ont dans leur
1329 3319 2404 3380 commune des enfants affligés de surdi-mutité de-
1335 3358 2418 3441 vraient en doter leur école communale; il y serait une
1335 3423 2417 3501 providence pour ces infortunés et serait en même
1328 3470 2411 3552 temps une source de consolation pour leur famille.
1326 3535 2422 3597 N’y aurait-il qu’un muet dans leur village, c’est
1332 3567 2400 3663 une âme à sauver, un homme à former, une exis-
1324 3639 2412 3711 tence misérable et désolée à transformer en vie pai¬
1325 3680 2414 3765 sible et utile, une créature comme nous, faite à
1326 3729 2407 3810 l’image de Dieu, à rendre à la grande famille hu¬
1326 3801 2411 3874 maine; la chose n’est-elle pas assez importante pour
1324 3851 2081 3941 mériter la sollicitude de l’autorité?
