2822 3966
1507 197 1668 276 — 166
1156 425 2042 594 PABMEWVOER
527 892 1545 965 Dans la prison de Francfort sur le Mein, deux géô¬
482 946 1552 1022 liers, Bloum et Trim, devisaient en attendant que
481 1013 1549 1069 sonnât l’heure d’ouvrir aux prisonniers français la
490 1056 1549 1123 porte de leurs cellules, pour leur promenade au préau.
485 1108 1540 1180 Ces messieurs, non contents de tenir leurs prison¬
483 1160 1544 1231 niers sous clef, se permettaient encore de mordre sur
483 1225 1545 1280 eux à belles dents, à propos de ce qu’ils appelaient
481 1250 924 1342 leur sotte délicatesse.
525 1323 1548 1390 « A leurs façons, disait Trim, on les prendrait pour
482 1363 818 1432 des Rhingraves!
564 1414 1540 1492 — Prétendre que leur estomac n’est point accou¬
481 1472 1544 1545 tumé à une nourriture aussi grossière, reprenait
475 1531 1514 1597 Bloum, mein Gott! on leur fera rôtir des ortolans.
583 1583 1545 1658 Je suis sûr que, dans leur pays, ça mangeait
481 1624 1216 1700 plus de pain dur que de pain mollet.
594 1680 1538 1746 Cela fait pitié, ma parole d’honneur ! s’ils
471 1710 1225 1800 avaient un peu lu les philosophes!...
579 1783 1549 1862 Oui; ils sauraient que les prisonniers de guerre
471 1834 1534 1908 ne doivent point se permettre d’élever la voix devant
463 1884 1540 1963 leurs vainqueurs; car, enfin, mein herr Bloum, nous
464 1932 994 2006 sommes leurs vainqueurs.
564 1993 1538 2060 Mais je m'oublie dans votre agréable conversa¬
466 2043 1529 2125 tion, mein herr Trim ; l’heure de la promenade s’é¬
472 2094 1531 2200 coule; donnons la volée à ces oiseaux braillards et
459 2144 731 2209 plaignards. »
504 2205 1540 2262 Aussitôt fait que dit; hors une, les portes des cel¬
459 2241 1523 2324 lules furent ouvertes, et, pour continuer la méta¬
460 2314 1538 2379 phore de M. Bloum, nos pauvres prisonniers s'en élan¬
459 2363 1535 2431 cèrent, comme autant d’oiseaux avides d‛espace et
460 2409 666 2480 d’air pur.
512 2476 1534 2539 « Géôliers de l’enfer ! s'écria mons Cistac, l‘un
463 2505 1534 2597 d’entre eux, avec un account qui sentait fortement les
457 2567 1531 2659 bords de sa Garonne, savez-vous que vous êtes en
456 2623 1529 2698 retard de six minutes pour le moins ! On n’a par jour
467 2676 1534 2767 qu'une pauvre heure pour se dégourdir les jambes et
470 2733 1534 2819 voir un coin du ciel bleu, et vous avez la barbarie
453 2784 1014 2846 d'en subtiliser un dixième !
542 2842 1533 2921 — Pas de gros mots, monsieur le Gascon, répliqua
455 2878 1458 2966 Bloum qui ne comprenait point le mot subtiliser.
508 2946 1529 3029 — Je me plaindrai ! nous nous plaindrons ! s'écriè¬
438 3002 1533 3093 rent Cistac et les autres prisonniers en chœur. C'est
451 3049 1535 3149 honteux ! D’ailleurs, poursuivit Cistac, nous sommes
451 3108 1521 3196 plus mal logés que des assassina, et nourris comme
453 3159 954 3226 des animaux immondes !
487 3222 1519 3294 — Par exemple ! fit Trim remarquablement scan¬
453 3260 1526 3347 dalisé; n’avez-vous pas des pommes de terre (1) moel¬
457 3300 1236 3390 leuses, dorées, enquises, et à volonté?
558 3361 1521 3488 En France, fit Cistac avec dégoût, nous donne¬
440 3380 957 3515 rions cela aux pourceaux.
487 3581 1514 3693 (1) Ainsi qu'on le verra à la fin de cet article, la pomme
441 3647 1522 3748 de terre ne s'est ainsi appelée que depuis sonofrtuetion
446 3689 938 3762 en France par Parmentier.
1726 901 2705 990 - En France, vous n'avez pas le sens commun, dit
1628 957 2223 1033 Bloum d’un ton sentencieux.
1712 1014 2046 1090 — Répétez donc !
1721 1066 2702 1146 - Ne frappez pas! Si vous frappaz, quinze jours
1623 1115 2124 1188 aux fers; c’est la règle.
1741 1177 2428 1244 Oh ! fit Cistac rongeant son frein.
1677 1236 2699 1311 — Messieurs, le préau est ouvert et l’heure s’écoule,
1631 1267 1828 1338 dit Trim.
1669 1339 2695 1402 — Allez-vous-en, reprit le Gascon, vos vilaines fi¬
1624 1391 2698 1463 gures nous gâteraient ce moment de répit. Est-ce que
1631 1437 2694 1535 la règle m’oblige à vous trouver jolis garçons? ajouta¬
1628 1489 2427 1564 t-il à un mouvement des deux geôliers.
1729 1540 2676 1617 Où donc est Parmentier? demanda quelqu’un.
1722 1613 2690 1681 Sa porte est fermée! s'écria Cistac. Dire que,
1621 1640 2697 1730 chaque jour, si l’on n’y prenait garde, ils oublieraient
1617 1708 2687 1774 l'un de nous dans son antre! Entendez-vous, bour¬
1623 1766 2698 1834 reaux? ce ne sont plus six, mais vingt minutes d’air
1625 1808 2679 1898 pur que vous avez volées à notre camarade de mi¬
1619 1858 1772 1922 sère ! »
1665 1913 2669 1987 Puis, la cellule de Parmentier ayant été ouverte :
1665 1972 2679 2039 « Écoutez mes paroles et retenez-les, continua Cis¬
1616 2015 2680 2094 tac aux geôliers, si, en guise de pain, vous nous ap¬
1621 2075 2686 2151 portez encore de vos détestables racines, je me fais
1612 2136 2679 2200 fort de les aplatir toutes sur vos places figures. J’aidit! »
1663 2182 2684 2260 Et d’un geste impérieux il désigna la porte aux geô¬
1616 2224 2684 2301 liers, qui sortirent médiocrement émus de son speech.
1665 2279 2693 2362 Cependant, Parmentier ne paraissant point, on
1606 2330 1812 2399 l'appelle.
1661 2396 2433 2461 « Dormez-vous ? » lui fut-il demandé.
1661 2439 2683 2510 Parmentier répondit en venant serrer la main de ses
1617 2488 2126 2559 compagnons d’in fortune.
1658 2547 2686 2624 « Il rêvait d’horisons sans bornes et de longues
1609 2590 2682 2695 étaues, dit un jeune prisonnier nommé Armand ; de
1617 2657 2488 2716 quoi rêver en prison, si ce n'est de liberté?
1695 2716 2682 2792 - Oh ! ces poètes ! fit Mailloche, un autre prisonnier.
1661 2770 2672 2834 — Je parie, reprit Cistac, que Parmentier se re¬
1617 2818 2684 2875 voyait dans son Paris crotté, dont les milliers de voix
1605 2872 2679 2925 lui glapissaient aux oreilles leurs cris divers et dis¬
1605 2916 1810 2987 cordants.
1718 2959 2275 3045 Ou dans sa fertile Picardie.
1657 3012 2675 3094 — Messieurs, messieurs , dit Mailloche, il ne nous
1608 3082 2675 3153 restera pas le temps de faire deux fois le tour du
1619 3134 1749 3219 préau.
1712 3157 2672 3255 C’est que, mon cher Mailloche, fit Parmentier
1605 3247 2675 3308 d'un ton doux et grave, pour les prisonniers, de tous
1605 3296 2665 3358 les besoins, l'épanchement du cœur est encore le be¬
1605 3341 2672 3402 soin le plus impérieux. Mais, allez, mes amis, allez
1608 3396 2661 3479 secouer au grand air les miasmes humides du cachot;
1602 3449 1914 3528 je vous suis. »
1653 3478 2663 3573 Le silence ne s'était pas refait autour de Parmen¬
1598 3571 2664 3632 tier, que, déjà, s’était renoué le fil mystérieux de ses
1601 3613 1785 3686 pensées.
1647 3662 2659 3731 « Quel terrain lui peut être propre ? murmurait-il;
1602 3728 2667 3802 quelle culture peut-elle exiger ? quelle est, au juste,
