2897 4318
1212 229 1364 324 193
432 522 2078 667 PROMENADES DANS PARIS
579 1044 1931 1153 MUSÉES DES THERMES ET DE L'HOTEL CLUNY.
1071 1247 1450 1366 (Deuxième article.)
644 1494 702 1524 II
465 1534 854 1636 L'HOTEL CLUNY.
143 1634 1210 1736 Maintenant, voici, rue des Mathurins-Saint-Jacques,
96 1726 1210 1785 un délicieux hôtel brodé, taillé, déchiqueté comme
94 1777 1204 1845 du point d’Alençon. Le mur qui borde la rue est cré¬
94 1830 1200 1904 nelé ; le portail gothique est décoré de riches sculp¬
94 1884 1200 1957 tures. Trois corps de bâtiments, couronnés de gar¬
98 1939 1198 2002 gouilles grimaçantes, enserrent la cour. Une tourelle,
98 1990 1202 2050 àpans coupés semés d’attributs et de coquilles de pè¬
98 2041 1212 2109 lerins, s’élève à peu près au milieu du corps de logis
104 2101 1204 2168 principal. Une galerie fouillée à jour court le long
102 2152 1206 2209 des corniches ; de hautes lucarnes richement brodées
98 2209 1202 2267 se détachent sur le toit d’ardoise comme des bijoux de
102 2256 762 2318 Benvenuto sur un fond d’émail.
147 2305 541 2373 C’est l’hôtel Cluny.
137 2369 1202 2439 Jadis ce fut un palais abbatial; aujourd’hui c’est un
88 2408 254 2486 musée.
147 2473 1202 2541 L’hôtel Cluny s’élève, comme nous l’avons dit, sur
102 2525 1204 2592 des fondations romaines. Il recouvre une partie des
98 2582 1206 2645 restes du palais des Thermes et loge une de ses cours
94 2631 1190 2703 dans une salle antique dont la couverture n’a été en¬
90 2678 459 2754 levée qu’en 1737.
135 2744 1188 2826 Pierre de Chalus, abbé de Cluny, acheta en 1340,
86 2805 1192 2864 pour le compte de son ordre, le palais des Thermes
82 2856 1179 2924 et les dépendances qui étaient incluses dans la nou¬
86 2907 1181 3004 velle enceinte de Paris, dite enceite de Philippe¬
78 2955 266 3026 Auguste.
119 3008 1179 3077 Mais ce ne fut qu’un siècle plus tard, et par les or¬
78 3063 1190 3141 dres de Jean de Bourbon, abbé de Cluny, et fils de
78 3127 1183 3198 Jean 1er, duc de Bourbon, que l’hôtel Cluny s’éleva
72 3196 1171 3266 sur les ruines du palais romain. Encore ne fut-il ter¬
70 3237 1179 3319 miné que vers 1510 ou 1515, sous Jacques d’Amboise,
72 3296 1179 3378 successeur de Jean de Bourbon, et depuis évêque de
78 3333 297 3399 Clermont.
123 3401 1173 3473 « Cet abbé consacra, dit Pierre de Saint-Julien, cin¬
74 3448 1181 3530 » quante mille angelots, provenant des dépouilles
76 3501 1179 3585 » du prieur de Leuve en Angleterre, à l’édification de
76 3554 1173 3647 » fond en cime de la magnifique maison de Cluny
70 3616 1104 3694 » au dit lieu, jadis appelé le palais des Thermes.»
109 3663 1173 3749 L’ordre de Cluny, un des plus riches de France,
63 3728 1173 3810 avait son abbaye située dans le Mâconnais. Il fut
70 3767 1165 3862 fondé au dixième siècle par Guillaume le Pieux, duc
72 3819 844 3905 d'Aquitaine, et Louis IV d' Outre-Mer.
262 3892 930 3986 VINGT-CINQUIÈME ANNÉE — N° VII.
1335 1470 2379 1538 Les abbés de Cluny relevaient directement des pa¬
1296 1519 2385 1601 pes. Ils tenaient sous leuroreungoreungungung'stion un grand nom¬
1290 1591 2385 1646 bre de monastères et avaient rang parmi les princes
1290 1630 1525 1701 de l'Eglise
1331 1687 2379 1753 Pour loger des princes de ce monde devenus prin¬
1290 1722 2381 1806 ces de l’Eglise, comme Jean de Bourbon et Jacques
1292 1790 2379 1873 d’Amboise, ce n’était pas trop d’un palais brodé d‘é¬
1290 1855 2383 1919 cussons et d’armoiries. L’hôtel Cluny était la maison
1298 1902 2385 1972 de ville des abbés quand ils venaient à Paris. Mais ils
1298 1953 2373 2029 y venaient rarement et seulement dans des circon¬
1292 2015 2369 2084 stances graves. Pendant leur absence, l’hôtel Cluny
1286 2066 2375 2129 servit successivement de résidence aux hôtes les plus
1290 2117 2373 2179 illustres. Tantôt ce furent des reines douairières qui
1290 2168 2357 2242 vinrent y passer le temps de leur deuil, tantôt de
1290 2228 2373 2289 rois en voyage qui l’habitèrent pendant leur séjour
1282 2281 2371 2346 en France, tantôt des prétendants ou de puissants
1282 2330 2371 2398 conspirateurs, des ambassadeurs, des légats, des pré¬
1282 2377 1380 2445 lats.
1331 2437 2369 2506 La reine Marie d’Angleterre, sœur du terrible
1282 2480 2369 2566 Henri VIII et veuve du bon Louis XII, fut la première
1284 2545 2363 2609 habitante de l’hôtel Cluny. Elle s’y établit dès le com¬
1274 2600 2363 2658 mencement de l’année 1515, et peu après la termi¬
1276 2654 2373 2721 naison des travaux. Louis XII venait de mourir, et
1271 2695 2369 2789 Francois 1er qui montait sur le trône, veilla lui-même
1274 2750 1654 2826 à son installation.
1312 2819 2367 2914 « Ledict sieur roy donna ordre, » dit Jean Barillon,
1267 2905 2363 2975 secrétaire du Cardinal Duprat, « que la royne Marie,
1265 2959 2363 3024 » veufve du roi Louis dernier, décédé, fust honora¬
1269 3010 2363 3075 » blement entretenue; laquelle royne se veint loger
1269 3065 2365 3135 » en l’hostel de Cluny, et le dict sieur roy la visitait
1261 3116 2355 3188 » souvent et faisait toutes gracieusetés qu’il est pos¬
1261 3170 1628 3258 » sible de faire. »
1302 3247 2353 3313 La chambre à coucher de la reine Marie a repris
1261 3294 2348 3362 aujourd'hui son ancien aspect. La tradition l’appelle
1261 3348 2346 3419 la chambre de la reine Blanche, parce que Marie d’An¬
1263 3411 2351 3487 gleterre y garda toujours le deuil, et que les reines
1255 3458 2035 3524 de France portaient le deuil en blanc.
1302 3511 2338 3583 A la reine Marie succéda le roi d'Écosse Jacques V,
1267 3577 2346 3640 qui habita l’hôtel Cluny pendant son séjour à Paris,
1255 3632 2351 3694 lorsqu'il y vint épouser Madeleine de France, fille de
1259 3679 1511 3759 François Ier,
1296 3716 2338 3788 « Le dimanche, dernier de décembre 1536, dit
1251 3776 2338 3851 » Pierre Bonfons, Jacques, roi d'Écosse, fit son entrée
1251 3825 2336 3933 » à Paris et vint loger en l'hostel de Cluny lès Mathu¬
