<?xml version="1.0" encoding="UTF-8" standalone="yes"?><PcGts xmlns="http://schema.primaresearch.org/PAGE/gts/pagecontent/2013-07-15"><Metadata><Creator>prov=READ-COOP:name=TrHtr:version=2.42.0:model_id=356425:date=29_04_2026_12:04</Creator><Created>2026-04-28T14:17:55.935123</Created><LastChange>2026-06-20T13:23:31.432+02:00</LastChange><TranskribusMetadata docId="14756063" pageId="115166661" pageNr="103" userId="187713" imgUrl="https://files.transkribus.eu/Get?fileType=view&amp;id=ZPUYKUOUIBEAOMGQDIFGOYIC" imageId="97254112"/></Metadata><Page imageFilename="115166661.jpg" imageWidth="2840" imageHeight="4318"><TextRegion id="tr_1777378723" custom="readingOrder {index:0;} structure {type:page-number;score:0.99;}"><Coords points="1204,234 1309,234 1309,312 1204,312"/><TextLine id="tr_1777378723_tl_1" custom="readingOrder {index:0;}"><Coords points="1221,317 1235,320 1247,313 1263,326 1284,306 1288,310 1322,305 1323,263 1298,263 1276,245 1270,249 1248,243 1234,252 1224,249"/><Baseline points="1230,292 1236,292 1281,292 1325,289"/><TextEquiv><Unicode>89 -</Unicode></TextEquiv></TextLine><TextEquiv><Unicode></Unicode></TextEquiv></TextRegion><TextRegion id="tr_1777378722" custom="readingOrder {index:1;} structure {type:heading;score:0.99;}"><Coords points="837,505 1706,505 1706,661 837,661"/><TextLine id="tr_1777378722_tl_1" custom="readingOrder {index:0;}"><Coords points="878,623 1629,632 1656,622 1655,551 1572,531 1491,570 1420,546 1377,566 1234,532 961,566 876,542"/><Baseline points="886,609 931,612 976,612 1021,609 1066,612 1110,615 1155,615 1200,615 1245,615 1290,618 1334,621 1379,618 1424,618 1469,618 1513,618 1558,618 1603,618 1648,621 1660,618"/><TextEquiv><Unicode>Revue Musicale.</Unicode></TextEquiv></TextLine><TextEquiv><Unicode></Unicode></TextEquiv></TextRegion><TextRegion id="tr_1777378721" custom="readingOrder {index:2;} structure {type:paragraph;score:0.99;}"><Coords points="58,725 1266,725 1224,3706 70,3694"/><TextLine id="tr_1777378721_tl_1" custom="readingOrder {index:0;}"><Coords points="147,809 1214,809 1179,770 147,756"/><Baseline points="155,809 200,809 244,809 289,809 334,812 379,812 424,812 468,812 513,812 558,812 603,809 647,809 692,806 737,806 782,806 827,806 871,809 916,809 961,809 1006,809 1051,812 1095,812 1140,812 1185,809 1218,809"/><TextEquiv><Unicode>Le Trouvère, opéra en quatre actes de Verdi, a été repré-</Unicode></TextEquiv></TextLine><TextLine id="tr_1777378721_tl_2" custom="readingOrder {index:1;}"><Coords points="99,869 1220,871 1220,818 99,830"/><Baseline points="107,854 152,857 197,857 241,857 286,857 331,857 376,860 421,860 465,860 510,860 555,860 600,860 645,857 689,854 734,854 779,854 824,854 868,854 913,857 958,857 1003,857 1048,857 1092,857 1137,857 1182,857 1224,860"/><TextEquiv><Unicode>senté ce mois-ci sur notre grande scène Lyrique, avec un</Unicode></TextEquiv></TextLine><TextLine id="tr_1777378721_tl_3" custom="readingOrder {index:2;}"><Coords points="105,918 1217,914 1217,875 105,869"/><Baseline points="113,904 158,904 203,904 247,904 292,904 337,907 382,907 427,907 471,907 516,907 561,907 606,904 650,904 695,904 740,901 785,901 830,901 874,901 919,901 964,904 1009,904 1054,904 1098,904 1143,904 1188,904 1221,910"/><TextEquiv><Unicode>succès auquel le maestro est accoutumé depuis longtemps.</Unicode></TextEquiv></TextLine><TextLine id="tr_1777378721_tl_4" custom="readingOrder {index:3;}"><Coords points="105,961 1221,968 1221,928 1058,915 105,918"/><Baseline points="113,952 158,952 203,952 247,955 292,955 337,955 382,955 427,955 471,955 516,955 561,955 606,955 650,955 695,952 740,952 785,952 830,952 874,952 919,952 964,952 1009,952 1054,952 1098,952 1143,955 1188,952 1224,955"/><TextEquiv><Unicode>C’est toujours une tâche périlleuse pour un traducteur, que</Unicode></TextEquiv></TextLine><TextLine id="tr_1777378721_tl_5" custom="readingOrder {index:4;}"><Coords points="105,1005 1214,1019 1189,968 959,956 105,973"/><Baseline points="113,1000 158,1000 203,1000 247,1003 292,1003 337,1003 382,1003 427,1003 471,1006 516,1006 561,1006 606,1003 650,1003 695,1003 740,1003 785,1000 830,1000 874,1000 919,1000 964,1003 1009,1000 1054,1003 1098,1003 1143,1003 1188,1000 1218,1003"/><TextEquiv><Unicode>de transcrire, en vers français, un libretto italien chanté par</Unicode></TextEquiv></TextLine><TextLine id="tr_1777378721_tl_6" custom="readingOrder {index:5;}"><Coords points="109,1063 1219,1058 1219,1023 1110,1012 109,1009"/><Baseline points="116,1048 161,1051 206,1051 250,1051 295,1051 340,1051 385,1051 430,1054 474,1054 519,1054 564,1054 609,1051 653,1051 698,1051 743,1051 788,1051 833,1051 877,1051 922,1051 967,1051 1012,1051 1057,1051 1101,1051 1146,1051 1191,1051 1221,1051"/><TextEquiv><Unicode>les premiers artistes de la salle Ventadour. Cette langue</Unicode></TextEquiv></TextLine><TextLine id="tr_1777378721_tl_7" custom="readingOrder {index:6;}"><Coords points="109,1111 1220,1108 1199,1061 109,1063"/><Baseline points="116,1101 149,1098 194,1098 238,1098 283,1101 328,1101 373,1101 418,1101 462,1101 507,1101 552,1101 597,1098 642,1098 686,1098 731,1098 776,1098 821,1098 865,1098 910,1098 955,1098 1000,1101 1045,1098 1089,1098 1134,1098 1179,1101 1224,1098"/><TextEquiv><Unicode>harmonieuse et sonore, qui est elle-même presque de la</Unicode></TextEquiv></TextLine><TextLine id="tr_1777378721_tl_8" custom="readingOrder {index:7;}"><Coords points="105,1154 1217,1154 1217,1110 105,1121"/><Baseline points="113,1146 158,1146 203,1146 247,1149 292,1149 337,1149 382,1149 427,1149 471,1149 516,1149 561,1149 606,1149 650,1146 695,1146 740,1149 785,1149 830,1149 874,1149 919,1149 964,1149 1009,1149 1054,1149 1098,1149 1143,1146 1188,1149 1221,1149"/><TextEquiv><Unicode>musique, se traduit difficilement par nos syllabes sourdes ou</Unicode></TextEquiv></TextLine><TextLine id="tr_1777378721_tl_9" custom="readingOrder {index:8;}"><Coords points="109,1203 1219,1205 1219,1166 1073,1154 109,1159"/><Baseline points="116,1197 161,1194 206,1197 250,1197 295,1197 340,1197 385,1197 430,1197 474,1200 519,1197 564,1194 609,1197 653,1197 698,1197 743,1200 788,1197 833,1197 877,1197 922,1197 967,1197 1012,1200 1057,1197 1101,1197 1146,1197 1191,1197 1221,1197"/><TextEquiv><Unicode>stridentes. Et puis, il faut le dire, la plupart des auditeurs</Unicode></TextEquiv></TextLine><TextLine id="tr_1777378721_tl_10" custom="readingOrder {index:9;}"><Coords points="109,1258 1219,1275 1188,1207 109,1213"/><Baseline points="116,1245 161,1242 206,1245 250,1245 295,1245 340,1245 385,1245 430,1245 474,1248 519,1248 564,1245 609,1245 653,1248 698,1248 743,1248 788,1248 833,1248 877,1248 922,1248 967,1248 1012,1248 1057,1248 1101,1245 1146,1248 1191,1248 1221,1248"/><TextEquiv><Unicode>français s’occupent plus de la particion musicale que du</Unicode></TextEquiv></TextLine><TextLine id="tr_1777378721_tl_11" custom="readingOrder {index:10;}"><Coords points="105,1308 1214,1309 1214,1262 1167,1249 105,1262"/><Baseline points="113,1293 158,1293 203,1293 247,1293 292,1293 337,1295 382,1295 427,1295 471,1295 516,1295 561,1295 606,1295 650,1295 695,1295 740,1295 785,1295 830,1295 874,1298 919,1295 964,1295 1009,1295 1054,1295 1098,1295 1143,1295 1188,1295 1218,1295"/><TextEquiv><Unicode>scénario italien, ce qui fait que les excentricités et les in¬</Unicode></TextEquiv></TextLine><TextLine id="tr_1777378721_tl_12" custom="readingOrder {index:11;}"><Coords points="115,1356 1217,1350 1217,1308 115,1316"/><Baseline points="122,1343 146,1343 191,1340 235,1343 280,1343 325,1343 370,1343 415,1343 459,1343 504,1343 549,1343 594,1346 639,1346 683,1346 728,1346 773,1346 818,1346 863,1346 907,1346 952,1343 997,1346 1042,1346 1086,1346 1131,1346 1176,1343 1221,1340"/><TextEquiv><Unicode>vraisemblances du poème passent le plus souvent inaper¬</Unicode></TextEquiv></TextLine><TextLine id="tr_1777378721_tl_13" custom="readingOrder {index:12;}"><Coords points="115,1407 1220,1406 1191,1353 115,1363"/><Baseline points="122,1388 164,1391 209,1391 253,1391 298,1391 343,1394 388,1394 432,1394 477,1394 522,1394 567,1394 612,1394 656,1394 701,1394 746,1394 791,1394 836,1394 880,1394 925,1394 970,1394 1015,1394 1060,1391 1104,1391 1149,1391 1194,1391 1224,1391"/><TextEquiv><Unicode>çues; tandis que l’ouvrage écrit dans notre langue offre un</Unicode></TextEquiv></TextLine><TextLine id="tr_1777378721_tl_14" custom="readingOrder {index:13;}"><Coords points="115,1453 1217,1456 1205,1400 115,1406"/><Baseline points="122,1439 167,1442 212,1439 256,1442 301,1442 346,1442 391,1442 435,1442 480,1442 525,1442 570,1442 615,1442 659,1442 704,1442 749,1439 794,1442 839,1442 883,1442 928,1442 973,1442 1018,1439 1063,1439 1107,1439 1152,1439 1197,1439 1221,1439"/><TextEquiv><Unicode>vaste champ à la critique, puisque nous en embrassons à</Unicode></TextEquiv></TextLine><TextLine id="tr_1777378721_tl_15" custom="readingOrder {index:14;}"><Coords points="109,1497 1214,1498 1178,1448 109,1452"/><Baseline points="116,1490 161,1490 206,1490 250,1490 295,1490 340,1490 385,1490 430,1490 474,1490 519,1490 564,1490 609,1490 653,1490 698,1490 743,1490 788,1490 833,1490 877,1490 922,1487 967,1490 1012,1490 1057,1490 1101,1490 1146,1487 1191,1490 1218,1490"/><TextEquiv><Unicode>la fois toutes les péripéties et tous les détails. Le sujet du</Unicode></TextEquiv></TextLine><TextLine id="tr_1777378721_tl_16" custom="readingOrder {index:15;}"><Coords points="115,1550 1220,1564 1210,1498 115,1501"/><Baseline points="122,1534 167,1534 212,1537 256,1534 301,1537 346,1537 391,1537 435,1537 480,1537 525,1537 570,1537 615,1534 659,1534 704,1537 749,1537 794,1537 839,1537 883,1537 928,1537 973,1537 1018,1537 1063,1534 1107,1537 1152,1534 1197,1537 1224,1537"/><TextEquiv><Unicode>Trouvère a quelque chose de bizarre et d’impossible qu’il</Unicode></TextEquiv></TextLine><TextLine id="tr_1777378721_tl_17" custom="readingOrder {index:16;}"><Coords points="109,1599 1220,1607 1171,1550 109,1554"/><Baseline points="116,1585 161,1582 206,1585 250,1582 295,1585 340,1585 385,1585 430,1585 474,1585 519,1585 564,1585 609,1585 653,1585 698,1585 743,1585 788,1585 833,1585 877,1585 922,1585 967,1585 1012,1585 1057,1585 1101,1585 1146,1585 1191,1585 1224,1585"/><TextEquiv><Unicode>serait fort difficile d’analyser; mais la belle et savante mu¬</Unicode></TextEquiv></TextLine><TextLine id="tr_1777378721_tl_18" custom="readingOrder {index:17;}"><Coords points="112,1642 1221,1646 1192,1607 904,1590 112,1596"/><Baseline points="119,1633 164,1630 209,1630 253,1630 298,1633 343,1633 388,1633 432,1633 477,1633 522,1633 567,1633 612,1633 656,1633 701,1633 746,1633 791,1633 836,1633 880,1633 925,1636 970,1636 1015,1636 1060,1636 1104,1636 1149,1633 1194,1636 1224,1636"/><TextEquiv><Unicode>sique de Verdi en fait accepter la terrible extravagagance.</Unicode></TextEquiv></TextLine><TextLine id="tr_1777378721_tl_19" custom="readingOrder {index:18;}"><Coords points="109,1685 1219,1690 1185,1639 109,1642"/><Baseline points="116,1681 161,1678 206,1681 250,1681 295,1681 340,1681 385,1681 430,1681 474,1681 519,1681 564,1681 609,1684 653,1684 698,1684 743,1684 788,1684 833,1684 877,1684 922,1684 967,1684 1012,1684 1057,1684 1101,1684 1146,1684 1191,1684 1221,1684"/><TextEquiv><Unicode>Le début de madame Lauters dans le rôle de Léonore est le</Unicode></TextEquiv></TextLine><TextLine id="tr_1777378721_tl_20" custom="readingOrder {index:19;}"><Coords points="109,1750 1220,1743 1196,1687 109,1697"/><Baseline points="116,1723 158,1728 203,1728 247,1728 292,1728 337,1728 382,1728 427,1728 471,1728 516,1731 561,1731 606,1731 650,1731 695,1731 740,1731 785,1731 830,1731 874,1731 919,1731 964,1734 1009,1734 1054,1734 1098,1731 1143,1731 1188,1731 1224,1734"/><TextEquiv><Unicode>grand événement dont s’occupent les dilettanti. Au milieu</Unicode></TextEquiv></TextLine><TextLine id="tr_1777378721_tl_21" custom="readingOrder {index:20;}"><Coords points="109,1792 1223,1785 1223,1743 109,1750"/><Baseline points="116,1779 161,1776 206,1776 250,1779 295,1779 340,1776 385,1779 430,1779 474,1779 519,1779 564,1779 609,1779 653,1779 698,1779 743,1779 788,1779 833,1782 877,1782 922,1782 967,1782 1012,1782 1057,1782 1101,1782 1146,1782 1191,1782 1227,1782"/><TextEquiv><Unicode>de la pléiade d’étoiles nébuleuses qui sillonnent le firmament</Unicode></TextEquiv></TextLine><TextLine id="tr_1777378721_tl_22" custom="readingOrder {index:21;}"><Coords points="109,1835 1214,1841 1186,1792 109,1793"/><Baseline points="116,1827 143,1824 188,1827 232,1827 277,1827 322,1827 367,1827 412,1827 456,1827 501,1827 546,1827 591,1827 636,1830 680,1830 725,1830 770,1827 815,1830 860,1830 904,1830 949,1830 994,1830 1039,1830 1083,1830 1128,1830 1173,1830 1218,1824"/><TextEquiv><Unicode>de l’opéra, c’est un astre qui se lève; astre brillant et lumi¬</Unicode></TextEquiv></TextLine><TextLine id="tr_1777378721_tl_23" custom="readingOrder {index:22;}"><Coords points="109,1889 1219,1894 1219,1839 109,1838"/><Baseline points="116,1875 161,1875 206,1875 250,1875 295,1875 340,1875 385,1875 430,1875 474,1875 519,1875 564,1878 609,1878 653,1878 698,1875 743,1878 788,1878 833,1878 877,1878 922,1878 967,1878 1012,1878 1057,1878 1101,1878 1146,1878 1191,1878 1221,1878"/><TextEquiv><Unicode>neux qui nous promet des soirées sereines, et assure à notre</Unicode></TextEquiv></TextLine><TextLine id="tr_1777378721_tl_24" custom="readingOrder {index:23;}"><Coords points="109,1938 1221,1945 1193,1891 108,1891"/><Baseline points="116,1929 149,1923 194,1923 238,1923 283,1923 328,1923 373,1923 418,1926 462,1923 507,1923 552,1923 597,1926 642,1926 686,1923 731,1926 776,1926 821,1926 865,1926 910,1929 955,1929 1000,1929 1045,1929 1089,1929 1134,1926 1179,1926 1224,1923"/><TextEquiv><Unicode>première scène Lyrique un avenir dont, avant son appari¬</Unicode></TextEquiv></TextLine><TextLine id="tr_1777378721_tl_25" custom="readingOrder {index:24;}"><Coords points="105,1982 1214,1994 1213,1941 103,1940"/><Baseline points="113,1970 158,1970 203,1970 247,1970 292,1970 337,1970 382,1973 427,1973 471,1973 516,1973 561,1973 606,1973 650,1973 695,1973 740,1973 785,1976 830,1976 874,1976 919,1976 964,1976 1009,1976 1054,1976 1098,1976 1143,1976 1188,1976 1218,1976"/><TextEquiv><Unicode>tion, chacun commençait à douter. La cantatrice a apporté</Unicode></TextEquiv></TextLine><TextLine id="tr_1777378721_tl_26" custom="readingOrder {index:25;}"><Coords points="109,2035 1212,2025 1160,1980 109,1983"/><Baseline points="116,2018 161,2018 206,2018 250,2018 295,2021 340,2021 385,2021 430,2021 474,2024 519,2021 564,2024 609,2024 653,2024 698,2024 743,2024 788,2024 833,2024 877,2024 922,2024 967,2024 1012,2024 1057,2024 1101,2024 1146,2024 1191,2024 1215,2021"/><TextEquiv><Unicode>dans le personnage de Léonore une grâce et une fascina-</Unicode></TextEquiv></TextLine><TextLine id="tr_1777378721_tl_27" custom="readingOrder {index:26;}"><Coords points="110,2077 1214,2079 1213,2046 1063,2026 109,2035"/><Baseline points="116,2066 161,2069 206,2069 250,2069 295,2069 340,2069 385,2069 430,2072 474,2072 519,2072 564,2072 609,2072 653,2072 698,2072 743,2072 788,2072 833,2072 877,2072 922,2072 967,2072 1012,2075 1057,2075 1101,2072 1146,2072 1191,2072 1218,2072"/><TextEquiv><Unicode>tion inconnues. Son organe onctueux et pénétrant; le registre</Unicode></TextEquiv></TextLine><TextLine id="tr_1777378721_tl_28" custom="readingOrder {index:27;}"><Coords points="105,2126 1217,2133 1193,2077 105,2072"/><Baseline points="113,2117 158,2117 203,2117 247,2117 292,2117 337,2120 382,2120 427,2120 471,2120 516,2120 561,2120 606,2120 650,2120 695,2120 740,2120 785,2123 830,2123 874,2123 919,2123 964,2120 1009,2120 1054,2123 1098,2120 1143,2120 1188,2120 1221,2123"/><TextEquiv><Unicode>étendu de sa voix, que, jusqu’alors, on avait regardée comme</Unicode></TextEquiv></TextLine><TextLine id="tr_1777378721_tl_29" custom="readingOrder {index:28;}"><Coords points="105,2180 1217,2179 1188,2131 105,2131"/><Baseline points="113,2164 158,2164 203,2164 247,2164 292,2167 337,2167 382,2167 427,2167 471,2167 516,2167 561,2167 606,2167 650,2167 695,2170 740,2170 785,2170 830,2170 874,2170 919,2170 964,2167 1009,2167 1054,2167 1098,2167 1143,2167 1188,2167 1221,2167"/><TextEquiv><Unicode>un mezzo-soprano inclinant au grave, ses notes basses à la</Unicode></TextEquiv></TextLine><TextLine id="tr_1777378721_tl_30" custom="readingOrder {index:29;}"><Coords points="109,2221 1219,2230 1219,2179 109,2181"/><Baseline points="116,2215 161,2215 206,2215 250,2215 295,2215 340,2215 385,2215 430,2215 474,2215 519,2215 564,2215 609,2215 653,2215 698,2218 743,2215 788,2218 833,2218 877,2218 922,2218 967,2218 1012,2218 1057,2218 1101,2215 1146,2218 1191,2215 1221,2215"/><TextEquiv><Unicode>fois pures et vibrantes; enfin les qualités supérieures qui</Unicode></TextEquiv></TextLine><TextLine id="tr_1777378721_tl_31" custom="readingOrder {index:30;}"><Coords points="109,2272 1219,2271 1193,2229 109,2221"/><Baseline points="116,2260 161,2263 206,2263 250,2263 295,2263 340,2263 385,2263 430,2263 474,2263 519,2263 564,2263 609,2266 653,2263 698,2266 743,2266 788,2266 833,2266 877,2266 922,2266 967,2266 1012,2266 1057,2266 1101,2266 1146,2266 1191,2266 1221,2266"/><TextEquiv><Unicode>distinguent l’artiste, assurent à madame Lauters la première</Unicode></TextEquiv></TextLine><TextLine id="tr_1777378721_tl_32" custom="readingOrder {index:31;}"><Coords points="109,2325 1219,2342 1219,2285 1174,2279 109,2285"/><Baseline points="116,2317 146,2311 191,2311 235,2311 280,2311 325,2311 370,2311 415,2314 459,2314 504,2311 549,2314 594,2314 639,2314 683,2314 728,2314 773,2314 818,2314 863,2317 907,2317 952,2317 997,2317 1042,2314 1086,2314 1131,2314 1176,2314 1221,2314"/><TextEquiv><Unicode>place dans cet empire musical dont elle a si intrépidement</Unicode></TextEquiv></TextLine><TextLine id="tr_1777378721_tl_33" custom="readingOrder {index:32;}"><Coords points="105,2366 1214,2366 1133,2324 105,2332"/><Baseline points="113,2359 158,2359 203,2359 247,2359 292,2359 337,2362 382,2362 427,2362 471,2362 516,2362 561,2362 606,2362 650,2362 695,2362 740,2365 785,2365 830,2365 874,2365 919,2365 964,2365 1009,2365 1054,2365 1098,2362 1143,2365 1188,2365 1218,2362"/><TextEquiv><Unicode>franchi le seuil. Aussi elle a été applaudie, rappelée et cou¬</Unicode></TextEquiv></TextLine><TextLine id="tr_1777378721_tl_34" custom="readingOrder {index:33;}"><Coords points="120,2420 1217,2419 1207,2366 120,2377"/><Baseline points="128,2403 173,2409 217,2406 262,2409 307,2409 352,2409 397,2409 441,2409 486,2412 531,2409 576,2412 621,2412 665,2412 710,2412 755,2412 800,2412 845,2412 889,2412 934,2412 979,2415 1024,2412 1069,2412 1113,2412 1158,2412 1203,2412 1221,2409"/><TextEquiv><Unicode>verte de fleurs, dans sa cavatine d’entrée, dand la scène du</Unicode></TextEquiv></TextLine><TextLine id="tr_1777378721_tl_35" custom="readingOrder {index:34;}"><Coords points="112,2471 1221,2472 1174,2422 112,2420"/><Baseline points="119,2457 164,2457 209,2454 253,2457 298,2454 343,2457 388,2457 432,2460 477,2460 522,2460 567,2457 612,2460 656,2460 701,2460 746,2460 791,2460 836,2460 880,2463 925,2463 970,2463 1015,2463 1060,2463 1104,2463 1149,2463 1194,2460 1224,2463"/><TextEquiv><Unicode>Miserere, dans son duo avec le comte della Luna et dans le</Unicode></TextEquiv></TextLine><TextLine id="tr_1777378721_tl_36" custom="readingOrder {index:35;}"><Coords points="105,2507 170,2511 176,2517 212,2511 233,2520 243,2513 288,2524 286,2474 243,2464 222,2479 198,2464 187,2474 144,2467 103,2478"/><Baseline points="113,2505 158,2502 203,2505 247,2505 292,2508"/><TextEquiv><Unicode>trio final.</Unicode></TextEquiv></TextLine><TextLine id="tr_1777378721_tl_37" custom="readingOrder {index:36;}"><Coords points="147,2562 1221,2576 1198,2507 1041,2529 968,2495 147,2520"/><Baseline points="155,2550 200,2553 244,2553 289,2553 334,2553 379,2553 424,2556 468,2556 513,2556 558,2556 603,2556 647,2559 692,2559 737,2559 782,2559 827,2559 871,2559 916,2559 961,2559 1006,2559 1051,2559 1095,2559 1140,2559 1185,2559 1224,2559"/><TextEquiv><Unicode>Madame Borghi-Mamo nous a paru moins remarquable</Unicode></TextEquiv></TextLine><TextLine id="tr_1777378721_tl_38" custom="readingOrder {index:37;}"><Coords points="109,2602 1214,2613 1161,2567 109,2557"/><Baseline points="116,2600 161,2600 206,2600 250,2600 295,2600 340,2600 385,2600 430,2600 474,2603 519,2603 564,2606 609,2603 653,2606 698,2606 743,2606 788,2606 833,2606 877,2606 922,2606 967,2606 1012,2606 1057,2609 1101,2606 1146,2606 1191,2609 1218,2606"/><TextEquiv><Unicode>dans l’Azucéna de l‘Opéra que dans la Bohémienne des</Unicode></TextEquiv></TextLine><TextLine id="tr_1777378721_tl_39" custom="readingOrder {index:38;}"><Coords points="105,2661 1217,2668 1217,2619 1115,2613 105,2604"/><Baseline points="113,2648 158,2648 203,2648 247,2651 292,2651 337,2651 382,2651 427,2651 471,2651 516,2651 561,2654 606,2654 650,2654 695,2654 740,2654 785,2654 830,2654 874,2654 919,2654 964,2654 1009,2654 1054,2654 1098,2654 1143,2654 1188,2654 1221,2654"/><TextEquiv><Unicode>Italiens. Mais on assure que madame Borghi était souffrante</Unicode></TextEquiv></TextLine><TextLine id="tr_1777378721_tl_40" custom="readingOrder {index:39;}"><Coords points="105,2720 1214,2713 1214,2666 105,2669"/><Baseline points="113,2696 158,2699 203,2699 247,2699 292,2699 337,2699 382,2699 427,2699 471,2699 516,2699 561,2702 606,2702 650,2702 695,2702 740,2702 785,2702 830,2702 874,2702 919,2702 964,2702 1009,2702 1054,2702 1098,2705 1143,2705 1188,2705 1218,2705"/><TextEquiv><Unicode>le jour de la première représentation du Trouvère, et qu’elle</Unicode></TextEquiv></TextLine><TextLine id="tr_1777378721_tl_41" custom="readingOrder {index:40;}"><Coords points="109,2787 219,2752 1173,2763 1122,2713 108,2722"/><Baseline points="116,2747 161,2747 206,2747 250,2747 295,2750 340,2750 385,2750 430,2750 474,2750 519,2750 564,2750 609,2750 653,2750 698,2750 743,2750 788,2753 833,2750 877,2750 922,2750 967,2750 1012,2750 1057,2750 1101,2753 1146,2753 1176,2756"/><TextEquiv><Unicode>a pris à la seconde une éclatante et victorieuse revanche.</Unicode></TextEquiv></TextLine><TextLine id="tr_1777378721_tl_42" custom="readingOrder {index:41;}"><Coords points="151,2808 1209,2822 1173,2760 151,2760"/><Baseline points="158,2792 203,2795 247,2795 292,2798 337,2798 382,2798 427,2798 471,2798 516,2801 561,2801 606,2801 650,2801 695,2801 740,2801 785,2801 830,2801 874,2801 919,2801 964,2801 1009,2801 1054,2801 1098,2801 1143,2801 1188,2801 1212,2801"/><TextEquiv><Unicode>Gueymard semblait aussi sous le coup d’une émotion</Unicode></TextEquiv></TextLine><TextLine id="tr_1777378721_tl_43" custom="readingOrder {index:42;}"><Coords points="109,2858 1214,2858 1161,2812 275,2836 109,2787"/><Baseline points="116,2845 161,2845 206,2845 250,2845 295,2845 340,2845 385,2845 430,2848 474,2848 519,2848 564,2848 609,2848 653,2851 698,2854 743,2851 788,2848 833,2848 877,2848 922,2848 967,2848 1012,2848 1057,2851 1101,2848 1146,2848 1191,2851 1218,2851"/><TextEquiv><Unicode>fâcheuse, ce qui lui a fait négliger la délicieuse cavatine</Unicode></TextEquiv></TextLine><TextLine id="tr_1777378721_tl_44" custom="readingOrder {index:43;}"><Coords points="109,2903 1212,2907 1212,2869 1153,2858 109,2858"/><Baseline points="116,2893 161,2893 206,2893 250,2893 295,2893 340,2893 385,2896 430,2896 474,2896 519,2899 564,2896 609,2899 653,2899 698,2899 743,2899 788,2899 833,2899 877,2899 922,2899 967,2899 1012,2899 1057,2899 1101,2899 1146,2902 1191,2902 1215,2899"/><TextEquiv><Unicode>du troisième acte. Pourtant, il a parfaitement chanté le</Unicode></TextEquiv></TextLine><TextLine id="tr_1777378721_tl_45" custom="readingOrder {index:44;}"><Coords points="105,2950 1212,2959 1212,2910 105,2898"/><Baseline points="113,2938 158,2941 203,2941 247,2944 292,2944 337,2944 382,2944 427,2947 471,2947 516,2947 561,2947 606,2947 650,2947 695,2947 740,2947 785,2947 830,2947 874,2947 919,2947 964,2947 1009,2950 1054,2950 1098,2950 1143,2950 1188,2950 1215,2953"/><TextEquiv><Unicode>cantabile de la tour, ainsi que la scène finale. Bonnehée a</Unicode></TextEquiv></TextLine><TextLine id="tr_1777378721_tl_46" custom="readingOrder {index:45;}"><Coords points="105,2992 1212,3019 1212,2960 1136,2953 105,2959"/><Baseline points="113,2989 158,2992 203,2992 247,2992 292,2995 337,2995 382,2995 427,2998 471,2998 516,2995 561,2995 606,2995 650,2998 695,2998 740,2998 785,2998 830,2998 874,2995 919,2998 964,2998 1009,2998 1054,2998 1098,2998 1143,2998 1188,3001 1215,3001"/><TextEquiv><Unicode>constamment fait applaudir, dans le rôle du comte della Luna,</Unicode></TextEquiv></TextLine><TextLine id="tr_1777378721_tl_47" custom="readingOrder {index:46;}"><Coords points="99,3056 1091,3059 1037,3003 99,3005"/><Baseline points="107,3039 152,3039 197,3042 241,3042 286,3045 331,3045 376,3048 421,3048 465,3045 510,3045 555,3045 600,3045 645,3045 689,3045 734,3045 779,3045 824,3045 868,3045 913,3045 958,3045 1003,3045 1048,3042 1092,3045 1095,3045"/><TextEquiv><Unicode>son magnifique organe et son irréprochable méthode.</Unicode></TextEquiv></TextLine><TextLine id="tr_1777378721_tl_48" custom="readingOrder {index:47;}"><Coords points="136,3104 1212,3100 1174,3054 136,3047"/><Baseline points="143,3087 188,3090 232,3093 277,3093 322,3096 367,3096 412,3096 456,3096 501,3096 546,3093 591,3093 636,3093 680,3093 725,3093 770,3093 815,3093 860,3093 904,3093 949,3093 994,3093 1039,3093 1083,3093 1128,3093 1173,3093 1215,3096"/><TextEquiv><Unicode>L’Empereur et l’Impératrice assistaient à la première</Unicode></TextEquiv></TextLine><TextLine id="tr_1777378721_tl_49" custom="readingOrder {index:48;}"><Coords points="99,3143 148,3158 224,3143 240,3157 268,3149 284,3163 390,3157 389,3125 314,3102 242,3116 207,3101 177,3112 98,3100"/><Baseline points="107,3135 152,3135 197,3138 241,3141 286,3141 331,3144 376,3144 394,3144"/><TextEquiv><Unicode>représentation.</Unicode></TextEquiv></TextLine><TextLine id="tr_1777378721_tl_50" custom="readingOrder {index:49;}"><Coords points="141,3193 1212,3213 1212,3158 1164,3151 141,3157"/><Baseline points="149,3183 194,3183 238,3186 283,3189 328,3192 373,3189 418,3192 462,3192 507,3192 552,3192 597,3189 642,3189 686,3192 731,3195 776,3192 821,3192 865,3192 910,3192 955,3192 1000,3192 1045,3192 1089,3192 1134,3192 1179,3192 1215,3192"/><TextEquiv><Unicode>Après le triomphe de Verdi à l’Opéra, vient le triomphe</Unicode></TextEquiv></TextLine><TextLine id="tr_1777378721_tl_51" custom="readingOrder {index:50;}"><Coords points="105,3235 1207,3253 1207,3213 1075,3202 105,3209"/><Baseline points="113,3225 158,3231 203,3231 247,3234 292,3237 337,3237 382,3239 427,3239 471,3239 516,3242 561,3239 606,3239 650,3239 695,3239 740,3239 785,3239 830,3239 874,3239 919,3239 964,3239 1009,3239 1054,3239 1098,3242 1143,3239 1188,3242 1209,3245"/><TextEquiv><Unicode>de Verdi aux Italiens; décidément Verdi est l’homme du jour,</Unicode></TextEquiv></TextLine><TextLine id="tr_1777378721_tl_52" custom="readingOrder {index:51;}"><Coords points="106,3293 1212,3295 1210,3255 1104,3246 105,3242"/><Baseline points="113,3275 158,3275 203,3275 247,3278 292,3281 337,3284 382,3287 427,3287 471,3290 516,3290 561,3290 606,3287 650,3287 695,3287 740,3287 785,3287 830,3287 874,3287 919,3287 964,3290 1009,3287 1054,3287 1098,3287 1143,3287 1188,3290 1215,3287"/><TextEquiv><Unicode>le maestro à la mode, le soleil auquel chacun demande hum¬</Unicode></TextEquiv></TextLine><TextLine id="tr_1777378721_tl_53" custom="readingOrder {index:52;}"><Coords points="112,3333 1207,3343 1075,3294 112,3286"/><Baseline points="119,3320 164,3323 209,3323 253,3326 298,3329 343,3329 388,3332 432,3335 477,3335 522,3338 567,3338 612,3338 656,3338 701,3338 746,3338 791,3335 836,3338 880,3335 925,3338 970,3338 1015,3338 1060,3338 1104,3338 1149,3338 1194,3338 1209,3335"/><TextEquiv><Unicode>blement ses rayons. Et véritablement c’est un grand com¬</Unicode></TextEquiv></TextLine><TextLine id="tr_1777378721_tl_54" custom="readingOrder {index:53;}"><Coords points="112,3386 1199,3404 1206,3353 110,3332"/><Baseline points="119,3374 164,3371 209,3371 253,3371 298,3374 343,3374 388,3377 432,3380 477,3380 522,3383 567,3383 612,3386 656,3386 701,3386 746,3386 791,3386 836,3386 880,3386 925,3386 970,3386 1015,3386 1060,3386 1104,3386 1149,3386 1194,3392 1209,3389"/><TextEquiv><Unicode>positeur que celui dont le nom est acclamé de toules parts;</Unicode></TextEquiv></TextLine><TextLine id="tr_1777378721_tl_55" custom="readingOrder {index:54;}"><Coords points="115,3422 1209,3453 1207,3403 1157,3389 115,3385"/><Baseline points="122,3413 167,3416 212,3416 256,3419 301,3419 346,3422 391,3422 435,3425 480,3428 525,3428 570,3431 615,3434 659,3434 704,3434 749,3434 794,3434 839,3434 883,3434 928,3431 973,3431 1018,3431 1063,3434 1107,3434 1152,3434 1197,3440 1212,3443"/><TextEquiv><Unicode>si le Trouvère ne suffisait pas pour nous en convaincre,</Unicode></TextEquiv></TextLine><TextLine id="tr_1777378721_tl_56" custom="readingOrder {index:55;}"><Coords points="115,3470 1206,3488 1205,3452 1048,3435 115,3421"/><Baseline points="122,3463 167,3463 212,3463 256,3463 301,3466 346,3466 391,3466 435,3469 480,3472 525,3475 570,3478 615,3478 659,3481 704,3481 749,3481 794,3481 839,3478 883,3478 928,3481 973,3478 1018,3478 1063,3478 1107,3478 1152,3481 1197,3484 1209,3484"/><TextEquiv><Unicode>Rigoletto serait là pour nous le prouver. A la première au¬</Unicode></TextEquiv></TextLine><TextLine id="tr_1777378721_tl_57" custom="readingOrder {index:56;}"><Coords points="115,3519 906,3550 1179,3541 1199,3494 113,3471"/><Baseline points="122,3508 167,3511 212,3511 256,3511 301,3511 346,3514 391,3514 435,3517 480,3520 525,3520 570,3523 615,3526 659,3526 704,3526 749,3529 794,3529 839,3526 883,3529 928,3526 973,3526 1018,3526 1063,3526 1107,3529 1152,3529 1197,3526 1203,3526"/><TextEquiv><Unicode>dition, la personne la moins accessible au charme de l’har¬</Unicode></TextEquiv></TextLine><TextLine id="tr_1777378721_tl_58" custom="readingOrder {index:57;}"><Coords points="105,3564 1209,3589 1207,3548 1156,3541 105,3524"/><Baseline points="113,3559 158,3559 203,3559 247,3559 292,3562 337,3559 382,3559 427,3562 471,3565 516,3568 561,3571 606,3571 650,3574 695,3574 740,3577 785,3577 830,3577 874,3577 919,3577 964,3577 1009,3577 1054,3577 1098,3577 1143,3577 1188,3580 1212,3577"/><TextEquiv><Unicode>monie, ne pourrait s’empêcher de convenir que c’est là une</Unicode></TextEquiv></TextLine><TextLine id="tr_1777378721_tl_59" custom="readingOrder {index:58;}"><Coords points="105,3629 1209,3636 1199,3587 103,3579"/><Baseline points="113,3610 158,3610 203,3610 247,3610 292,3610 337,3610 382,3610 427,3610 471,3610 516,3613 561,3616 606,3616 650,3619 695,3622 740,3625 785,3625 830,3625 874,3625 919,3625 964,3625 1009,3625 1054,3625 1098,3625 1143,3625 1188,3625 1212,3628"/><TextEquiv><Unicode>belle et puissante musique. Rien n’est plus émouvant, plus</Unicode></TextEquiv></TextLine><TextLine id="tr_1777378721_tl_60" custom="readingOrder {index:59;}"><Coords points="105,3701 428,3675 1076,3713 1212,3682 1212,3636 103,3629"/><Baseline points="113,3667 158,3664 203,3661 247,3661 292,3661 337,3658 382,3658 427,3658 471,3658 516,3661 561,3661 606,3661 650,3667 695,3670 740,3670 785,3672 830,3675 874,3672 919,3675 964,3675 1009,3672 1054,3672 1098,3675 1143,3675 1188,3675 1215,3675"/><TextEquiv><Unicode>grandiose, plus complet que ce drame qui n’est autre que</Unicode></TextEquiv></TextLine><TextEquiv><Unicode></Unicode></TextEquiv></TextRegion><TextRegion id="tr_1777378720" custom="readingOrder {index:3;} structure {type:paragraph;score:0.99;}"><Coords points="1256,742 2472,742 2472,3620 1256,3620"/><TextLine id="tr_1777378720_tl_1" custom="readingOrder {index:0;}"><Coords points="1300,820 2405,832 2405,794 2297,776 1300,777"/><Baseline points="1307,812 1352,815 1397,815 1442,818 1487,818 1531,818 1576,821 1621,821 1666,821 1711,821 1755,821 1800,821 1845,821 1890,821 1935,821 1979,821 2024,821 2069,818 2114,818 2159,818 2203,818 2248,818 2293,821 2338,821 2382,824 2409,818"/><TextEquiv><Unicode>le Roi s'amuse, rehaussé de la belle partition du composi¬</Unicode></TextEquiv></TextLine><TextLine id="tr_1777378720_tl_2" custom="readingOrder {index:1;}"><Coords points="1305,873 2405,879 2397,830 1305,833"/><Baseline points="1313,857 1358,857 1403,860 1448,863 1493,863 1537,865 1582,868 1627,868 1672,868 1717,871 1761,871 1806,871 1851,871 1896,871 1941,868 1985,871 2030,868 2075,868 2120,868 2164,865 2209,865 2254,868 2299,868 2344,868 2388,871 2409,871"/><TextEquiv><Unicode>teur Italien. Avec quelle élégance exquise Mario chante la</Unicode></TextEquiv></TextLine><TextLine id="tr_1777378720_tl_3" custom="readingOrder {index:2;}"><Coords points="1305,929 2401,927 2401,880 1305,873"/><Baseline points="1313,904 1358,904 1403,907 1448,907 1493,910 1537,910 1582,913 1627,916 1672,916 1717,919 1761,919 1806,919 1851,919 1896,919 1941,919 1985,919 2030,919 2075,919 2120,916 2164,916 2209,916 2254,916 2299,916 2344,919 2388,919 2403,919"/><TextEquiv><Unicode>ballade qui ouvre le premier acte, et comme le menuet qui</Unicode></TextEquiv></TextLine><TextLine id="tr_1777378720_tl_4" custom="readingOrder {index:3;}"><Coords points="1311,982 2404,984 2402,942 2313,931 1311,929"/><Baseline points="1319,952 1364,952 1409,955 1454,955 1499,958 1543,958 1588,961 1633,961 1678,961 1723,964 1767,964 1812,967 1857,967 1902,967 1946,967 1991,967 2036,967 2081,967 2126,967 2170,967 2215,967 2260,964 2305,967 2350,967 2394,967 2406,967"/><TextEquiv><Unicode>vient ensuite a bien la couleur de l’époque ! Il y a beau¬</Unicode></TextEquiv></TextLine><TextLine id="tr_1777378720_tl_5" custom="readingOrder {index:4;}"><Coords points="1318,1015 2406,1023 2405,984 1316,978"/><Baseline points="1325,1000 1370,1000 1415,1003 1460,1003 1505,1003 1549,1003 1594,1006 1639,1009 1684,1009 1728,1012 1773,1012 1818,1015 1863,1015 1908,1015 1952,1018 1997,1018 2042,1015 2087,1018 2132,1015 2176,1015 2221,1015 2266,1015 2311,1015 2356,1015 2400,1018 2409,1015"/><TextEquiv><Unicode>coup de majesté dans les reproches adressés au duc par le</Unicode></TextEquiv></TextLine><TextLine id="tr_1777378720_tl_6" custom="readingOrder {index:5;}"><Coords points="1307,1059 2363,1083 2401,1030 1305,1015"/><Baseline points="1313,1048 1358,1051 1403,1051 1448,1051 1493,1051 1537,1054 1582,1054 1627,1054 1672,1054 1717,1057 1761,1057 1806,1060 1851,1060 1896,1063 1941,1066 1985,1066 2030,1066 2075,1066 2120,1066 2164,1066 2209,1066 2254,1066 2299,1066 2344,1066 2388,1066 2406,1066"/><TextEquiv><Unicode>comte de Monterone; mais c’est surtout lorsque Rigoletto</Unicode></TextEquiv></TextLine><TextLine id="tr_1777378720_tl_7" custom="readingOrder {index:6;}"><Coords points="1314,1115 2405,1135 2405,1083 1312,1066"/><Baseline points="1322,1098 1367,1098 1412,1098 1457,1098 1502,1101 1546,1101 1591,1101 1636,1101 1681,1101 1726,1101 1770,1104 1815,1104 1860,1104 1905,1107 1949,1110 1994,1113 2039,1113 2084,1113 2129,1113 2173,1116 2218,1113 2263,1113 2308,1113 2353,1113 2397,1113 2409,1113"/><TextEquiv><Unicode>exprime ses inquiétudes et ses regrets que sa voix devient</Unicode></TextEquiv></TextLine><TextLine id="tr_1777378720_tl_8" custom="readingOrder {index:7;}"><Coords points="1311,1156 2401,1179 2377,1125 1311,1115"/><Baseline points="1319,1146 1364,1149 1409,1149 1454,1149 1499,1149 1543,1149 1588,1149 1633,1149 1678,1149 1723,1152 1767,1152 1812,1149 1857,1152 1902,1152 1946,1155 1991,1158 2036,1158 2081,1161 2126,1161 2170,1161 2215,1161 2260,1164 2305,1161 2350,1164 2394,1164 2403,1164"/><TextEquiv><Unicode>déchirante, et que la mélodie sombre, qui prête ses accounts</Unicode></TextEquiv></TextLine><TextLine id="tr_1777378720_tl_9" custom="readingOrder {index:8;}"><Coords points="1305,1207 2402,1231 2384,1175 1305,1153"/><Baseline points="1313,1197 1358,1200 1403,1197 1448,1197 1493,1197 1537,1200 1582,1200 1627,1200 1672,1200 1717,1200 1761,1200 1806,1200 1851,1197 1896,1200 1941,1200 1985,1203 2030,1203 2075,1206 2120,1209 2164,1209 2209,1209 2254,1212 2299,1212 2344,1212 2388,1215 2406,1212"/><TextEquiv><Unicode>à la douleur paternelle, soulève dans l’auditoire des bravos</Unicode></TextEquiv></TextLine><TextLine id="tr_1777378720_tl_10" custom="readingOrder {index:9;}"><Coords points="1311,1263 2081,1262 2081,1226 1948,1206 1311,1220"/><Baseline points="1319,1248 1364,1248 1409,1248 1454,1248 1499,1248 1543,1248 1588,1248 1633,1248 1678,1248 1723,1248 1767,1248 1812,1248 1857,1248 1902,1248 1946,1248 1991,1248 2036,1251 2081,1254 2084,1254"/><TextEquiv><Unicode>continués jusqu’à la fin de l’introduction.</Unicode></TextEquiv></TextLine><TextLine id="tr_1777378720_tl_11" custom="readingOrder {index:10;}"><Coords points="1342,1297 2397,1328 2395,1282 1340,1261"/><Baseline points="1349,1295 1394,1295 1439,1298 1484,1295 1528,1295 1573,1298 1618,1295 1663,1295 1708,1295 1752,1298 1797,1298 1842,1298 1887,1295 1932,1298 1976,1298 2021,1298 2066,1298 2111,1298 2156,1298 2200,1301 2245,1301 2290,1304 2335,1307 2379,1307 2400,1310"/><TextEquiv><Unicode>Le second acte débute par la rencontre du bouffon avec</Unicode></TextEquiv></TextLine><TextLine id="tr_1777378720_tl_12" custom="readingOrder {index:11;}"><Coords points="1308,1350 2400,1370 2400,1326 2219,1309 1308,1308"/><Baseline points="1316,1343 1361,1343 1406,1343 1451,1343 1496,1343 1540,1343 1585,1343 1630,1343 1675,1346 1720,1346 1764,1346 1809,1346 1854,1343 1899,1343 1943,1346 1988,1346 2033,1346 2078,1343 2123,1346 2167,1346 2212,1346 2257,1349 2302,1352 2347,1352 2391,1355 2403,1358"/><TextEquiv><Unicode>une espèce de coupe-jarret, qui donne lieu à un duettino de</Unicode></TextEquiv></TextLine><TextLine id="tr_1777378720_tl_13" custom="readingOrder {index:12;}"><Coords points="1300,1410 2400,1414 2400,1372 2281,1356 1300,1351"/><Baseline points="1307,1391 1352,1394 1397,1394 1442,1394 1487,1394 1531,1391 1576,1394 1621,1394 1666,1394 1711,1394 1755,1394 1800,1394 1845,1394 1890,1394 1935,1394 1979,1391 2024,1394 2069,1394 2114,1394 2159,1394 2203,1394 2248,1397 2293,1397 2338,1400 2382,1400 2403,1403"/><TextEquiv><Unicode>l'effet le plus original. On remarque ensuite, un admirable</Unicode></TextEquiv></TextLine><TextLine id="tr_1777378720_tl_14" custom="readingOrder {index:13;}"><Coords points="1305,1451 2405,1463 2380,1409 1305,1406"/><Baseline points="1313,1442 1346,1442 1391,1442 1436,1442 1481,1442 1525,1442 1570,1442 1615,1442 1660,1442 1705,1442 1749,1442 1794,1442 1839,1439 1884,1439 1929,1442 1973,1442 2018,1439 2063,1439 2081,1439 2126,1442 2170,1442 2215,1442 2260,1445 2305,1445 2350,1445 2394,1448 2409,1448"/><TextEquiv><Unicode>duo entre Rigoletto et sa fille : Figlia — mio padre; quel</Unicode></TextEquiv></TextLine><TextLine id="tr_1777378720_tl_15" custom="readingOrder {index:14;}"><Coords points="1302,1501 2405,1505 2405,1463 1302,1469"/><Baseline points="1310,1490 1355,1490 1400,1490 1445,1490 1490,1490 1534,1490 1579,1490 1624,1490 1669,1490 1714,1490 1758,1490 1803,1490 1848,1490 1893,1490 1938,1490 1982,1490 2027,1490 2072,1490 2117,1490 2161,1490 2206,1490 2251,1493 2296,1493 2341,1493 2385,1496 2409,1496"/><TextEquiv><Unicode>andante déchirant que celui que chante Corsi : Deh non</Unicode></TextEquiv></TextLine><TextLine id="tr_1777378720_tl_16" custom="readingOrder {index:15;}"><Coords points="1308,1555 2405,1551 2405,1509 2205,1500 1308,1509"/><Baseline points="1316,1543 1361,1537 1406,1537 1451,1537 1496,1537 1540,1537 1585,1537 1630,1537 1675,1537 1720,1540 1764,1540 1809,1537 1854,1537 1899,1537 1943,1537 1988,1537 2033,1537 2078,1537 2123,1537 2167,1537 2212,1540 2257,1540 2302,1540 2347,1540 2391,1543 2409,1543"/><TextEquiv><Unicode>parlare al misero; et comme on se sent venir les larmes aux</Unicode></TextEquiv></TextLine><TextLine id="tr_1777378720_tl_17" custom="readingOrder {index:16;}"><Coords points="1308,1607 2405,1597 2369,1555 1308,1555"/><Baseline points="1316,1594 1334,1588 1379,1588 1424,1591 1469,1588 1513,1588 1558,1588 1603,1588 1648,1588 1693,1588 1737,1591 1782,1588 1827,1588 1872,1588 1917,1588 1961,1588 2006,1591 2051,1588 2096,1588 2141,1591 2185,1591 2230,1591 2275,1591 2320,1591 2365,1591 2409,1591"/><TextEquiv><Unicode>yeux, en écoutant le moderato assai, accompagné de haut¬</Unicode></TextEquiv></TextLine><TextLine id="tr_1777378720_tl_18" custom="readingOrder {index:17;}"><Coords points="1311,1643 2400,1649 2400,1611 2346,1606 1311,1606"/><Baseline points="1319,1636 1364,1639 1409,1639 1454,1636 1499,1636 1543,1639 1588,1639 1633,1639 1678,1639 1723,1639 1767,1639 1812,1639 1857,1639 1902,1636 1946,1636 1991,1639 2036,1636 2081,1639 2126,1639 2170,1639 2215,1639 2260,1639 2305,1639 2350,1639 2394,1639 2403,1639"/><TextEquiv><Unicode>bois, qui renferme tant de prières touchantes et de pater¬</Unicode></TextEquiv></TextLine><TextLine id="tr_1777378720_tl_19" custom="readingOrder {index:18;}"><Coords points="1302,1695 2405,1698 2391,1648 1677,1674 1302,1642"/><Baseline points="1310,1684 1355,1687 1400,1687 1445,1687 1490,1687 1534,1687 1579,1687 1624,1687 1669,1687 1714,1687 1758,1687 1803,1687 1848,1687 1893,1687 1938,1687 1982,1687 2027,1687 2072,1687 2117,1687 2161,1687 2206,1687 2251,1687 2296,1687 2341,1687 2385,1690 2409,1690"/><TextEquiv><Unicode>nelle sollicitude. La scène de l’enlèvement se recommande</Unicode></TextEquiv></TextLine><TextLine id="tr_1777378720_tl_20" custom="readingOrder {index:19;}"><Coords points="1302,1772 1372,1738 2400,1751 2383,1695 1302,1695"/><Baseline points="1310,1740 1328,1737 1373,1734 1418,1734 1463,1734 1508,1734 1552,1734 1597,1734 1642,1734 1687,1734 1731,1734 1776,1734 1821,1737 1866,1737 1911,1734 1955,1737 2000,1737 2045,1737 2090,1737 2135,1737 2179,1737 2224,1737 2269,1737 2314,1737 2359,1737 2403,1737"/><TextEquiv><Unicode>par un chœur syllabique pianissimo, qui a été fort applaudi.</Unicode></TextEquiv></TextLine><TextLine id="tr_1777378720_tl_21" custom="readingOrder {index:20;}"><Coords points="1344,1799 2402,1796 2402,1761 2225,1738 1344,1748"/><Baseline points="1352,1785 1397,1782 1442,1782 1487,1782 1531,1782 1576,1785 1621,1785 1666,1785 1711,1785 1755,1785 1800,1785 1845,1785 1890,1785 1935,1785 1979,1785 2024,1785 2069,1785 2114,1785 2159,1785 2203,1785 2248,1785 2293,1785 2338,1785 2382,1785 2406,1785"/><TextEquiv><Unicode>Au troisième acte arrive le pauvre bouffon qui cache un</Unicode></TextEquiv></TextLine><TextLine id="tr_1777378720_tl_22" custom="readingOrder {index:21;}"><Coords points="1305,1839 2405,1852 2405,1806 2344,1790 1305,1792"/><Baseline points="1313,1830 1358,1833 1403,1833 1448,1833 1493,1833 1537,1833 1582,1833 1627,1833 1672,1833 1717,1833 1761,1833 1806,1833 1851,1833 1896,1833 1941,1833 1985,1836 2030,1833 2075,1833 2120,1833 2164,1833 2209,1833 2254,1833 2299,1833 2344,1833 2388,1833 2409,1830"/><TextEquiv><Unicode>cœur ulcéré sous un visage souriant. Il demande aux courti-</Unicode></TextEquiv></TextLine><TextLine id="tr_1777378720_tl_23" custom="readingOrder {index:22;}"><Coords points="1302,1891 2400,1901 2400,1853 2313,1843 1302,1849"/><Baseline points="1310,1884 1328,1881 1373,1881 1418,1881 1463,1881 1508,1881 1552,1884 1597,1881 1642,1884 1687,1881 1731,1881 1776,1881 1821,1881 1866,1881 1911,1881 1955,1884 2000,1884 2045,1884 2090,1881 2135,1881 2179,1884 2224,1881 2269,1881 2314,1881 2359,1881 2403,1881"/><TextEquiv><Unicode>sans sa fille Gilda, puis il les menace, puís il les invective :</Unicode></TextEquiv></TextLine><TextLine id="tr_1777378720_tl_24" custom="readingOrder {index:23;}"><Coords points="1314,1943 2400,1945 2400,1906 2310,1891 1314,1892"/><Baseline points="1322,1932 1367,1929 1412,1932 1457,1929 1502,1929 1546,1929 1591,1932 1636,1932 1681,1932 1726,1932 1770,1932 1815,1929 1860,1932 1905,1932 1949,1932 1994,1932 2039,1929 2084,1932 2129,1932 2173,1932 2218,1932 2263,1932 2308,1932 2353,1932 2397,1938 2403,1938"/><TextEquiv><Unicode>Cortigiani vil razza. Mais bientôt, leur demandant grâce,</Unicode></TextEquiv></TextLine><TextLine id="tr_1777378720_tl_25" custom="readingOrder {index:24;}"><Coords points="1300,2007 2400,1991 2400,1947 2230,1938 1300,1945"/><Baseline points="1307,1979 1328,1979 1373,1979 1418,1979 1463,1979 1508,1979 1552,1979 1597,1979 1642,1979 1687,1979 1731,1979 1776,1979 1821,1979 1866,1979 1911,1979 1955,1979 2000,1979 2045,1979 2090,1976 2135,1979 2179,1979 2224,1979 2269,1979 2314,1976 2359,1979 2403,1976"/><TextEquiv><Unicode>il se jette à leurs genoux : Mei signori perdono... Toutes ces</Unicode></TextEquiv></TextLine><TextLine id="tr_1777378720_tl_26" custom="readingOrder {index:25;}"><Coords points="1305,2040 2401,2036 2372,1986 1305,2000"/><Baseline points="1313,2027 1358,2027 1403,2027 1448,2027 1493,2027 1537,2027 1582,2027 1627,2027 1672,2027 1717,2027 1761,2027 1806,2027 1851,2027 1896,2027 1941,2024 1985,2027 2030,2027 2075,2024 2120,2027 2164,2027 2209,2027 2254,2027 2299,2027 2344,2027 2388,2027 2403,2027"/><TextEquiv><Unicode>angoisses, toutes ces tortures, on les souffre en entendant la</Unicode></TextEquiv></TextLine><TextLine id="tr_1777378720_tl_27" custom="readingOrder {index:26;}"><Coords points="1305,2091 2401,2088 2366,2036 1305,2040"/><Baseline points="1313,2075 1328,2075 1373,2075 1418,2075 1463,2075 1508,2075 1552,2075 1597,2075 1642,2075 1687,2075 1731,2075 1776,2075 1821,2075 1866,2072 1911,2075 1955,2075 2000,2072 2045,2075 2090,2075 2135,2075 2179,2075 2224,2075 2269,2075 2314,2075 2359,2075 2403,2072"/><TextEquiv><Unicode>belle et dramatique musique de Verdi. Tout à coup, entre</Unicode></TextEquiv></TextLine><TextLine id="tr_1777378720_tl_28" custom="readingOrder {index:27;}"><Coords points="1305,2141 2391,2140 2391,2099 2316,2081 1305,2095"/><Baseline points="1313,2126 1319,2126 1364,2126 1409,2126 1454,2123 1499,2123 1543,2126 1588,2126 1633,2126 1678,2123 1723,2123 1767,2123 1812,2123 1857,2123 1902,2123 1946,2123 1991,2120 2036,2123 2081,2123 2126,2123 2170,2123 2215,2123 2260,2123 2305,2123 2350,2123 2394,2120"/><TextEquiv><Unicode>Gilda ; le cantabile qu’elle chante est empreint d’une tris¬</Unicode></TextEquiv></TextLine><TextLine id="tr_1777378720_tl_29" custom="readingOrder {index:28;}"><Coords points="1305,2176 2394,2184 2394,2144 2263,2130 1305,2141"/><Baseline points="1313,2173 1322,2173 1367,2173 1412,2173 1457,2173 1502,2173 1546,2173 1591,2173 1636,2173 1681,2173 1726,2173 1770,2173 1815,2173 1860,2173 1905,2170 1949,2170 1994,2170 2039,2170 2084,2170 2129,2170 2173,2170 2218,2170 2263,2170 2308,2170 2353,2170 2397,2167"/><TextEquiv><Unicode>tesse qui émotionne profondément le public, et dans la ca¬</Unicode></TextEquiv></TextLine><TextLine id="tr_1777378720_tl_30" custom="readingOrder {index:29;}"><Coords points="1300,2244 2397,2235 2379,2181 1300,2184"/><Baseline points="1307,2221 1325,2221 1370,2221 1415,2221 1460,2221 1505,2221 1549,2221 1594,2221 1639,2221 1684,2221 1728,2221 1773,2221 1818,2221 1863,2221 1908,2221 1952,2221 1997,2218 2042,2218 2087,2218 2132,2218 2176,2218 2221,2215 2266,2218 2311,2218 2356,2218 2400,2218"/><TextEquiv><Unicode>balette : Si vendetta trementa, la salle entière électrisée</Unicode></TextEquiv></TextLine><TextLine id="tr_1777378720_tl_31" custom="readingOrder {index:30;}"><Coords points="1300,2288 2299,2291 2327,2249 1301,2244"/><Baseline points="1307,2272 1343,2269 1388,2272 1433,2269 1478,2269 1522,2269 1567,2269 1612,2269 1657,2269 1702,2269 1746,2269 1791,2269 1836,2269 1881,2269 1926,2269 1970,2269 2015,2269 2060,2266 2105,2266 2150,2266 2194,2266 2239,2266 2284,2266 2329,2269"/><TextEquiv><Unicode>acclame avec frénésie le compositeur et les exécutants.</Unicode></TextEquiv></TextLine><TextLine id="tr_1777378720_tl_32" custom="readingOrder {index:31;}"><Coords points="1342,2342 2405,2325 2388,2278 1342,2291"/><Baseline points="1349,2317 1394,2320 1439,2320 1484,2320 1528,2320 1573,2317 1618,2320 1663,2320 1708,2317 1752,2320 1797,2317 1842,2317 1887,2317 1932,2317 1976,2317 2021,2317 2066,2317 2111,2317 2156,2317 2200,2317 2245,2317 2290,2317 2335,2317 2379,2317 2409,2320"/><TextEquiv><Unicode>Les couplets : La donna e mobile, dits par Mario avec une</Unicode></TextEquiv></TextLine><TextLine id="tr_1777378720_tl_33" custom="readingOrder {index:32;}"><Coords points="1314,2380 2400,2379 2400,2334 1314,2341"/><Baseline points="1322,2368 1328,2368 1373,2368 1418,2368 1463,2368 1508,2368 1552,2368 1597,2368 1642,2368 1687,2368 1731,2368 1776,2365 1821,2365 1866,2368 1911,2365 1955,2365 2000,2365 2045,2365 2090,2365 2135,2365 2179,2365 2224,2365 2269,2365 2314,2365 2359,2365 2403,2365"/><TextEquiv><Unicode>verve charmante, commencent le quatrième acte. Puis vient</Unicode></TextEquiv></TextLine><TextLine id="tr_1777378720_tl_34" custom="readingOrder {index:33;}"><Coords points="1300,2423 2405,2426 2405,2383 2306,2374 1300,2384"/><Baseline points="1307,2418 1334,2418 1379,2418 1424,2418 1469,2415 1513,2415 1558,2415 1603,2415 1648,2415 1693,2415 1737,2415 1782,2415 1827,2415 1872,2415 1917,2415 1961,2415 2006,2415 2051,2412 2096,2412 2141,2415 2185,2415 2230,2412 2275,2412 2320,2412 2365,2412 2409,2415"/><TextEquiv><Unicode>son duo avec la tavernière Magdeleine qu’on fait bisser;</Unicode></TextEquiv></TextLine><TextLine id="tr_1777378720_tl_35" custom="readingOrder {index:34;}"><Coords points="1300,2471 2405,2475 2393,2427 2261,2419 1300,2450"/><Baseline points="1307,2466 1334,2466 1379,2466 1424,2466 1469,2466 1513,2466 1558,2466 1603,2466 1648,2466 1693,2466 1737,2463 1782,2463 1827,2463 1872,2463 1917,2463 1961,2463 2006,2463 2051,2463 2096,2463 2141,2463 2185,2460 2230,2463 2275,2463 2320,2460 2365,2463 2409,2463"/><TextEquiv><Unicode>enfin un magnifique quatuor, entre les deux précédents et</Unicode></TextEquiv></TextLine><TextLine id="tr_1777378720_tl_36" custom="readingOrder {index:35;}"><Coords points="1300,2520 2395,2520 2359,2471 1300,2478"/><Baseline points="1307,2514 1322,2514 1367,2514 1412,2514 1457,2514 1502,2514 1546,2514 1591,2514 1636,2514 1681,2514 1726,2511 1770,2514 1815,2514 1860,2514 1905,2514 1949,2514 1994,2511 2039,2511 2084,2511 2129,2511 2173,2511 2218,2511 2263,2514 2308,2511 2353,2511 2397,2508"/><TextEquiv><Unicode>Rigoletto et Gilda, est à lui seul, un chef-d’œuvre, qui suf¬</Unicode></TextEquiv></TextLine><TextLine id="tr_1777378720_tl_37" custom="readingOrder {index:36;}"><Coords points="1302,2577 2332,2576 2398,2566 2400,2521 1304,2521"/><Baseline points="1310,2562 1325,2565 1370,2562 1415,2565 1460,2562 1505,2562 1549,2562 1594,2562 1639,2562 1684,2562 1728,2562 1773,2562 1818,2562 1863,2562 1908,2562 1952,2562 1997,2562 2042,2562 2087,2559 2132,2559 2176,2559 2221,2559 2266,2556 2311,2556 2356,2556 2400,2556"/><TextEquiv><Unicode>firait pour justifier l’enthousiasme du public pour le maestro</Unicode></TextEquiv></TextLine><TextLine id="tr_1777378720_tl_38" custom="readingOrder {index:37;}"><Coords points="1300,2620 2400,2620 2370,2569 1300,2577"/><Baseline points="1307,2612 1328,2612 1373,2612 1418,2612 1463,2612 1508,2609 1552,2609 1597,2609 1642,2609 1687,2609 1731,2609 1776,2609 1821,2609 1866,2609 1911,2609 1955,2609 2000,2609 2045,2606 2090,2606 2135,2606 2179,2606 2224,2606 2269,2603 2314,2603 2359,2603 2403,2603"/><TextEquiv><Unicode>à la mode. La fin si sombre, si dramatique, si émouvante ne</Unicode></TextEquiv></TextLine><TextLine id="tr_1777378720_tl_39" custom="readingOrder {index:38;}"><Coords points="1300,2671 2395,2669 2372,2611 1300,2619"/><Baseline points="1307,2660 1322,2660 1367,2657 1412,2660 1457,2660 1502,2657 1546,2660 1591,2657 1636,2660 1681,2657 1726,2657 1770,2657 1815,2657 1860,2657 1905,2657 1949,2657 1994,2657 2039,2654 2084,2654 2129,2654 2173,2654 2218,2651 2263,2651 2308,2651 2353,2651 2397,2648"/><TextEquiv><Unicode>saurait se traduire; il faut entendre les plaintes, les malé¬</Unicode></TextEquiv></TextLine><TextLine id="tr_1777378720_tl_40" custom="readingOrder {index:39;}"><Coords points="1302,2711 2342,2720 2393,2671 1302,2678"/><Baseline points="1310,2708 1319,2705 1364,2708 1409,2705 1454,2705 1499,2705 1543,2705 1588,2705 1633,2705 1678,2705 1723,2705 1767,2705 1812,2705 1857,2705 1902,2705 1946,2702 1991,2702 2036,2702 2081,2702 2126,2699 2170,2699 2215,2699 2260,2699 2305,2696 2350,2699 2394,2699"/><TextEquiv><Unicode>dictions de la fille et du père, il faut écouter les arpèges de</Unicode></TextEquiv></TextLine><TextLine id="tr_1777378720_tl_41" custom="readingOrder {index:40;}"><Coords points="1300,2774 2391,2766 2373,2713 1300,2708"/><Baseline points="1307,2756 1319,2756 1364,2756 1409,2753 1454,2753 1499,2753 1543,2753 1588,2753 1633,2753 1678,2753 1723,2753 1767,2750 1812,2750 1857,2750 1902,2750 1946,2750 1991,2750 2036,2747 2081,2747 2126,2747 2170,2747 2215,2747 2260,2747 2305,2747 2350,2747 2394,2747"/><TextEquiv><Unicode>la flûte sur des tenues de violons en sourdine, il faut assister</Unicode></TextEquiv></TextLine><TextLine id="tr_1777378720_tl_42" custom="readingOrder {index:41;}"><Coords points="1302,2813 2400,2803 2365,2753 1304,2777"/><Baseline points="1310,2804 1328,2804 1373,2801 1418,2804 1463,2801 1508,2801 1552,2801 1597,2801 1642,2801 1687,2798 1731,2798 1776,2798 1821,2798 1866,2798 1911,2798 1955,2798 2000,2798 2045,2798 2090,2798 2135,2798 2179,2798 2224,2795 2269,2795 2314,2795 2359,2795 2403,2798"/><TextEquiv><Unicode>au déchaînement des éléments, au tintement lugubre de la</Unicode></TextEquiv></TextLine><TextLine id="tr_1777378720_tl_43" custom="readingOrder {index:42;}"><Coords points="1305,2861 2402,2848 2402,2809 1305,2813"/><Baseline points="1313,2854 1331,2854 1376,2854 1421,2851 1466,2851 1511,2851 1555,2851 1600,2848 1645,2848 1690,2848 1734,2848 1779,2848 1824,2845 1869,2845 1914,2845 1958,2845 2003,2845 2048,2845 2093,2845 2138,2845 2182,2845 2227,2845 2272,2845 2317,2842 2362,2845 2406,2845"/><TextEquiv><Unicode>cloche, il faut, en un mot, être témoin de cette grande scène</Unicode></TextEquiv></TextLine><TextLine id="tr_1777378720_tl_44" custom="readingOrder {index:43;}"><Coords points="1302,2907 2400,2905 2400,2855 1302,2869"/><Baseline points="1310,2899 1328,2902 1373,2902 1418,2902 1463,2899 1508,2899 1552,2899 1597,2899 1642,2896 1687,2896 1731,2896 1776,2896 1821,2896 1866,2896 1911,2896 1955,2893 2000,2893 2045,2896 2090,2893 2135,2893 2179,2893 2224,2893 2269,2893 2314,2896 2359,2893 2403,2893"/><TextEquiv><Unicode>où le génie du compositeur nous semble avoir atteint son plus</Unicode></TextEquiv></TextLine><TextLine id="tr_1777378720_tl_45" custom="readingOrder {index:44;}"><Coords points="1305,2959 2401,2960 2401,2905 1305,2914"/><Baseline points="1313,2953 1328,2950 1373,2950 1418,2950 1463,2950 1508,2947 1552,2947 1597,2947 1642,2947 1687,2947 1731,2947 1776,2947 1821,2944 1866,2944 1911,2944 1955,2944 2000,2944 2045,2944 2090,2944 2135,2944 2179,2944 2224,2944 2269,2944 2314,2944 2359,2941 2403,2944"/><TextEquiv><Unicode>haut période. Mario, Corsi, madame Frezzolini, madamme</Unicode></TextEquiv></TextLine><TextLine id="tr_1777378720_tl_46" custom="readingOrder {index:45;}"><Coords points="1300,3007 2229,3006 2229,2971 2140,2950 1300,2960"/><Baseline points="1307,2998 1337,2998 1382,2998 1427,2998 1472,2998 1516,2995 1561,2995 1606,2992 1651,2995 1696,2995 1740,2992 1785,2992 1830,2992 1875,2992 1920,2992 1964,2995 2009,2992 2054,2995 2099,2995 2144,2992 2188,2992 2233,2992"/><TextEquiv><Unicode>Alboni, Angelini ont été d’admirables interprètes.</Unicode></TextEquiv></TextLine><TextLine id="tr_1777378720_tl_47" custom="readingOrder {index:46;}"><Coords points="1335,3061 2397,3055 2387,2992 1336,3006"/><Baseline points="1343,3045 1370,3045 1415,3045 1460,3045 1505,3042 1549,3042 1594,3042 1639,3042 1684,3042 1728,3042 1773,3042 1818,3045 1863,3042 1908,3042 1952,3042 1997,3042 2042,3042 2087,3042 2132,3042 2176,3042 2221,3039 2266,3039 2311,3039 2356,3036 2400,3036"/><TextEquiv><Unicode>Le Théâtre de l’Opéra-Comique vient de nous donner la</Unicode></TextEquiv></TextLine><TextLine id="tr_1777378720_tl_48" custom="readingOrder {index:47;}"><Coords points="1305,3109 2394,3091 2394,3052 1305,3061"/><Baseline points="1313,3099 1322,3096 1367,3093 1412,3093 1457,3093 1502,3093 1546,3093 1591,3093 1636,3093 1681,3093 1726,3093 1770,3093 1815,3093 1860,3093 1905,3093 1949,3093 1994,3093 2039,3093 2084,3090 2129,3090 2173,3090 2218,3090 2263,3087 2308,3087 2353,3084 2397,3081"/><TextEquiv><Unicode>première représentation de la Psyché, de M. Ambroise</Unicode></TextEquiv></TextLine><TextLine id="tr_1777378720_tl_49" custom="readingOrder {index:48;}"><Coords points="1302,3168 2394,3136 2394,3093 1302,3114"/><Baseline points="1310,3147 1322,3144 1367,3144 1412,3144 1457,3144 1502,3141 1546,3144 1591,3144 1636,3144 1681,3144 1726,3144 1770,3144 1815,3144 1860,3144 1905,3144 1949,3141 1994,3141 2039,3141 2084,3138 2129,3138 2173,3135 2218,3135 2263,3135 2308,3132 2353,3129 2397,3132"/><TextEquiv><Unicode>Thomas, si longtemps et si impatiemment attendue. Dans</Unicode></TextEquiv></TextLine><TextLine id="tr_1777378720_tl_50" custom="readingOrder {index:49;}"><Coords points="1293,3210 2395,3197 2397,3143 1293,3163"/><Baseline points="1301,3192 1322,3192 1367,3195 1412,3192 1457,3192 1502,3192 1546,3192 1591,3192 1636,3192 1681,3192 1726,3192 1770,3192 1815,3192 1860,3192 1905,3192 1949,3189 1994,3189 2039,3189 2084,3186 2129,3186 2173,3183 2218,3180 2263,3180 2308,3177 2353,3174 2397,3177"/><TextEquiv><Unicode>cette pièce, imitée de la Pscyché de Molière, il y a lieu de</Unicode></TextEquiv></TextLine><TextLine id="tr_1777378720_tl_51" custom="readingOrder {index:50;}"><Coords points="1302,3260 2330,3245 2384,3241 2386,3195 1302,3209"/><Baseline points="1310,3239 1313,3242 1358,3242 1403,3242 1448,3242 1493,3242 1537,3242 1582,3242 1627,3239 1672,3239 1717,3239 1761,3239 1806,3239 1851,3239 1896,3239 1941,3237 1985,3237 2030,3234 2075,3234 2120,3231 2164,3231 2209,3225 2254,3225 2299,3222 2344,3222 2388,3222"/><TextEquiv><Unicode>rendre hommage au talent incontestable du compositeur</Unicode></TextEquiv></TextLine><TextLine id="tr_1777378720_tl_52" custom="readingOrder {index:51;}"><Coords points="1301,3308 2366,3294 2388,3241 1302,3260"/><Baseline points="1310,3293 1316,3290 1361,3290 1406,3290 1451,3290 1496,3290 1540,3290 1585,3290 1630,3290 1675,3290 1720,3287 1764,3287 1809,3287 1854,3287 1899,3284 1943,3284 1988,3281 2033,3281 2078,3278 2123,3275 2167,3272 2212,3269 2257,3269 2302,3269 2347,3269 2391,3269"/><TextEquiv><Unicode>français. L’espace ne nous permet pas d’analyser tous les</Unicode></TextEquiv></TextLine><TextLine id="tr_1777378720_tl_53" custom="readingOrder {index:52;}"><Coords points="1302,3351 2387,3334 2388,3287 1663,3325 1304,3304"/><Baseline points="1310,3341 1316,3338 1361,3341 1406,3341 1451,3341 1496,3338 1540,3338 1585,3338 1630,3338 1675,3338 1720,3335 1764,3335 1809,3335 1854,3332 1899,3332 1943,3329 1988,3326 2033,3323 2078,3320 2123,3320 2167,3317 2212,3317 2257,3317 2302,3317 2347,3317 2391,3317"/><TextEquiv><Unicode>détails de la pièce, nous mentionnerons seulement le duo</Unicode></TextEquiv></TextLine><TextLine id="tr_1777378720_tl_54" custom="readingOrder {index:53;}"><Coords points="1300,3390 2386,3385 2387,3334 1300,3368"/><Baseline points="1307,3389 1316,3389 1361,3389 1406,3389 1451,3389 1496,3386 1540,3386 1585,3386 1630,3383 1675,3386 1720,3386 1764,3380 1809,3380 1854,3380 1899,3377 1943,3374 1988,3371 2033,3371 2078,3368 2123,3365 2167,3365 2212,3365 2257,3365 2302,3365 2347,3365 2391,3362"/><TextEquiv><Unicode>entre Eros et Psyché, accompagné de roulement de ton-</Unicode></TextEquiv></TextLine><TextLine id="tr_1777378720_tl_55" custom="readingOrder {index:54;}"><Coords points="1302,3448 2394,3428 2355,3372 2237,3367 1304,3393"/><Baseline points="1310,3440 1322,3440 1367,3440 1412,3437 1457,3437 1502,3434 1546,3434 1591,3434 1636,3431 1681,3431 1726,3428 1770,3428 1815,3425 1860,3422 1905,3422 1949,3419 1994,3416 2039,3416 2084,3413 2129,3413 2173,3413 2218,3413 2263,3413 2308,3413 2353,3416 2397,3419"/><TextEquiv><Unicode>nerre, le beau final du premier acte, les couplets spirituels</Unicode></TextEquiv></TextLine><TextLine id="tr_1777378720_tl_56" custom="readingOrder {index:55;}"><Coords points="1293,3488 2388,3484 2390,3428 1293,3448"/><Baseline points="1301,3484 1316,3484 1361,3484 1406,3484 1451,3481 1496,3481 1540,3478 1585,3478 1630,3475 1675,3475 1720,3472 1764,3472 1809,3469 1854,3466 1899,3466 1943,3466 1988,3463 2033,3463 2078,3463 2123,3460 2167,3460 2212,3460 2257,3460 2302,3463 2347,3463 2391,3469"/><TextEquiv><Unicode>de Mercure, et enfin les imprécations d’Eros qui ont soulevé,</Unicode></TextEquiv></TextLine><TextLine id="tr_1777378720_tl_57" custom="readingOrder {index:56;}"><Coords points="1302,3547 2309,3541 2394,3533 2395,3481 1302,3501"/><Baseline points="1310,3538 1322,3535 1367,3532 1412,3532 1457,3532 1502,3529 1546,3526 1591,3523 1636,3523 1681,3523 1726,3520 1770,3520 1815,3517 1860,3514 1905,3514 1949,3511 1994,3511 2039,3511 2084,3511 2129,3511 2173,3511 2218,3511 2263,3511 2308,3511 2353,3514 2397,3517"/><TextEquiv><Unicode>parmi le public enthousiaste, de fréquents et très-légitimes</Unicode></TextEquiv></TextLine><TextLine id="tr_1777378720_tl_58" custom="readingOrder {index:57;}"><Coords points="1300,3608 1335,3601 1357,3614 1388,3590 1399,3596 1418,3586 1441,3593 1441,3551 1416,3547 1410,3552 1382,3538 1367,3538 1342,3552 1325,3545 1315,3551 1300,3548"/><Baseline points="1307,3580 1352,3583 1397,3580 1442,3583 1445,3583"/><TextEquiv><Unicode>bravos.</Unicode></TextEquiv></TextLine><TextLine id="tr_1777378720_tl_59" custom="readingOrder {index:58;}"><Coords points="1888,3629 2063,3621 2148,3639 2190,3622 2201,3632 2229,3625 2228,3583 2204,3569 2170,3583 2064,3565 2007,3578 1955,3562 1887,3576"/><Baseline points="1896,3610 1941,3607 1985,3607 2030,3610 2075,3610 2120,3610 2164,3613 2209,3616 2233,3619"/><TextEquiv><Unicode>MARIE LASSAVEUR.</Unicode></TextEquiv></TextLine><TextEquiv><Unicode></Unicode></TextEquiv></TextRegion></Page></PcGts>