2946 4158
1603 91 1742 198 298
538 162 1609 261 Et s'acheminant du passé vers les temps modernes,
502 255 1603 310 elle admire les tenuments de notre âge, colonne
500 308 1601 370 élevée à la victoire, arc-de-triomphe, où les émo¬
496 364 1597 415 tions de vingt-cinq années de guerre sont écrites sur
494 411 1605 476 la pierre, statues, fontaines, églises, témoignages de
494 470 1601 538 notre foi, hôpitaux dédiés à Dieu dans ses pauvres ;
494 518 1597 575 elle admire surtout les écoles si nombreuses où l'en¬
490 571 1611 658 fant de la plus indigente famille peut puiser la
488 625 1607 702 ,,, qui peut le conduire à la gloire, et c'est un
1682 180 2803 265 cri d’espérance, adressé à l’avenir, qui termine cette
1690 255 2797 312 poésie, écrite avec élan, et où se font remarquer un
1684 306 2805 387 bon nombre de vers heureux et spirituels..... Nous
1680 356 2795 421 espérons que nos jeunes lectrices, qui aiment en ma¬
1678 413 2795 476 dame Boisgontier l’écrivain moraliste et l‘auteur de
1676 463 2803 530 tant de gais proverbes, voudront aussi la connaître
1674 512 2752 587 comme poète, et liront cette intéressante brochure.
2505 573 2645 650 M. F.
1085 1046 2188 1200 Littérature Etrangère.
646 1338 1441 1465 L'ASINO IN MASCHERA
963 1445 1119 1564 FAVOLA
648 1552 1222 1627 Disse un asino : « Dal monde
658 1625 1243 1688 Voglio arch’io stima e rispetto;
648 1672 1202 1730 Ben so come. » E cosi detto,
652 1722 1103 1783 In gran manto si serrò;
652 1775 1117 1834 Indi a’ pascoli comparve
648 1815 1101 1876 Con tal passo maestoso,
648 1868 1107 1929 Che all’ incognito vistoso
652 1910 1056 1973 Ogni bestia s'inchinò.
646 1951 1220 2016 Lasciò i prati, e corse al fonte
646 2010 1200 2072 E a specchiarsi si trattenne.
642 2056 1186 2121 Ma sventura ! non contenne
650 2107 1079 2167 II suo giubilo, e ragliò.
646 2139 1180 2214 Fù scoverto, e fino al chiusc:
654 2204 1184 2259 Fù tra’ fischi accompagnato;
652 2246 1107 2301 E il Somaro mascherato
654 2297 1149 2368 In proverbio a noi passò :
648 2341 1172 2412 « Tu che base del tuo merto.
642 2392 1119 2459 » Veste splendida sol fai,
648 2447 1186 2511 » Taci ognor, se no scoverto
652 2503 1097 2578 » Came l’asino sarai. »
1034 2556 1413 2623 AURELIO DE GlORGl.
1955 1346 2509 1457 L'ANE DÉGUISÉ
2159 1443 2297 1568 FABLE.
1710 1544 2793 1666 Un âne se dit un jour : « Je veux moi aussi conquérir
1672 1627 2789 1710 l’estime et le respect du monde. Je sais ce qu’il faut faire.»
1716 1708 2791 1789 Cela dit, il s’enveloppa d’un grand manteau, puis il pa¬
1672 1769 2789 1840 rut dans les pâturages, marchant d’un pas si majestueux,
1682 1831 2688 1904 qu’à cet aspect nouveau toutes les bêtes s’inclinèrent.
1710 1880 2791 1981 L’âne quitte les prés, court à une fontaine et s’y mire.
1670 1941 2791 2034 Mais, ò disgrâce ! il ne put contenir sa joie et se mit à
1670 2032 2795 2093 braire. Il fut reconnu et reconduit avec des sifflets jusqu’en
1668 2086 2700 2155 son logis. D’où est venu le proverbe de l’âne déguisé:
1710 2198 2797 2273 Toi qui fais de tes beaux habits la base unique de ton
1670 2256 2795 2335 mérite, garde le silence si tu ne veux être reconnu comme
1668 2307 1791 2386 l’âne.
2250 2362 2673 2437 Mue LOUISE MARciER.
822 2983 2449 3131 SOUVENIRS D'UNE INSTITUTRICE
1317 3125 1953 3256 HISTOIRE D'UNE AME.
1415 3272 1854 3380 Deuxième article (1).
1079 3467 1487 3580 Loches, septembre...
518 3558 1585 3671 Comme les jours de bonheur, les jouis de soleil et
506 3689 1018 3813 (1) Voir le numéro d’Août.
1676 3485 2777 3552 de lumière passent vite! Nous voici à la fin de ce doux
1672 3552 2773 3635 mois de septembre, plus doux aux bords de la Loire
1672 3604 2777 3667 qu'ailleurs, plus doux au sein de la famille que dans
1670 3657 2771 3748 les plus opulentes demeures; le moment du départ
1666 3710 2779 3817 approche à grands pas... Ma pauvre mère me cache
