2897 4318
1247 205 1364 299 201
178 298 1259 358 blement embarrassée; mais certainement aussi de
186 356 1247 418 méchantes langues ont exagéré les torts de ces pau¬
178 412 1254 464 vres enfants? Du reste, mon oncle, je vous promets
174 452 1254 520 de leur faire des représentations, et j’espère obtenir
174 521 770 579 de leur tendresse pour moi...
271 568 1257 632 Essaie, dit Abraham en hochant la tête; mais si
189 632 1251 687 es représentations sont insuffisantes, emploie des
169 684 1257 745 moyens plus vigoureux ; au besoin, je suis là, Richel,
184 738 1254 798 pour ramener tes enfants dans le devoir, et mon zèle
171 787 1251 845 ne te fera pas défaut lorsque tu y auras recours ; ton
174 842 1251 894 sexe est faible, ma fille, et la tendresse des mères les
166 894 1253 959 rend presque toujours aveugles sur le compte de leurs
171 938 332 1000 enfants.
276 991 1251 1057 Merci de vos offres de service, mon oncle ; mais
171 1053 1251 1112 j'espère n'en avoir pas besoin. Yssachar et Benjamin
166 1107 1254 1160 sont un peu dissipés, il est vrai, mais leur cœur est
174 1157 1251 1227 excellent, et lorsque mon cher Ruben retournera
169 1214 1244 1274 parmi nous, il aura lieu d’être satisfait de sa femme
174 1257 605 1318 et fier de ses enfants.
249 1318 1240 1383 —Qu'il en soit ainsi! » répondit Abraham, évidem¬
166 1376 957 1425 ment mécontent des paroles de Rochel.
208 1417 1240 1480 Et il sortit grave et soucieux, comme il était entré.
215 1477 1240 1535 A peine le vieillard fut-il hors de la maison, que
158 1537 1232 1590 Rachel frappa deux coups dans ses mains, et Judith,
158 1590 1231 1648 sa servante, se montra aussitôt à la porte de la cham¬
156 1632 254 1696 bre.
208 1685 1229 1756 « Appelle Yssachar et Benjamin, dit la maîtresse,
162 1734 1174 1797 et qu’ils se rendent de suite auprès de leur mère.
215 1799 1239 1859 Les jeunes maîtres sont sortis un moment après
156 1835 1174 1911 l'arrivée du vénérable Abraham, répondit Judith.
253 1896 1236 1972 C’est bien, dit Rachel en donnant sa main à
151 1956 1227 2018 baiser à la jeune fille, continue ton ouvrage, mon en¬
155 2005 295 2060 fant. »
189 2069 1228 2128 Judith s’assit sur le tapis, tandis que sa maîtresse,
159 2113 1229 2173 enfoncée dans ses coussins, réfléchissait tristement à
151 2166 805 2234 la scène qui venait de se passer.
664 2306 723 2338 II
188 2366 1221 2451 Les Juifs de Constantin étaient encore à cette épo¬
155 2430 1227 2500 que ce qu’on les a vus parmi nous au quinzième
156 2482 1221 2540 siècle : des hommes bafoués, honnis de tous, mé¬
158 2535 1219 2603 prisés par les mahométans à l’égal de la brute elle¬
154 2598 1220 2652 même, car le seul mot de youdi (juif) est encore la
147 2636 1219 2706 plus grande injure qu’un Arabe puisse adresser à un
141 2697 1214 2757 autre homme; et cependant, supérieurs à leurs maî¬
151 2742 1214 2807 tres par leur industrie, leur activité et leur intelli¬
141 2810 1214 2872 gence même, ils accaparaient peu à peu les richesses
150 2855 1219 2921 du pays, tout en simulant toujours l’indigence, de
152 2898 1212 2963 peur d’être frappés par le despote d‘une de ces con¬
146 2953 1216 3026 tributions qui portaient souvent le désespoir dans
150 2999 1212 3075 leur âme et la ruine dans leur maison. Nation à
152 3060 1214 3132 part au milieu des autres nations, n'ayant rien appris
150 3114 1210 3195 ni rien oublié, ne possédant ni ville ni campagnes,
139 3148 1205 3240 toujours étrangère au milieu des peuples avec lesquels
150 3225 1210 3288 elle conserve religieusement ses lois, ses mœurs et
140 3268 1204 3350 son culte, et, comme cette loi mosaïque, bien moins
152 3318 1198 3401 parfaite que l’Evangile, mais bien supérieure aussi
141 3371 1213 3453 aux règles grossières et sensuelles du Koran, laisse à.
140 3420 1201 3498 la femme quelque chose de sa dignité naturelle, le
140 3479 1200 3554 sort des Juives en Algérie est bien moins misérable
135 3528 1145 3611 que celui des femmes mauresques ou bédouines.
140 3573 1197 3673 Celles-ci sont réduites à l’esclavage le plus dégradant,
143 3639 1200 3722 vendues comme un vil bétail, répudiées sans aucun
140 3686 1195 3769 prétexte. Prisonnières dans leur propre maison, leur
139 3744 1195 3832 vie se passe dans des disputes continuelles avec leurs
1340 295 2418 401 rivales, jusqu’à ce que le maître réduise tout le monde
1334 367 2413 458 au silence par l’emploi des moyens les plus grossiers.
1337 413 2415 503 Etres abrutis à force d'humiliation, ignorantes de
1333 466 2413 551 toutes les choses d'ici-bas, et plus encore des espé¬
1341 533 2407 608 rances d'une vie meilleure, elles végètent dans la mai¬
1340 583 2418 665 son ou sous la tente de leur mari, sans pensées, sans
1344 632 2422 719 réflexions intelligentes. Pauvres femmes ! d'autant
1341 688 2415 764 plus à plaindre, qu'elles sont incapables de compren¬
1345 744 2413 806 dre l’étendue de leur malheur ! Les Juives, au con¬
1334 790 2424 874 traire, quoique fort ignorantes aussi, et traitées bien
1336 851 2419 926 moins honorablement que les femmes chrétiennes,
1336 904 2411 960 bénéf cient cependant en quelque chose de cette pa¬
1329 949 2418 1031 role de la Genèse : « Dieu donna à l'homme une com¬
1336 1006 2418 1085 pagne semblable à lui. » Leurs maris ne peuvent les
1330 1068 2418 1145 répudier que pour des fautes graves; ils n’ont le droit
1329 1129 2411 1195 de leur donner une rivale que dans le seul cas d’une
1331 1171 2406 1255 stéritité constatée par dix ans de mariage ; elles sor¬
1337 1219 2411 1306 tent librement, le visage découvert, vont adorer Dieu
1330 1284 2409 1355 dans la partie du temple qui leur est réservée, et peu¬
1337 1337 2410 1404 vent espérer aussi bien que leurs maris le bonheur
1331 1384 2414 1452 de trouver place un jour dans le ciel, au sein de leur
1331 1428 1639 1492 père Abraham
1364 1482 2410 1569 Rachel était peut-être supérieure encore aux autres
1330 1531 2411 1617 femmes de sa nation par l’intelligence et l‘activité :
1322 1605 2403 1674 mariée jeune à Ruben ben Koutchkali, riche mar¬
1325 1658 2413 1724 chand de la ville, elle s’était fait aimer de lui par sa
1323 1697 2413 1783 douceur et ses vertus, plus encore que par sa rare
1318 1757 2407 1835 beauté ; aussi, lorsque Ruben partit de Constestine
1326 1812 2400 1880 pour une affaire de commerce qui exigeait sa pré¬
1318 1867 2406 1927 sence à Tunis, il n’hésita pas à confier l’éducation de
1316 1919 2404 1991 ses enfants et le soin de sa maison à la femme qu’il
1318 1967 2398 2039 chérissait. Malheureusement pour Rachel, l’absence
1323 2024 2399 2086 de Ruben se prolongeait au delà de leurs prévisions
1319 2086 2396 2156 et la faiblesse de la mèreürageait la paresse et
1310 2135 2048 2198 la dissipation des deux jeunes gens.
1359 2180 2394 2254 En se rappelant les mille petites circonstances de
1318 2233 2398 2301 la vie oisive de ces fils trop aimés, Rochel sentait
1311 2285 2404 2353 bien que le vieil Abraham n’était que juste lorsqu’il
1311 2346 2396 2410 se montrait mécontent de la conduite de ses neveux,
1311 2402 2404 2460 mais il lui était trop pénible d'avouer des torts qu'elle
1311 2452 2388 2516 eût voulu pouvoir se cacher à elle-même, et elle n’ac¬
1311 2509 2398 2573 ßueillait pas sans aigreur les avis de cet homme que
1306 2550 2388 2615 l'on appelait sage dans Israël. Néanmoins, dès qu'il se
1304 2598 2385 2675 fut éloigné, elle repassa dans son esprit tout ce qu'il
1306 2666 2293 2724 venait de lui dire, et résolut d’en faire son profit.
1353 2708 2388 2776 Le soleil se cachait derrière le Coudiat-aty, les
1300 2770 2385 2829 Arabes allaient se livrer aux jouissances que permet
1300 2818 2373 2886 le rhamadan, et les fils de Ruben n’étaient point ren¬
1300 2872 2384 2943 trés chez eux. Rachel, inquiète et troublée, attendait
1303 2927 2377 2992 à la lucarne de son cabinet, la seule qui donnât sur
1292 2968 2373 3052 la rue, l’arrivée de ses enfants, observant avec soin,
1308 3040 2376 3102 pour en tirer un augure favorable, le vol des citognes,
1303 3093 2369 3147 qui commençaient à construire leurs nids sur les toits
1296 3136 2365 3200 d’alentour. Enfin, malgré l’obscurité qui voilait déjà
1300 3191 2368 3257 tous les objets environnants, elle distingua la taille
1296 3242 2362 3297 élégante d'Yssachar, et la forme frêle, mais gracieuse,
1288 3295 2361 3361 de Benjamin ; ils s’avançaient tous deux les bras en¬
1293 3344 2350 3407 trelacés. Le cœur de la mère battit d’orgueil et d‘a¬
1287 3396 2361 3472 mour, et ce ne fut qu’avec de grands efforts qu‛elle
1291 3442 2086 3524 parvint à se composer un visage sévère.
1336 3494 2361 3575 « D'où venez-vous? dit Rochel du ton le plus gla¬
1291 3550 1839 3619 cial qu’elle pût emprunter.
1390 3611 2365 3676 Mère, pourquoi n'embrasses-tu pas ton Benja¬
1281 3664 2369 3730 min ? dit d'une voix émue le plus jeune des deux
1287 3721 2368 3793 frères, bel enfant aux joues purpurines, aux yeux
1282 3758 1646 3838 noirs et veloutés.
