2840 4318
1227 251 1320 332 45
165 327 1178 407 — Mais à quel propos cette stupide mésalliance ?
177 404 1217 480 — Oh! Isaure! le mot est vif. Louis de Cormoy
126 461 1220 523 peut n’être pas, selon vous, un parti digne de Laure
121 520 1217 575 sous le rapport de la fortune et de la position sociale
126 576 1230 642 car il est certain qu’elle pouvait espérer mieux,
123 621 1227 696 mais c’est un honnête et digne garçon, dont le père
123 687 1227 739 était l’ami du vôtre et du mien; c’est un gentilhomme
126 738 1236 791 estimé dans tout le pays; il est plein de cœur et
126 785 1043 847 de délicatesse, son extérieur est distingué...
198 843 1234 909 — D’accord, chère amie! il a toutes ces qualités et
126 900 1227 964 d’autres encore. Certes, ce bon Louis est un jeune
123 959 1237 1021 homme que l’on recevra toujours avec plaisir dans
121 1017 1236 1070 son salon et que mille petites bourgeoises auraient
123 1070 1223 1129 raison de se disputer.... Mais quand on est Laure de
122 1126 776 1181 Marnay, on n’épouse pas cela !
180 1160 1226 1257 — Isaure, je ne comprends ni vos idées ni vor am¬
123 1238 1230 1314 bitions. Moi, je connais Louis depuis mon enfance, et
123 1303 1223 1363 je trouve tout naturel qu’on l’estime et qu‘on l'aime.»
177 1360 1220 1435 Cette conversation avait lieu entre deux pension-
129 1421 972 1505 naires, au couvent des ..., près de Blois.
174 1488 1227 1550 On venait d’avoir quelques jours de vacances; les
123 1520 1227 1599 jeunes filles, en rentrant au couvent, apportaient cha¬
118 1596 1224 1683 cune une certaine somme de nouvelles, et elles avaient
118 1640 558 1721 hâte de les échanger.
165 1670 1227 1766 Déjà, à l’ardeur de leur curiosité, à la vivacité de
118 1757 1217 1809 leurs paroles, aux idées qu’elles émettaient naturel¬
118 1808 1220 1868 lement et sans chercher leurs expressions, on pouvait
118 1865 1215 1956 distinguer la différence de leurs caractères, et prévoir
118 1926 731 1993 leurs destinées dans cette vie.
164 1959 1209 2052 Les mariages des élèves récemment sorties du cou¬
132 2036 1032 2088 vent étaient un fécond sujet de conversation.
168 2084 1209 2149 Chaque jeune fille, en laissant échapper une excla¬
118 2146 1217 2195 mation, un mot d’approbation ou de blâme, trahis¬
122 2198 1216 2271 sait ses secrets désirs. L’une se montrait naïve et
121 2254 1209 2320 bonne, prête à se contenter de la vie simple de pro¬
129 2300 1217 2367 vince avec un mari aimé ; l’autre, ambitieuse, ardente
123 2365 1212 2424 aux plaisirs, décidée avant tout à briller dans le monde
126 2407 1219 2484 parisien. On voyait que celle-ci, heureuse seulement
116 2478 1210 2551 de l’amour de son mari et des joies maternelles, reste¬
116 2520 1210 2600 rait là où le bonheur domestique l’aurait fixée, tandis
125 2578 1215 2651 que cette autre, irait chercher jusqu’au delà des mers
118 2641 1219 2698 une position brillante, plutôt que de se résigner à
121 2682 1032 2743 l’obscurité d’une vie modeste dans sa patrie.
168 2738 1215 2802 Toutes, rieuses ou pensives, jetaient aux échos leurs
122 2795 1209 2870 projets d’avenir. Sous les longues charmilles ce n’é¬
126 2851 1219 2924 tait que murmures confus, bruits de voix animées,
118 2902 1210 2992 frôlement de robes et bruissement du sable sous les
122 2952 241 3024 pieds.
171 3001 1216 3076 Cependant, parmi ces jeunes filles il y avait déjà des
123 3063 1215 3133 sociétés formées. Celles qui, plus tard, devaient se
122 3112 1220 3191 rencontrer dans le monde savaient comme d’instinct
126 3179 1220 3241 se choisir et se chercher. Quelques-unes allaient deux
133 3224 1206 3313 à deux et échangeaient à demi-voix leurs confidence,
132 3290 1171 3356 quelques autres s’assemblaient en cercle nombreux.
175 3331 1210 3408 Parmi toutes les élèves, celles dont nous avons re¬
139 3393 1215 3459 produit la conversation au début de ce récit étaient
123 3447 1017 3508 à coup sûr les plus belles et les plus fières.
170 3491 1216 3574 Isaure de Valeroy et Emilie d’Assonne avaient dix-
122 3534 1217 3623 huit ans à peu près. Elles devaient quitter le couvent
126 3614 1213 3683 aux vacances, pour retourner dans leurs familles. Toutes
118 3673 1219 3735 deux étaient riches et appartenaient à la plus haute
122 3721 1209 3797 noblesse de leur province. Laure de Marnay, d’une
118 3773 1215 3839 année plus vieille, avait été leur compagne inséparable
126 3833 1203 3902 avant sa sortie du couvent. Son mariage les préoccu-
132 3877 1261 3954 pait donc plus encore que les autres pensionnaires. I
1310 331 2414 443 Elles pensaient que l’année suivante, probablement,
1314 412 2411 496 on songerait à les établir, et se demandaient avec in¬
1314 470 2412 548 quiétude quels partis leurs familles choisiraient pour
1313 516 1428 583 elles.
1359 569 2408 670 « Vous épouseriez donc un Louis de Cormoy ? vous,
1311 631 2084 693 Emilie? demanda Isaure à son amie.
1372 691 2415 778 — Si je l’aimais, si mes parents me le présentaient,
1318 750 1614 820 pourquoi pas ?
1397 788 2424 871 Ainsi, vous avez dix-huit ans, vons êtes belle...
1320 868 2415 926 assez pour régner à Paris; — vous avez de l’esprit, une
1316 906 2421 980 éducation parfaite, un beau nom, une fortune qui
1330 972 2421 1036 vous donne le droit de choisir, et vous donneriez tout
1318 1024 2407 1097 cela à un brave garçon de province qui vous enfoui-
1317 1084 2415 1161 rait au fond de son château, entre son père, sa mère,
1317 1125 2069 1189 sa sœur et ses voisins de campagne!
1365 1196 2417 1269 — Je ne vous dis pas, Isaac, que ce soit là mon
1313 1227 2411 1335 rêve. Assurément si je me représente le mari que je
1310 1311 2415 1383 souhaite, je le vois doué de tous les avantages : no¬
1310 1351 2415 1442 blesse, fortune, figure, esprit et talent. Mais si, par
1311 1410 2421 1481 aventure, parmi mes compagnons d’enfance, il se
1311 1474 2412 1551 trouvait un jeune homme agréé par mon père, appré-
1310 1523 2418 1602 cié par ma mère, plein des qualités du cœur, son
1317 1583 2417 1677 peu de fortune ne serait pas pour moi une raison de
1306 1628 1439 1691 refus.
1372 1655 2408 1759 — Pour moi non plus, certes ! s’écria tout à coup
1314 1729 2412 1825 une jeune fille qui faisait partie d’un groupe voisin,
1309 1808 2325 1858 et qui suivait depuis un instant la conversation. »
1353 1867 2405 1954 Trois ou quatre pensionnaires se melèrent à la dis¬
1307 1917 1471 1976 cussion.
1348 1961 2402 2046 « Bien, mesdemoiselles, fort bien! Vous êtes libres
1307 2020 2397 2101 de penser à votre guise! s’écria Isaure avec véhé¬
1303 2091 2236 2158 mence! En vérité, de quoi vais-je me mêler?
1348 2147 2401 2220 — Ne vous fâchez pas, ma chère Isaure, reprit
1299 2192 1697 2275 doucement Emilie.
1353 2259 1390 2317 —
1395 2259 2405 2323 — Et que m’importe, à moi? J’aimais Laure, j’en
1303 2317 2402 2379 avais fait ma compagne et mon amie, je croyais que
1292 2370 2400 2436 nous devions dans la vie nous rencontrer souvent, je
1306 2421 2405 2495 vois que je me suis trompée, voilà tout ! Et puis, je la
1306 2463 1795 2546 plains, pauvre fille!....
1377 2537 2143 2604 — Si ce mariage la rend heureuse......
1348 2586 2400 2647 — Oui.... je la vois d’ici, dans trois ou quatre
1299 2635 2398 2689 ans.... Elle a deux ou trois enfants qui crient autour
1299 2684 2391 2755 d’elle ; son mari lit le journal, va à la chasse, sur¬
1306 2742 2398 2808 veille ses fermiers et joue aux cartes. Elle passe l’hi¬
1309 2804 2405 2853 ver dans sa maison de Blois, à voisiner avec toute une
1306 2848 2401 2913 légion de tantes et de cousins, et l’été dans son châ¬
1309 2902 2401 2973 teau, bien enfoncée dans son ménage, brodant des bé¬
1309 2962 2387 3024 guins, dirigeant ses lessives, chaperonnant sa belle
1311 3017 2401 3081 sœur, et faisant ses confitures.... Dans dix ans elle
1306 3074 2387 3129 portera des lunettes, fera faire ses robes par la coutu¬
1306 3118 2400 3181 rière de sa tante et ses chapeaux par la modeste de
1299 3170 2391 3236 la petite ville la plus voisine; dans vingt ans elle
1306 3233 2387 3292 sera grand-mère!.... Et voilà pourquoi elle était ve-
1303 3285 1631 3353 nue au monde !
1398 3323 2390 3404 A coup sûr, Isaure, ce n’est pas vous qui épou¬
1299 3381 2394 3453 seriez un obscur gentilhomme de province, fût-il
1299 3440 2394 3512 beau comme un Adonis et bon comme.... mon frère,
1299 3496 2400 3567 par exemple, dit une des nouvelles venues, dont la
1299 3543 2321 3617 famille était depuis longtemps alliée aux Valeroy.
1348 3604 2289 3680 — Plutôt mourir! s’écria l’orgueilleuse Isaure.
1353 3668 2386 3731 — Mourir fille?....» demanda avec un malin sou¬
1293 3708 1968 3787 rire une espiègle de quinze ans.
1341 3778 2386 3841 Isaure la regarda, sans répondre, avec une expres-
1297 3839 2381 3907 sion de hauteur indiscriptible, et s’éloigna brusque¬
1292 3886 1429 3947 ment.
