2822 3966
1571 7 1675 101 140
527 83 1590 160 disent les gens du pays, et les coups n’y pouvaient
533 122 632 187 rien.
573 184 1579 256 « Monsieur, monsieur! vocifera le cavalier en aper-
522 234 1588 315 cevant à cent pas au-dessous de lui le sire de Kerne¬
523 291 1576 363 vel; monsieur, que cette bête est rétive... ne pourriez-
523 344 1323 412 vous m’obliger de l’arrêter un moment?
620 397 1594 455 Palsambleu, murmura M. de Kernevel, voici un
523 443 1591 503 grand maladroit. Et il essaya de se lever; mais le digne
518 500 1575 565 gentilhomme était assis les jambes pendantes; elles
521 553 1575 619 étaient lourdes, il lui fallait du temps pour les ravoir.
572 599 1582 675 — Monsieur, monsieur! continuait le pauvre homme
518 655 1574 726 en détresse, arrêtez-la, que je m’y affermisse... Mais,
516 707 1572 776 vraiment, il faudrait monter jusqu’à moi... je ne peux
511 759 1575 841 descendre dans cet abîme... Le malheureux touchait
518 795 1021 858 presque à la pente fatale.
612 857 1575 923 Monter! cria M. de Kernevel, qui se mettait
504 881 1570 972 enfin debout... Monter! monsieur, je le voudrais; et
492 950 1566 1028 à son tour il considérait la terrible escalade. Mais ré¬
495 1003 1566 1092 fléchissez, monsieur, que j’ai précisément à faire pour
495 1065 1567 1130 arriver à vous le contraire de ce que vous avez à faire
495 1118 1570 1200 pour arriver à moi... Et j’oserais presque dire qu’il
502 1157 948 1229 vous serait plus aisé...
594 1228 1562 1314 Au nom du ciel, monsieur... La maudite bête
491 1260 796 1350 allait toujours.
535 1314 1562 1401 — Morbleu! pressez moins les jambes! s’écria le
487 1381 1558 1451 chevalier, serrez les rênes, vertubleu ! Tenez, c’est
487 1434 1555 1521 cela... voyez-vous... Dieu soit loué, je ne monterai
491 1481 654 1553 point. »
529 1506 1548 1622 La bête en effet venait de se débarrasser de l’homme.
477 1563 1545 1658 Elle l’avait posé fort peu délicatement sur une touffe
477 1637 1545 1726 d’ajones. Le gentilhomme vit bien que le maladroit
482 1692 1342 1754 en serait quitte pour quelques égratignures.
518 1746 1547 1813 Molé! faisait-il plaintivement... Et il se releva tout
471 1769 1545 1867 d’une pièce comme un automate mû par un ressort
475 1852 1543 1917 secret. Il allongea sur lui-même ses deux grands
471 1895 1536 1977 bras, qui auraient dû donner quelque idée du télé-
476 1960 1539 2031 graphe aux inventeurs de son temps, il se tâta scru¬
468 2019 1540 2101 puleusement des pieds à la tête, par derrière et par
471 2054 659 2139 devant...
518 2089 1529 2184 « Allons, dit-il avec une grimace de satisfaction...
468 2151 1535 2234 Au diable sois-tu, méchante bête ! car ce n’est pas ta
464 2211 1535 2284 faute si je porte encore sur mes épaules la tête d’un
467 2264 1529 2343 homme de loi... Eh bien! monsieur, cria-t-il à M. de
457 2317 1528 2410 Kernevel, qui le regardait curieusement d’en bas, ne
467 2363 1009 2441 voulez-vous point monter?
521 2412 1533 2519 —Ah! morbleu c’en est trop! s’écria le gentilhomme
456 2469 1287 2546 et je crois, l’ami, que vous vous moquez.
561 2527 1524 2611 Monsieur, répliqua l’homme noir d’une voix
444 2582 1513 2663 mesurée et tout en calculant sournoisement la hau-
448 2627 1519 2705 teur de la colline, monsieur, je plaisante rarement.
444 2687 1523 2753 La vie ne m’a point été donnée pour en perdre les
444 2744 1510 2824 courtes heures à de vaines plaisanteries qui ressem-
444 2791 1521 2874 blent au bruit des souris grignotant, dans mon étude,
441 2842 1521 2944 les dossiers de mes clients. Je ne suis pas jovial, moi,
443 2892 843 2963 je suis procureur. »
488 2956 1508 3021 Ce disant, l’homme noir prit un grand parti, il s’as-
441 3010 1519 3081 sit à l’endroit qui lui parut le moins épineux et le
438 3064 1513 3154 plus propice, et il se laissa couler jusqu’en bas sur le
437 3103 868 3180 dos et sur les mains.
498 3172 1513 3250 «Ah! monsieur, dit-il en se redressant devant
437 3182 1513 3291 M. de Kernevel qui l’attendait avec humeur, si les plus
448 3263 1510 3360 grands processifs n’avaient que de pareils sentiers pour
443 3317 1516 3406 arriver au séjour des lois, nous autres robins nous
438 3358 981 3438 serions de pauvres gens! »
486 3407 1504 3524 Le chevalier allait répondre : le bruit d’un galop
438 3470 1506 3591 précipité retentit encore sur la colline... Un autre
1675 67 2729 194 cheval portant un second homme noir apparut au
1669 144 2728 247 sommet, mais c’était un vrai cavalier que le nou¬
1679 213 2733 300 veau venu. Il parcourut du regard toute la largeur de
1669 245 2732 350 la pente, puis apercevant vers le milieu un étroit
1672 296 2724 408 sentier qu’un dénicheur d’aigles n’aurait pas suivi sans
1676 360 2722 455 précaution, il y lança son cheval, au risque de se
1669 410 2722 499 rompre vingt fois les os. En deux minutes, il fut
1664 467 2725 557 arrivé sur la berge. Là il s’arrêta tout court , et
1664 510 2147 578 sauta lestement à terre.
1711 576 2720 663 « Bien, très-bien! lui cria le chevalier qui se pâmait
1666 617 2584 694 d’aise; vous n’êtes pas procureur au moins. »
1700 687 2714 764 Le jeune homme s’aperçut alors que sa robe re-
1657 734 2726 815 troussée jusqu’à sa ceinture laissait voir des bas de
1654 792 2707 859 soie blancs et des culottes de satin bleu qui ne sen-
1654 815 2706 921 taient point l’homme de loi ; il la rabattit vivement.
1693 892 2710 978 «Vous vous trompez, dit-il, avec une gravité su¬
1654 935 2482 1011 perbe, l’homme que voici est mon clerc.
1735 999 2717 1072 — Après tout, fit naïvement le chevalier, ce peut
1652 1032 2716 1135 être un bon clerc pour aller à pied... mais quand il
1646 1089 2159 1169 se faut mettre en selle…
1750 1141 2710 1224 Monsieur, reprit le jeune homme, c’est au noble
1645 1196 2712 1299 chevalier de Kernevel que notre honorable destin
1642 1248 2316 1326 nous fait parler en ce moment?»
1684 1311 2706 1392 M. de Kernevel se campa fièrement sur sa jambe
1642 1357 2643 1443 droite et drapa son manteau. « A lui-même, dit-il.
1695 1411 2658 1493 — La noble damoiselle de Kernevel votre nièce...
1683 1481 2705 1552 — Très-haute et très puissante dame Marguerite de
1634 1512 2705 1595 Kernevel, baronne de Kernevel et de Lothaca, dame
1637 1558 2027 1638 de Keriskercadeo...
1742 1615 2694 1708 Monsieur le chevalier, interrompit le jeune pro-
1633 1676 2703 1754 cureur, M. le marquis de Kernevel votre frère aîné a
1627 1732 2694 1809 cessé de vivre... Son fils avant lui avait été tué. Par
1627 1785 2701 1863 testament le marquis a institué la noble damoiselle
1630 1836 2663 1909 son universelle légataire... Eh bien! qu’avez-vous?
1730 1886 2687 1958 Mon frère et mon neveu sont morts, dit le gen¬
1629 1938 2694 2016 tilhomme; ils ne m’avaient jamais aimé... Que Dieu
1631 1996 2693 2066 garde leurs âmes... Ma nièce, ma petite Marguerite,
1626 2050 2697 2113 est riche à présent. Cette richesse est achetée trop
1626 2097 2693 2161 cher, monsieur le procureur... Mais c’était la volonté
1615 2145 2694 2229 de Dieu... Suivez-moi donc, » reprit-il... et un gros
1619 2187 2027 2268 soupir lui échappa.
1660 2252 2682 2330 Le procureur et son clerc le suivirent en silence.
1613 2289 2678 2394 Lorsqu’il fallut rentrer dans la petite gorge, le pré-
1613 2348 2463 2433 tendu clerc saisit son patron par la robe...
1661 2417 2683 2488 « Monseigneur, lui dit-il à l’oreille, vous connais-
1613 2465 2681 2538 sez le respect que je vous porte... Hélas! vous faites
1613 2503 2467 2586 là, si j’ose le dire, une véritable équipée...
1668 2570 2670 2635 — Taisez-vous, M. Francœur, lui répondit rude¬
1609 2620 2673 2693 ment son compagnon. Vous êtes ici à mon service...
1605 2664 2678 2738 Monsieur le chevalier, reprit-il, on craint qu’il n’y ait
1609 2710 1868 2790 un codicille.
1668 2787 2681 2854 — C’est votre affaire, répondit M. de Kernevel avec
1601 2816 1871 2889 indifférence.
1687 2881 2679 2956 —Monsieur le marquis, insista Francœur toujours à
1609 2937 2666 2997 voix basse... Vous concevez... mon amour-propre...
1598 2994 2678 3060 mon âge!... Ne pourriez-vous donc me faire passer
1603 3046 2675 3130 pour autre chose que votre clerc? Si j’étais au moins
1606 3084 1962 3162 votre collègue... »
1642 3321 2671 3422 Or la maison déserte de Kernevel s’était peuplée
1591 3410 2660 3493 tout à coup comme par enchantement. Une heure au¬
1598 3466 2663 3523 paravant, à voir ces masures sans vitres, presque
1595 3519 2660 3606 sans toit, basses et tristes comme des tombes, on
