2897 4318
1192 294 1314 388 185
126 396 1214 455 sicien le mieux inspiré se trouve soudainement arrêté dans
126 453 1206 505 les effluves de son génie créateur par la monotonie, l’im¬
126 502 1209 553 puissance, la nullité du poème dont, faute de mieux, il est
118 552 1209 606 obligé de se servir; ceci explique le peu d’effet qu’a produit
118 602 1212 654 au théâtre Impérial de musique la première représentation
123 650 1212 708 de François Villon, opéra en un acte de M. Membrée. Ce
116 683 1212 757 jeune compositeur, déjà connu par des production d’un
123 746 1203 789 ordre supérieur, avait à revêtir de ses harmonieuses mélo¬
126 787 1202 851 dies un héros fort peu taillé pour la poésie : François Villon,
129 835 1199 894 poète, un peu voleur, unpeu philosophe et beaucoup trop
121 884 1207 944 cynique, François Villon; vrai gibier de potence, qui n’échappa
118 930 1207 987 aux terribles sévérités de Louis XI que par une grâce toute
118 984 1206 1029 spéciale, ne pouvait soutenir le talent jeune, élégiaque et
123 1026 1203 1085 pourtant énergique de M. Membrée. Quelque habile parti
121 1084 1207 1127 qu'ait su tirer de ce coureur d’aventures, M. Got, auteur
121 1117 1200 1176 du libretto, il n’a pu lui communiquer ce qui convenait au
123 1171 1199 1225 genre du compositeur-musicien, quelque chose de tendre et
119 1221 1191 1288 de passionné qui n’exclut ni la vigueur du style ni l’origi¬
116 1270 546 1332 nalité de la conception.
154 1318 1202 1375 Le rideau se lève sur le chœur plein de verve et d’entrain
123 1356 1196 1422 des garçons sans souci. L'agreste sonorité du hautbois fait
123 1411 1194 1469 entendre un charmant motif dont le tambour de basque ac¬
121 1461 1200 1512 centue le rhythme de la façon la plus pittoresque. Puis
118 1510 1191 1564 viennent les couplets d’Aika et de Villon, d‘une grâce si
121 1555 1191 1612 tendre et si rêveuse qu’on se demande comment le caractère
111 1601 1194 1664 tapageur du personnage principal a pu se plier à une telle
115 1657 1196 1708 situation. L’étrangeté de la chanson bohême que chante
115 1693 1184 1758 l’héroïne, et le De Profundis burlesque sous lequel se mon¬
115 1752 1188 1805 tre un sentiment profond et religieux qui domine les voci¬
115 1795 918 1856 férations des buveurs, enfin un très-joli duo :
172 1844 1031 1898 « Oui ce n'est pas d'aujourd'hui que je t'aime. »
108 1898 1191 1950 sont autant de preuves péremptoires du talent souple et
110 1948 1184 2010 original de M. Membrée. Son instrumentation est sonore,
105 1991 1184 2046 même dans l’emploi des timbres les plus graves, et ses éclats
108 2027 1189 2102 les plus bruyants ne vont jamais jusqu'au bruit. Aussi nous
105 2082 1181 2139 répétons qu’avec un libretto plus approprié à ses moyens,
100 2125 1184 2224 M. Membrée aurait fait un opéra qui, certes, ne fut pas des¬
1293 385 2405 455 cendu aux proportions infimes d’un lever de rideau. Made¬
1296 439 2400 498 moiselle Delille, que des bouts de rôlesans importance avaient
1299 503 2390 557 tenue dans l’ombre jusqu’à ce jour, s’est parfaitement ac
1299 549 2400 611 quittée de la mission qu’elle avait à remplir. Nous devons
1293 603 2394 656 signaler les progrès notables de M. Sapin, qui certes, par
1293 653 2390 703 l’étendue de sa voix et ses qualités de comédien, est appelé
1288 699 2390 756 à devenir un artiste remarquable. Nous répétons avec le
1288 750 2296 805 spirituel feuilletoniste, M. Fiorentino : Boulo boulotte.
1331 790 2384 864 On a repris à l'Opéra-Comique Joconde, une des plus
1293 826 2389 902 charmantes productions musicales de Nicolo. C’est d’un bout
1285 886 2382 955 à l’autre une hispiration gracieuse, facile, toujours soutenue
1284 938 2372 1001 et d'un sentiment fin et délicat. On aime à entendre ces
1285 994 2376 1042 airs avec lesquels a été bercée notre génération. Cette mu¬
1285 1047 2373 1103 sique que savouraient nos pères nous rappelle de doux et
1282 1083 2377 1153 chers souvenirs. Pour notre part, nous l’avons trouvée fort
1281 1128 2369 1202 bien interprétée; mais les vieux amateurs du Théâtre Fey¬
1281 1181 2369 1250 deau ne pouvaient oublier Martin en écoutant Faure, et di¬
1281 1232 2376 1306 saient tout bas que le talent de mademoiselle Lefèvre n’était
1285 1285 2337 1341 pas à la hauteur de celui de la charmante Gavaudan.
1317 1334 2376 1386 Il faudrait remplir les colonnes de vingt journaux, si nous
1285 1370 2373 1436 devions rendre compte de l’immense quantité de concerts qui
1282 1425 2370 1487 ont été donnés à Paris depuis deux mois. Nous citerons seu¬
1282 1461 2370 1525 lement parmi les soirées classiques de la saison, celle don¬
1277 1514 2372 1580 née dans les salons d’Erard par M. Bessems. Ce violoniste a
1274 1565 2372 1627 fait entendre le Chant d’adieu, morceau de sa composition,
1280 1614 2376 1665 d’un très-beau style, exécuté d’une façon irréprochable. Les
1280 1664 2372 1713 sonates de M. Vaucorbeil ont obtenu de chaleureux suf¬
1280 1709 2370 1765 frages; quelques romances de mademoiselle Tys et l’harmo¬
1270 1761 2370 1816 nicorde de M. Lebeau ont complété le programme de cette
1270 1799 1408 1859 séance.
1304 1865 2372 1907 Le lendemain, la salle de Hertz s’ouvrait au concert du
1277 1898 2368 1956 célèbre violoncelliste Batta. Goria, M. de Hartog, Amédée
1270 1948 2365 2018 Dubois et les frères Lyonnet ont rivalisé de talent dans cette
1274 2002 2352 2068 soirée et partagé avec le bénéficiaire les légitimes applaudis¬
1263 2042 1957 2129 sements d'un auditoire enthousiasmé.
1862 2077 2197 2163 MARIE LASSAVEUR.
787 2559 1155 2670 Economie
1209 2569 1668 2678 Domestique
134 2800 1178 2874 SOUPE AUX CERISES. — Prenez un kilogramme de
97 2842 1174 2919 guignes noires, ôtez-en les queues. Mettez 60 grammes
96 2900 1163 2978 de beurre dans une casserole, laissez-le fondre, ajou¬
97 2955 1167 3029 tez les cerises, tournez. Saupoudrez le tout de farine,
90 3011 1171 3079 sautez bien ; ajoutez un verre d'eau et 125 grammes
96 3053 564 3129 de sucre; laissez cuire.
140 3102 1167 3183 Faites frire à part des petits croûtons coupés en dés,
93 3163 1162 3247 mettez-les dans un plat creux, versez dessus les ce¬
91 3217 1169 3316 ises et leur jus et servez rapidement, afin que les
98 3267 981 3348 croûtons n'aient pas le temps de détremper.
134 3320 1159 3407 ÉPIS DE MAIS AU VINAIGRE. — On prend les épis
98 3359 1162 3461 lorsqu’ils commencent à se formeret qu’il sont longs
91 3418 1163 3516 tout au plus comme le pelit doigt; on les débarrasse
96 3478 1166 3557 de leur enveloppe, de leur barbe et de leurs queue ; on
86 3529 1164 3624 ajoute de petits oignons blancs et une gousse d’ail.
89 3581 1156 3668 On met le vinaigre dans une bassine élamée; lors¬
89 3640 1159 3725 qu’il bout, on le sale ; on ajoute de l’estragon et du
87 3692 1169 3782 piment, on y jette les épis et on laisse faire quelque
1260 2806 2352 2882 bouillons. On verse dans une terrine non vernissée
1266 2860 2344 2926 pour laisser refroidir. On place les épis dans un bo¬
1261 2925 2352 2979 cal en y ajoutant de l’estragon, de la passe-pierre et
1256 2964 2185 3036 des capucines. Ils forment un bon condiment.
1296 3028 2337 3080 CHEVEUX D’ANGE. — Prenez douze carottes bien ten¬
1256 3075 2350 3136 dres et de moyenne grandeur, ratissez-les, cou — les en
1252 3126 2340 3184 longueur en tranches très-minces, divisez ces tranches
1256 3184 2336 3245 en filets très-menus; écorcez deux citrons, ôtez-en le
1256 3233 2340 3298 blanc qui se trouve entre le zeste et l’intérieur du
1249 3295 2339 3352 fruit, cou —cez ce blanc en filets, mettez-le dans une
1252 3337 2325 3402 casserole avec vos carottes et un verre d'eau bouil¬
1256 3400 2333 3448 lante; faites mijoter jusqu’à ce qu’il ne reste plus
1249 3448 2332 3507 d'eau; ajoutez le jus des deux citrons et 75 grammes
1246 3500 2334 3561 de sucre en poudre, remuez souvent, ne laissez ni
1246 3539 2334 3613 roussir, ni attacher; lorsqu'il ne reste plus de jus,
1246 3613 2333 3671 dressez en pyramide sur une assiette et servez chaud
1249 3662 2336 3725 ou froid, à volonté. C'est un bon et joli plat de
1245 3712 1408 3793 dessert.
