2959 4075
1620 135 1718 230 242
537 226 1628 314 sasse à demander des nouvelles de la jeune Ven¬
541 289 1441 364 déenne, que j'avais trouvée si intéressante.
586 346 1630 402 » —Hélas! la pauvre dame, me répondit ma mère
546 393 1624 461 dont les yeux se mouillèrent de pleurs, son mari l'a
551 446 1627 506 envoyé chercher au point du jour par un espèce de
541 492 1615 565 domestique chargé de protéger sa fuite; elle est partie,
551 551 1624 614 par une pluie battante, portant son enfant dans les
544 607 1628 679 bras; c'était à faire pitié ! Qui sait où elle se trouve
541 667 814 739 maintenant ?
589 708 1627 790 » — Elle est perdue ! m'écriai-je avec douleur. Il
546 746 1466 843 fallait lui offrir de la cacher dans la maison.
584 822 1616 891 » — J'ai fait tout ce que j'ai pu pour la retenir, quel¬
544 881 1624 940 que dangereuse que sa présence fût pour nous en ce
541 934 1619 982 moment ; mais elle a voulu partir à toute force, di¬
537 978 1621 1049 sant qu'elle partagerait jusqu'à la fin les dangers et
535 1023 1615 1117 les fatigues de son mari. Que le Seigneur ait pitié
539 1077 664 1156 d’elle !
574 1132 1617 1207 » Je cachai mon visage dans mes mains et je de¬
529 1200 1609 1255 meurai plongé dans une tristesse pleine d’inquiétude
541 1252 1612 1311 que les bruits du dehors n'étaient guère propres à
528 1287 708 1368 dissiper.
574 1361 1612 1416 » On n'entendait de toute part que des cris de dé¬
539 1399 1612 1476 tresse se mêlant aux cbants des soldats ivres de
535 1467 1605 1529 vin, de sang et de carnage; puis le bruit de la fusil¬
529 1516 1602 1579 lade immolant de nouvelles victimes; enfin c’étaient
529 1572 1605 1630 toutes les horreurs qui se commettent trop souvent
524 1627 1120 1687 dans une ville prise d’assaut.
571 1679 1600 1736 » Nous passâmes vingt-quatre heures sans oser seu¬
528 1707 1605 1785 lement mettre la tête à la fenêtre; dès que je tentais
526 1778 1600 1842 de faire un pas hors de la chambre, ma mère, qui
526 1838 1605 1894 me gardait à vue, s’élançait pour me retenir, et quel¬
529 1882 1600 1956 que désir que j’éprouvasse de m’ échapper de nou¬
532 1946 1381 2009 veau, je n'osais pas lui causer ce chagrin.
566 1998 1605 2054 » Enfin, un de nos parents qui demeurait à l'autre
526 2046 1591 2108 bout de la ville, vint frapper à notre porte pour sa¬
524 2092 1601 2159 voir ce que nous étions devenus. Il nous témoigna
520 2137 1600 2223 beaucoup de joie de nous retrouver sains et saufs, et
526 2209 1597 2273 ma mère,üncouragée par cette visite, consentit à me
521 2253 794 2324 laisser sortir.
562 2318 1597 2374 » Je fus rencontré par deux ou trois de mes amis qui
520 2376 1597 2433 m'embrassèrent et me félicitèrent d'avoir échappé à
517 2426 1597 2479 de si grands périls, et tous ceux qui se connaissaient
511 2477 1591 2543 faisaient de même; on se racontait les dangers que
517 2522 1590 2592 l'on avait courus, les pertes que l'on avait éprouvées.
511 2577 1590 2640 Un de mes camarades m’apprit alors que l’on venait
513 2639 1587 2707 d’arrêter vingt-deux brigandes qui s’enfuyaient dans
514 2688 1591 2766 des voitures sur la route de Bonnétable, et qu’on les
510 2732 955 2805 conduisait en prison.
554 2800 1594 2857 » Je pâlis en songeant à la jeune Vendéenne que nous
506 2852 1587 2923 avions hébergée, un instinct secret semblait m’avertir
510 2905 1527 2961 qu'elle était du nombre de ces pauvres créatures.
546 2965 1485 3025 » — Je veux aller voir cela, dis-je à mon ami.
546 3013 1585 3075 » Il avait une course à faire du côté de Saint-Pavin,
502 3068 1582 3126 nous nous séparâmes dans la rue du Petit-Pont-Neuf.
547 3119 1582 3188 » A peine l’eus-je quitté, que j’entendis des cris de
499 3173 1581 3233 mort et des vociférations telles que le seul souvenir
499 3225 1581 3285 m’en fait encore tressaillir d’horreur. Je voulus re¬
502 3276 1593 3343 tourner sur mes pas, mais une force supérieure à ma
499 3322 1590 3390 volonté semblait me pousser en avant; j’avançais
505 3389 1579 3457 presque malgré moi. Arrivé sur la place des Jaco¬
500 3433 1582 3509 bins, j'y trouvai beaucoup de monde rassemblé; un
498 3482 1579 3561 horrible spectacle s’offrit à mes regards. Entourées
498 3536 1581 3630 des soldats qui les avaient arrêtées, les malheureuses
507 3593 1581 3682 Vendéennes étaient debout dans le quinconce, pâles,
492 3643 1579 3730 échevelées, couvertes de sang et de boue, et autour
490 3711 1579 3809 d'elles, semblables à des hyènes furieuses, une
1712 229 2796 322 troupe de femmes de la lie du peuple, huilant
1714 290 2800 368 comme des possédées, excitaient les hussards du geste
1707 345 2803 425 et de la voix à égorger leurs prisonnières. A cette
1712 402 2797 475 vue je fus indigné, je perdis tout sentiment de pru¬
1713 453 2793 525 dence, et montrant le poing à ces furies, je criai de
1706 510 2797 589 toutes mes forces aux soldats de la république qu'ils
1710 559 2796 630 n'avaient pas le droit de disposer de ces pauvres
1705 611 2789 690 femmes, qu’ils en répondaient sur leur tête, et que je
1706 655 2785 743 les dénoncerais s’ils les maltraitaient. Mais mes cris,
1706 727 2788 791 entrecoupés de sanglots, se perdirent dans le tumulte,
1702 784 2786 840 et ce fut un bonheur pour moi, car s’ils eussent été
1712 837 2789 911 entendus, je me serais fait massacrer sans aucune
1712 886 2789 955 utilité. Une jeune ouvrière qui connaissait ma famille,
1709 945 2789 1013 et qui passait là par hasard, remarqua seule mon
1699 998 2779 1072 exaspération, et venant droit à moi, elle me mit la
1706 1042 2429 1110 main sur la bouche en me disant :
1742 1096 2786 1162 » — Tais-toi, citoyen Gervais; que te sert de crier
1702 1141 2692 1223 ainsi? Tâchons plutôt de sauver quelque victime.
1740 1219 2777 1282 » Elle s’approcha alors avec un courage que peu de
1705 1266 2782 1335 gens auraient eu, peut-être, de ces malheureuses fem¬
1692 1323 2785 1390 mes de plus en plus menacées, et apercevant un petit
1698 1369 2782 1448 garçon de quatre ou cinq ans que sa mère tenait par
1694 1410 1892 1470 la main :
1739 1439 2773 1534 » — Citoyen, dit-elle à l’un des soldats, je n’ai point
1698 1519 2782 1601 d’enfant, laisse-moi emporter celui-ci, je l’élèverai
1697 1567 1999 1656 comme il faut.
1728 1626 2775 1705 » — Prends-le si tu le veux, répondit le hussard
1686 1661 2295 1752 sans se faire prier davantage.
1728 1725 2771 1797 » La brave fille voulut emporter le bambin dans ses
1691 1777 2777 1853 bras, mais celui-ci s’accrochant aux jupes de sa mère:
1729 1840 2775 1893 » — Non, non, dit-il d’un ton décidé, moi veux mou¬
1690 1887 2047 1956 rir avec maman!
1729 1934 2770 2032 » — Sauvez celui-ci, madame, dit une voix qui re¬
1687 1999 2773 2067 mua douloureusement toutes les fibres de mon cœur;
1687 2046 2621 2121 il est trop jeune encore pour vouloir mourir !
1729 2110 2771 2172 » Je regardai avec effroi, tremblant de reconnaître
1680 2149 2328 2222 celle que j’étais venu chercher.
1729 2209 2762 2290 » Hélas! c’était bien elle, en effet, l’angélique créa¬
1687 2258 2764 2336 ture que j’avais tant admirée quelques jours aupara¬
1690 2328 2770 2393 vant, et que je retrouvais près de subir une mort si
1680 2373 2699 2445 cruelle et sans pouvoir l’arracher à ses bourreaux.
1721 2426 2764 2492 » — Donnez-moi votre enfant, m'écriai-je en luiten-
1682 2486 2764 2556 dant les bras, ma mère en aura soin comme si c’était
1675 2534 1988 2595 sa propre fille.
1714 2587 2749 2647 » Elle me reconnut soudain, un éclair de joie illu¬
1679 2640 2032 2707 mina son visage.
1717 2693 2768 2766 » — Oui, oui, prenez-la, dit-elle, et que Dieu soit
1672 2749 2587 2804 béni, je mourrai plus tranquille maintenant.
1717 2809 2760 2865 » — Ne perdez pas courage, lui répondis-je à demi¬
1679 2857 2762 2927 voix en plaçant de mon mieux la petite fille sous mon
1672 2920 2763 2973 manteau ; tout espoir n’est pas perdu ; si vous pou¬
1679 2973 2758 3029 viez seulement arriver jusqu’à la prison, le plus grand
1677 3023 2718 3093 péril serait passé : j’ai des amis que je ferais agir.
1721 3082 2773 3143 » Elle jeta sur moi un regard subline de douleur et
1671 3119 1977 3184 de résignation.
1717 3186 2760 3239 » — Merci de votre compasion, me dit-elle ; mais je
1668 3240 2763 3307 n'espère plus rien dans ce monde, mon mari a été
1669 3289 2758 3353 tué la nuit dernière, que puis-je désirer de mieux
1676 3345 2433 3418 que d'aller le rejoindre dans le ciel?
1706 3407 2748 3464 » — Vous vivrez pour votre Henriette, lui répon¬
1664 3452 1803 3521 dis-je.
1709 3510 2752 3573 » — Nom d’un diable ! assez causé comme ça!dit en
1664 3559 2753 3626 me repoussant avec violence le même hussard qui
1661 3629 2369 3696 avait permis de prendre l'enfant.
1706 3674 2752 3734 » — Partez! sauvez-la ! cria la pauvre mère d'une
1672 3726 2752 3818 voix étouffée, pendant que les énergumènes femelles
