2840 4318
1245 185 1332 274 57
145 287 1244 358 l’exemple, un respect et des attentions de toutes les
138 339 1241 398 heures; tâchez de l’égayer doucement, et de deviner
136 398 1238 466 les volontés et les désirs qu’elle n’exprime plus qu‘a-
141 454 1241 510 vec peine. Elle aime à se promener, j’espère que bien
132 510 1247 565 souvent vous lui servirez de guide et d’appui; elle se
133 555 1248 626 plaît à entendre un peu de musique, chantez pour
138 619 1257 689 elle! la joie que vous lui donnerez vaudra mieux que
143 666 1247 750 les applaudissements d’une assemblée brillante. En¬
138 717 1247 795 fin, mon enfant, je vous répéterai, à vous, à Gustave,
128 777 1247 862 à votre petite sœur, à propos de cette bonne mère, ces
139 829 672 914 vers d’une femme poète :
172 976 1051 1037 Son navire est au port et va plier ses voiles :
172 1037 1079 1108 Hâtez-vous de l’aimer, c’est moi qui vous le dis,
172 1092 1038 1159 Car déjà son pied touche au seuil du paradis ;
172 1156 1204 1223 L’ombre envahit ses jours, couverts de sombres voiles,
176 1217 1038 1285 Nul soleil d’autrefois dans son cœur ne reluit ;
182 1267 1012 1343 Venez y rayonner : la vieillesse est la nuit ;
254 1322 818 1397 Enfants, soyez-en les étoiles!
178 1487 1235 1555 A votre frère, à votre sœur, vous devez, chère Al¬
133 1539 1240 1612 bertine, l’affection (et vous l‘avez, j’en suis sûre), de
145 1598 1240 1667 plus le bon exemple et le bon conseil. Tâchez d’ob¬
135 1656 1242 1725 tenir leur confiance, mais vous ne le pourrez qu’en
128 1708 1242 1778 leur témoignant beaucoup de bonté et d’amitié. La
132 1766 1241 1819 bonté, c’est la clef d’or qui ouvre les cœurs, et là où
135 1815 1238 1889 l’esprit, la finesse, le talent échouent, la bonté réus¬
138 1872 1245 1940 sit. Prenez sur vous-même, afin de leur montrer un
135 1927 1241 1991 caractère égal, modéré ; témoignez-leur bien que leurs
143 1988 1241 2045 petites importunités (car ils s’adressent toujours à
145 2039 1237 2094 vous pour leurs études, leurs jeux, etc.) ne vous pè¬
138 2102 1238 2150 sent jamais, afin qu’ils viennent toujours vers vous
146 2148 1240 2214 avec pleine ouverture de cœur. Gustave est très-vif,
141 2195 1235 2276 et, par conséquent, souvent très-peu raisonnable ;
139 2248 1233 2327 que votre raison, à vous, soit calme, dénuée de pé¬
139 2300 1240 2377 dantisme ; ne donnez pas tort à la bonne cause en
135 2354 1240 2428 assaisonnant au vinaigre vos remontrances et vos pe¬
138 2414 1234 2484 tits sermons. Octavie est négligente, paresseuse, sti¬
139 2475 1234 2545 mulez-la par une surveillance exacte et surtout par
141 2513 1238 2601 le bon exemple de l’ordre et de l'activité... Enfin, que
145 2582 1231 2637 vous dirai-je ? soyez mère, en aimant ces chers en¬
145 2624 1241 2698 fants, en étudiant leur caractère, en les rapprochant
141 2684 1235 2751 de votre père, en les entourant de bien-être, d’amour,
138 2742 1238 2810 de sollicitude. Par ces soins de toutes les heures, oui,
133 2783 1234 2866 ma chère Albertine, il faut être mère et savoir aimer,
133 2837 697 2915 comprendre et se dévouer!
178 2895 1238 2961 A ces conseils bien sérieux j’en ajouterai un autre.
135 2951 1237 3016 Il existe, ma chère filleule, une petite comédie qui
141 2999 1235 3069 porte un singulier titre : Un ange dans le monde, un
141 3069 1238 3118 diable à la maison. Beaucoup de jeunes filles, de jeu-
148 3118 1234 3185 nes femmes pourraient, hélas! être les héroïnes de
148 3169 1235 3243 cette petite pièce, mais j’espère que mon Albertine
151 3208 1241 3289 évitera ce tort et ce travers, et qu’aimable pour tout
146 3265 1234 3354 le monde, elle sera plus aimable, plus expensive,
155 3317 1233 3398 plus douce encore chez elle, au sein de sa famille.
146 3385 1234 3462 Aux vertus solides ajoutez l’agrément de la cordialité,
151 3434 1240 3517 de la complaisance, et aussi d’une politesse exacte,
152 3486 1234 3559 quoique toujours simple. Parce que vous êtes en fa¬
149 3540 1237 3615 mille, avec un frère, une sœur, de jeunes parentes, ne
149 3601 1237 3676 vous croyez pas dégagée des liens du savoir-vivre, et
139 3656 1233 3720 soyez sûre que, dans la vie intime, l’observation des
139 3696 1237 3774 bienséances, bien loin de diminuer l’amitié, y ajoute
143 3763 1233 3831 du charme. Il n’y a que les gens mal élevés qui pen¬
141 3816 1230 3874 sent que la grossièreté est le synonyme de la con¬
1329 256 2465 334 fiance, et la familiarité la monnaie de l’affection.
1329 332 2468 400 Donc, et ce conseil s’applique surtout à votre jeune
1329 382 2464 460 frère et à votre petite sœur, ne souffrez pas que, sous
1342 442 2459 523 prétexte des libertés de la vie de famille, ils négligent
1338 494 2467 569 leur petite toilette, leur tenue, qu’ils demandent
1338 567 2448 642 brusquement et reçoivent sans remercier, qu’ils té¬
1335 629 2454 696 moignent de l’humeur et se livrent avec une franchise
1338 677 2448 736 trop entière aux explosions de leur caractère. Je re-
1342 736 2451 808 viendrai sur cette matière, car il est temps de passer
1323 788 1815 868 à un sujet plus frivole.
1386 843 2442 913 Vous me dites, ma chère Albertine, que, par suite
1332 897 2432 971 de la longue maladie de votre mère et du change¬
1326 956 2438 1020 ment de résidence de monsieur votre père, vous vous
1335 1018 2438 1072 voyez obligée de renouveler en partie l’ameublement
1329 1066 2432 1125 de votre maison, et vous me demandez mes conseils.
1326 1112 2430 1189 Si je m’en croyais, chère enfant, je crierais bien haut:
1326 1173 2430 1238 Ne suivez pas l’entraînement du jour ! soyez simple!
1323 1237 2432 1294 soyez modérée! n’abusez pas des lampas, soyez sobre
1329 1289 2435 1345 de bronzes et de dorures! ne vous jetez pas dans les
1332 1339 2431 1390 chinoiseries! évitez les fleurs exotiques! fuyez les fan¬
1332 1389 2435 1457 taisies ruineuses qui font plaisir un jour et gênent
1335 1450 2430 1515 pendant une année ! Auprès de la plupart de nos jeu¬
1323 1500 2432 1565 nes femmes, je serais, parlant de la sorte, une inutile
1329 1556 2431 1623 et pauvre Cassandre; mais vous, chère Albertine,
1326 1612 2430 1674 guidée par votre raison et par les désirs de votre père,
1329 1661 2430 1728 vous m’écouterez, j’en suis sûre. Voici donc ce que je
1332 1722 2431 1774 vous propose et qui me semble assorti à votre fortune:
1332 1775 2431 1843 — Votre salon, avec les beaux meubles de palissandre
1326 1828 2425 1884 et la charmante garniture de cheminée que je vous
1323 1887 2417 1944 connais, serait bien meublé en damas de soie rouge,
1323 1940 2423 2001 étoffe solide et belle. Je ne vous conseille pas d’acheter
1326 1994 2427 2052 de petits meubles en bois dorés ni en imitation de
1318 2048 2431 2107 Boule; ce sont des coquetteries fort chères qui, d’ici
1321 2097 2413 2161 à peu de temps, paraîtront surannées. Les rideaux se-
1318 2150 2427 2222 raient doubtless, en mousseline brodée au crochet et en
1321 2208 2427 2269 damas de soie rouge. Pour la salle à manger, que vous
1321 2261 2430 2319 devez renouveler entièrement, je vous conseille : un
1318 2316 2427 2373 bullet à étagère en acajou; une table ronde à un pied
1325 2373 2430 2427 et à allonges, du même bois ; des chaises aussi en
1318 2427 2424 2485 acajou, garnies de canne; sur l’étagère, des porce¬
1319 2474 2430 2540 laines, des grès, quelques cristaux; aux fenêtres, des
1318 2535 2424 2587 rideaux d’algérienne vert et maïs; par terre, une
1323 2587 2432 2640 belle natte de la Chine. Sur la cheminée, pendule et
1318 2643 2431 2702 coupes de marbre blanc. Si votre salon et votre salle
1318 2691 2431 2763 à manger sont grands, vous choisirez des papiers fon¬
1318 2753 2424 2806 cés, sinon, des papiers très-clairs ; pour le salon, des
1318 2797 2191 2858 baguettes dorées tiennent lieu de bordure.
1365 2858 2428 2922 Le cabinet et la chambre à coucher de monsieur
1329 2917 2432 2981 votre père avec ses livres, ses meubles anciens, s es
1326 2965 2427 3033 portraits, son médaillier, n’est pas à changer, non
1323 3026 2424 3076 plus que l’appartement de votre chère grand’maman.
1326 3077 2414 3133 Les vieillards tiennent à leurs habitudes. Votre cham-
1323 3124 2417 3191 bre à vous, mon Albertine, je la voudrais voir tapis¬
1326 3172 2414 3239 sée d’un petit papier gai, à bouquets; rideaux de
1326 3236 2411 3302 perse aux fenêtres et au lit; votre petit bureau sur¬
1326 3292 2418 3351 monté de sa bibliothèque; un guéridon, quelques
1323 3347 2417 3399 chaises, une chaise prie-Dieu en formeraient l’ameu¬
1323 3392 2415 3459 blement. Sur la cheminée vous mettriez une sta¬
1326 3439 2414 3516 tuette de la sainte Vierge et deux vases de fleurs ;
1329 3486 2417 3568 près du lit, voire bénitier ; sur le guéridon, le verre
1326 3547 2418 3617 d’eau or et blanc que je vous connais ; sur le bureau,
1326 3603 2292 3676 un encrier, un bougeoir, un porte-allumettes.
1367 3655 2418 3709 La chambre d’Octavie, qui est près de la vôtre, se¬
1326 3718 2415 3783 rait arrangée à peu près dans le même genre. Pour
1325 3772 2418 3835 celle de Gustave, un lit, un lavabo, un bureau, une
1323 3821 2411 3882 table à dessin, le tout simple et solide, me semble-
