2897 4318
1123 188 1351 289 353
329 374 2129 558 DON CARLOS DE VIANE ET DON CARLOS D'AUTRICHE
637 825 1836 955 Explication de l'Enigme Historique de Novembre.
157 1018 1192 1089 Les deux princes d’Espagne qui, à un siècle d‘in¬
123 1062 1192 1152 tervalle, périrent à la fleur de leur âge, victimes de
126 1123 1192 1204 la cruauté paternelle, sont les deux Carlos; l’un,
119 1181 1195 1253 don Carlos de Viane (1), prince de Navarre, l’autre,
119 1237 1192 1325 don Carlos d’Autriche, dont la fin tragique est surtout
128 1291 800 1351 connue par le drame de Schiller.
164 1309 1188 1405 Don Carlos de Viane, né en 1420, était fils de Jean II,
126 1369 1188 1459 prince d'Aragon, et de Blanche, reine de Navarre : à
121 1448 1186 1511 l’âge de vingt et un ans, à la mort de sa mère, il hérita
112 1504 1177 1558 de ce dernier royaume. Mais la jalousie paternelle s’é¬
117 1555 1186 1614 veilla aussitôt; Jean II voulut reprendre la Navarre à
112 1596 1188 1665 son fils, qui, stimulé par ses partisans, leva des
119 1650 1174 1726 troupes et résista à son père à main armée, ter¬
110 1701 1186 1782 nissant par cette rébellion filiale une cause juste et
117 1753 1177 1820 légitime. Il fut vaincu à la bataille d’Aibar, et ren¬
108 1800 1177 1874 fermé dans le château de Tafalla. Il ne sortit de cap¬
108 1851 1183 1939 tivité qu’après avoir promis de n’accepter le titre de
110 1916 1177 1990 roi de Navarre qu’après la mort de Jean II. Excité par
117 1963 1179 2040 le roi de Castille, il reprit les armes et ne fut pas plus
114 2010 1183 2096 heureux que la première fois; vaincu, fugitif, il se
110 2073 1165 2134 retira à Naples, auprès de son oncle Alphonse le Ma¬
119 2131 1177 2201 gnanime. La mort de ce prince le laissa sans appui;
114 2178 1179 2250 cependant, par sa soumission et ses témoignages de
112 2230 1177 2304 respect, il se serait réconcilié avec son père, si celui-ci
105 2270 1177 2356 n’eût été excité contre ce malheureux prince par sa
108 2333 1172 2398 seconde femme, Jeanne, qui haïssait don Carlos, et
110 2385 1051 2445 destinait ses États à son propre fils, Ferdinand.
150 2430 1161 2508 Poussé par cette cruelle marâtre, Jean II fit arrêter
108 2488 1174 2564 son fils aîné, et l’envoya au château d’Orthez, alors au
112 2539 1161 2611 pouvoir de son beau-frère, Gaston Phoabus. A cette nou¬
112 2593 1168 2656 velle, les provinces se révoltèrent, et voulurent con¬
108 2631 1163 2719 traindre Jean II à reconnaître don Carlos pour son hé¬
108 2685 1165 2766 ritier et à le fiancer avec Israelle de Castille, que Jeanne
110 2748 1168 2817 réservait à son fils Ferdinand. Cette union n’eut pas
99 2793 1159 2862 le temps de s'accomplir : don Carlos mourut empoi¬
108 2842 1168 2920 sonné en 1461, laissant d'unanimes regrets, car la
110 2891 1163 2970 grâce de son caractère répondait à la beauté de son
110 2954 1163 3030 génie. En mourant, il fit demander pardon à son
110 3006 1165 3075 père, et il accepta la mort avec résignation, comme
101 3048 1156 3131 le châtiment de sa rébellion. Très-jeune encore, il
103 3104 1159 3180 avait traduit en langue castillane la Morale d'Aris¬
101 3149 1154 3234 tote, et il avait dédié son travail à son oncle, Alphonse
101 3207 1159 3292 le Magnanime. Ce prince, songeant au triste sort de
99 3252 1152 3344 la Navarre, son héritage, que les rois de France et les
94 3319 1152 3400 rois de Castille avaient, par leurs guerres continuelles,
103 3366 1159 3440 presque entièrement ruinée, fit graver sur son cachet
101 3425 1154 3508 deux dogues furieux se battant pour un os, emblème
99 3460 1074 3575 triste et épigrammatique de ce malheureux pays.
128 3620 1150 3743 (1) Viane est une petite ville de Navarre, qui faisait
101 3664 724 3747 partie de l'héritage de don Carlos.
208 3727 807 3821 VINGT-CINQUIÈME ANNÉE.— N° XII.
1316 1015 2335 1121 Ferdinand d'Aragon, frère cadet de don Carlos, hé¬
1275 1080 2338 1186 rita de son apanage (la Navarre exceptée); il épousa
1278 1143 2324 1230 Isabelle de Castille; il fut l’heureux vainqueur de Gre¬
1271 1204 2320 1278 nade. Sous son règne, Colomb découvrit le Nouveau¬
1269 1248 2329 1331 Monde, et ce prince réunit autant de prospérités que
1275 1311 2329 1378 son frère déshérité et persécuté avait subi d’infortunes.
1304 1354 2329 1437 Don Carlos d’Autriche, que la poésie a rendu célè¬
1264 1390 2335 1493 bre, naquit en 1545 : dès son bas âge, il parut violent
1266 1459 2326 1540 dans toutes ses passion. Son aïcul, Charles-Quint,
1266 1506 2326 1587 l’ayant vu encore enfant, porta sur lui un jugement
1266 1562 2326 1641 sévère et n’en augura rien de bon pour l’avenir. En
1264 1620 2324 1699 effet, le petit prince paraissait cruel, obstiné et sujet
1260 1681 2320 1746 à des accès de colère qui allaient jusqu’au délire.
1260 1726 2317 1802 Il déplut à son père, Philippe II, par un caractère
1257 1773 2326 1851 indocile et méfiant; on remarqua qu’il marchait
1260 1827 2315 1901 toujours armé, et l’on sut qu’il avait fait fabriquer, en
1260 1874 2311 1952 secret, par un artisan français, une serrure qui,
1253 1936 2311 1997 .adaptée à la porte de sa chambre, ne permettait pas
1260 1977 2313 2049 qu'on l'ouvrit du dehors. Philippe, instruit et alarmé
1257 2037 2308 2100 des précautions qu’il prenait, fit forcer cette porte et
1257 2087 2311 2156 s’assura de la personne de son fils. On trouva sous
1257 2145 2308 2199 son lit une cassette qui renfermait sa correspondance
1257 2192 2311 2264 avec les Gueux révoltés des Pays-Bas, auxquels il pro¬
1251 2250 2315 2306 mettait l'appui de sa présence. A la découverte de ces
1260 2302 2308 2362 pièces importantes, il se laissa aller à un désespoir
1253 2353 2304 2414 affreux et on eut peine à l'empêcher de se tuer. Phi¬
1253 2396 2308 2459 lippe le fit emprisonner; on instruisit son procès, et le
1257 2456 2308 2515 coupable et malheureux infant fut condamné à mort.
1257 2503 2295 2562 On assure qu'il se fit ouvrir les veines dans un bain.
1289 2551 2302 2620 Cette version paraît la plus conforme à la vérité
1251 2600 2302 2665 historique. D’autres auteurs, notamment les historiens
1253 2656 2304 2721 protestants, assurent que don Carlos aimait la femme
1251 2719 2302 2770 de son père, Elisabeth de France, qui lui avait été
1251 2766 2302 2824 promise autrefois à lui-même, et que cet amour cou¬
1248 2824 2306 2873 pable fut la véritable cause de la colère de Philippe II.
1242 2869 2297 2925 La mort d'Elisabeth, qui suivit de près celle de son
1242 2914 2293 2967 beau-fils, donna quelque créance à ce bruit, et un
1239 2967 2291 3021 Français adressa même à Henri III une longue pièce
1244 3021 2286 3082 de vers pour l’engager à venger la mort de la reine,
1235 3079 2288 3131 sa sœur, qu'on supposait avoir été empoisonnée après
1233 3122 2288 3192 la mort de don Carlos. « Son imagination, dit de thou
1235 3183 2282 3239 en parlant de ce poète, a été le flambeau à la lueur
1242 3223 2273 3288 duquel ont marché nos faiseurs de nouvelles, et en¬
1239 3283 2284 3339 suite nos historiens. » Ce grave historien fait observer
1235 3328 2282 3393 que Philippe II ne donna les mains à la mort de son
1230 3375 2279 3447 fils que lorsqu’il se fut convaincu qu’iI ne restait au¬
1230 3431 2284 3496 cun moyen de le corriger et de sauver l'État, et que
1233 3481 2279 3548 ce fut une cruelle nécessité politique et non une ven¬
1237 3532 2284 3611 geance de famille qui dicta l'arrêt de ce prince insensé
1230 3588 1544 3658 et malheureux.
1282 3599 2275 3696 Quoi qu'il en soit, la mort de don Carlos, entourée
1230 3682 2275 3759 des circonstances romanesques et mystérieuses que
2039 3757 2090 3789 23
