2822 3966
1551 93 1654 176 130
504 133 1559 231 futaussi nommé gouverneur du château de Fismes, et
507 208 1562 300 occupa pendant de longues années le bailliage de
505 252 642 316 Senlis.
560 305 1548 396 Voici de quelle manière il nous annonce sa promo
504 353 1551 457 tion à ce dernier poste, qui paraît avoir été assez im¬
503 407 688 493 portant :
626 513 1427 576 Chacun me dit : Dieu vous doint (donne) joie
623 568 1092 635 De votre nouveau bailliage
715 622 928 680 De cent lis!
550 715 1551 783 On voit par là que le calembour date de loin dans
500 766 1550 855 notre langue. Sous ce rapport, le bailli de cent lis est
499 823 1412 891 un des ancêtres du fameux marquis de Bièvre.
538 871 1547 932 Les biographes placent l’époque de sa mort peu de
493 916 1543 991 temps après celle de Charles VI, arrivée en 1422 : de
488 976 1535 1046 sorte qu’il aurait vécu plus de quatre-vingt-quatorze
487 1023 1551 1111 ans, exemple de longévité tout à fait encourageant
480 1067 868 1138 pour ses confrères.
528 1126 1538 1203 Ce poète a laissé près de quinze cents ballades et
481 1175 1534 1251 rondeaux, qui forment, suivant la remarque de Cra¬
487 1234 1540 1304 pelet, son éditeur, une espèce d’encyclopédie morale
487 1284 1539 1343 du siècle où il a vécu. Rigide censeur, il poursuit à
489 1331 1539 1406 outrance les vices et les ridicules, partout où il les
481 1388 1524 1448 rencontre. Aussi, l’esprit salirique et hardiment fron
484 1436 1539 1502 deur qui domine dans la plupart de ses poésies les
483 1490 1535 1554 rend-elles bien autrement intéressantes que tous les
483 1532 1527 1609 refrains d’amour perpétuellement rebattus par ses de-
481 1588 1528 1666 vanciers, et même par un grand nombre de ses suc¬
476 1643 1290 1701 cesseurs, entre autres Charles d’Orléans.
519 1690 1527 1774 Rien n’échappe à l’acerbe critique de Deschamps,
475 1743 1524 1809 pas même les modes nouvelles, les mille et un arti¬
472 1798 1526 1862 fices de toilette que se permettaient les dames du
468 1851 1526 1915 moyen âge. Il ne se gêne pas pour leur dire, avec
468 1895 1524 1993 toute la brusquerie d’un homme qui, dans le temps,
469 1950 934 2007 a vécu chez les Turcs :
548 2043 1222 2118 Atournez-vous, mesdames, autrement,
540 2094 1410 2191 Sans emprunter tant de haribourras (falbalas?).
511 2213 1528 2285 Mais nous n’insisterons point sur ce côté du talent
463 2254 1514 2338 de maître Eustache, et nous préférons nous en tenir
463 2314 1528 2397 à la partie élevée et sereine de son œuvre; d’autant
459 2363 1527 2446 plus que nous croyons avoir fait, dans quelques-uns
463 2422 1518 2497 des articles qui précédent, une assez large part au
456 2478 1519 2561 génie railway et marquois de la vieille muse nationale.
465 2525 1528 2603 Il est temps de la considérer dans ce qu’elle peut
459 2569 1024 2650 avoir de noble et de sérieux.
504 2623 1530 2716 La ballade Sur l’Amour de Dieu nous offre d’abord
465 2680 1524 2768 la strophe suivante, qui ne manque pas, à notre avis,
456 2737 1511 2837 de force et de dignité, surtout si l’on veut bien se re¬
456 2784 1123 2880 porter à l’époque de Deschamps :
528 2890 1223 2985 Il n’est qu’un roi qui ait titre certain,
524 2958 1187 3024 Et tous règnes procèdent de ce roi :
531 3009 1294 3078 C’est un seul Dieu, qui est seul souverain.
535 3054 1156 3129 Qui tout créa et qui tout a en soir
523 3092 1272 3186 De lui vient tout; les autres, par ma foi,
527 3146 1187 3213 Peut déposer des règnes de la terre,
523 3204 1220 3260 S’ils sont pervers et ne gardent sa loi :
524 3240 1291 3306 De tel seigneur fait bon l’ainour acquerre.
487 3333 1499 3429 Sans doute, ce n’est pas encore là l’énergique gra¬
455 3385 814 3476 vité de Corneille :
563 3489 1344 3590 Je n’adore qu’un Dieu, maître de l’Univers,
559 3542 1435 3661 Sous qui tremblent le ciel, la terre et les enfers.
1687 177 2696 267 Ni l’ampleur élégante et sonore de ce divin Racine :
1758 289 2661 364 L’Eiernel est son nom, le monde est son ouvrage;
1759 333 2641 404 Il entend les soupirs de l’humble qu’on outrage...
1762 373 2531 483 Et du haut de son trône interroge les rois.
1685 463 2686 554 Mais, tels qu’ils sont, les vers d’Eustache annon-
1642 540 2692 611 cent déjà les cordes graves qui bientôt vont s’ajouter
1637 570 2011 643 à la lyre française.
1678 642 2686 715 Ailleurs il s’écrie, en maintenant sa voix dans ce
1637 666 2003 747 ton ferme et viril :
1755 746 2379 868 Qui peut vivre de son loyal labeur,
1750 834 2351 900 De l’art qu’il a ou de sa revenue,
1747 883 2423 955 Sans excéder, il vit à grand honneur,
1745 927 2389 1000 Car sa vie est de tous bonne tenue,
1743 975 2503 1072 Puisqu’il ne toult (1), qu’ il ne ravit ou tue
1742 1016 2397 1099 Et que toujours à loyauté s’adresse,
1745 1062 2355 1130 Sans acquérir chevance malotrue :
1745 1115 2526 1198 Mieux vaut honneur que honteuse richesse.
1663 1203 2682 1319 Noble précepte, à répéter plus haut que jamais, par
1625 1272 2025 1344 le temps qui court !
1663 1328 2677 1415 L’Habit ne fait pas le moine. Voilà encore un
1622 1391 2666 1455 adage bien vieux...... et bien inutile. Eustache Des¬
1617 1439 2343 1527 champs le développe en ces termes :
1735 1535 2443 1618 Trop de gens sont qui honorent l’habit,
1739 1587 2399 1657 Et au corps font pour cela révérence,
1731 1634 2341 1690 Et ne tiennent compte de l'esperit
1735 1689 2449 1749 De cil qui a bonnes mœurs et science...
1730 1733 2378 1791 Les apôtres ni le doux Jésus-Christ
1730 1774 2485 1841 Ne portèrent draps de grande apparence;
1734 1826 2467 1895 Mais leurs vertus furent de grand profit,
1738 1869 2425 1946 Qui ont partout donné bonne créance.
1655 1963 2669 2045 Il est impossible, en lisant ce passage, de ne pas
1613 2030 2674 2109 songer à la spirituelle boutade de Sedaine : Ah! mon
1603 2075 2165 2143 habit, que je vous remercie!
1658 2126 2674 2194 Econtons maintenant notre vieux poète vanter les
1603 2135 2307 2241 plaisirs de l’étude et de la science :
1725 2285 2503 2351 Il n’est délit (plaisir), joie, fête, soulas (2),
1726 2327 2387 2397 Joutes, tournois, déduit, ébattement,
1721 2374 2365 2447 De quoi chacun ne soit une fois las,
1723 2414 2665 2505 Combien que (quoique) tout plaise au commencement.
1723 2470 2314 2534 Continuer ces choses longuement
1718 2505 2435 2575 Engendre ennui ou quelque déplaisance.
1718 2559 2371 2618 Étudier n’a pas ce mouvement (3) :
1722 2609 2407 2674 Car tout déplait, fors étude et science.
1642 2724 2659 2805 Maître Eustache a cent fois raison. Au reste, il se
1591 2770 2655 2865 trouve partager à cet égard l’opinion d’un des plus
1602 2840 2657 2909 grands hommes de l’antiquité, et bien des siècles au¬
1602 2897 2662 2988 paravant, Cicéron avait déjà dit, dans son plaidoyer
1599 2936 1887 3005 pour Archias:
1639 2968 2661 3072 «Quand on ne rechercherait dans l’étude que le
1600 3049 2662 3134 seul plaisir d’étudier, on trouverait encore, j’en suis
1591 3112 2662 3185 convaincu, qu’il n’existe pas au monde de récréation
1600 3153 2650 3222 plus honorable, plus digne d’un homme libre. Les
1591 3220 2663 3280 autres distractions, en effet, ne sont ni de tous les
1588 3262 2659 3356 instants, ni de tous les âges, ni dé tous Ies lieux : les
1634 3430 2238 3509 (1) Du latin tollit, prend, enlève.
1641 3492 2647 3545 (2) Du latin solatium, consolation, et, dans un sens plus
1594 3533 2189 3602 étendu, distraction, amusement.
1643 3580 2517 3669 (3) Autrement dit, n’éprouve pas ces vicissitudes.
