2897 4318
1287 202 1441 279 113 —
202 292 1301 376 particulier au nouveau venu, et un regard attentif au
202 348 1257 405 jeune gentilhomme qui se tenait un peu en arrière.
246 404 1301 471 «Ah! ah! c’est vous, monsieur de Troy, dit-il en
202 456 1294 528 puisant quelques grains de tabac dans une boîte d’or;
202 507 1287 588 je suis content de vous voir pour vous annoncer moi
199 563 1298 628 même que le sujet de votre tableau de Henri IV te¬
198 617 1294 690 nant le premier conseil de l’ordre du Saint-Esprit a
194 659 1298 747 été agréé par Sa Majesté, et que vous n’avez qu’à
200 722 677 789 vous mettre à l’œuvre.
235 781 1300 846 Jean de Troy s’inclina respectueusement, et promit
192 828 1300 899 de faire tous ses efforts pour soutenir l’honneur de
188 877 549 951 l’école française.
239 947 1293 1013 « Je suis bien sûr d’avance, dit le ministre, que
199 990 1298 1066 vous le sauvegarderez. Au reste, j’espère que l’état
189 1049 1288 1116 de nos finances nous permettra désormais de protéger
200 1096 1294 1177 plus utilement les arts et les lettres, cet ornement
189 1160 1291 1221 d’un règne. Ce matin même, j’ai donné des ordres
191 1219 1291 1287 pour l’achèvement des bâtiments de la Bibliothèque
185 1279 1294 1345 du Roi, et j’ai fait partir pour l’Egypte et la Grèce des
189 1334 1288 1387 savants qui doivent nous rapporter des manuscrits
188 1380 1041 1450 rares. Ma matinée aura été bien remplie.
246 1441 1287 1503 — Je m’applaudis alors, dit l’illustre peintre, d’avoir
192 1493 1284 1547 pris la liberté de faire entrer avec moi ce jeune homme
195 1547 1290 1602 qui désire remettre une lettre à Votre Eminence. Il
187 1587 984 1648 se présente sous d’heureux auspices. »
231 1637 1287 1739 Le cardinal reporta son regard sur de Favray qui
189 1694 539 1767 baissait les yeux.
229 1756 1261 1837 « Rassurez-vous, dit-il; qui êtes-vous , monsieur?
290 1817 1287 1879 Je me nomme Antoine de Favray et j’appartiens
192 1862 658 1930 à la noblesse bretonne.
289 1912 1280 1984 Noblesse loyale et ferme, bien qu’un peu enti-
191 1959 1283 2045 chée de sa nationalité. Les Bretons sont gens que
185 2027 1277 2112 j’aime. Mais je connais votre nom : à Fréjus, il y
189 2072 856 2150 avait en garnison un capitaine...
290 2136 943 2206 Monseigneur, c’était mon père.
304 2180 910 2255 C’est cela. Voyons sa lettre. »
229 2226 1280 2324 Un secrétaire donna lecture de la lettre du comte
189 2298 1048 2367 de Favray; et le ministre la résuma ainsi :
231 2356 1272 2415 « Monsieur votre père désire que vous entriez dans
177 2401 1269 2461 l’ordre de Malte, cet ordre si glorieux et qui a si vail-
176 2446 1272 2520 lamment défendu la chrétienté contre les infidèles. Il
176 2511 1272 2578 me prie d’aplanir pour vous voutes les difficultés.
176 2551 671 2632 Est-ce aussi votre vœu?
276 2616 1262 2685 C’est mon vœu, dès que c’ est celui de mon père.
225 2665 1273 2751 — J’applaudis à vos sentiments. Tenez pour assuré,
165 2726 1258 2787 monsieur, que vous serez bientôt admis dans l’ordre.
267 2771 841 2860 - Mais..., murmura Antoine.
286 2823 500 2899 Qu'est-ce?
267 2891 1262 2956 J'ai aussi un vœu personnel, et j'ose supplier
178 2924 1154 3010 Votre Eminence de me permettre de l’exprimer.
265 2992 1266 3062 Faites, monsieur. Je suis ici pour entendre tous
160 3029 503 3105 les sujets du roi.
265 3098 1262 3167 Si je puis un jour être utile par mon épée et mon
158 3153 1264 3228 sang à la sainte cause de la religion, je m’estimerai
158 3198 1248 3277 trop heureux; mais il me serait doux de passer quel¬
166 3247 1193 3324 ques années à Paris avant d’être appelé à Malte. »
206 3301 852 3376 Le ministre fronça les sourcils.
214 3358 1011 3437 « Et pourquoi ce retard? demanda-t-il.
276 3401 1262 3489 Pour achever d’apprendre à Paris, où seulement
159 3456 1254 3549 j’en trouverai le moyen, l’art sublime que j’ai com-
158 3520 1254 3596 mencé tout seul à étudier en Bretagne, cet art qui a
158 3571 1253 3651 été la force et l’enchantement de ma vie, — la pein¬
156 3619 282 3690 ture!
207 3662 926 3741 — La peinture ! s’écria le cardinal.
253 3741 1241 3827 La peinture!.. répéta Jean de Troy avec stupé¬
149 3783 317 3865 faction.
348 3852 994 3924 VINGT-CINQUÉME ANNÉE. — N° IV.
1485 294 2513 386 Cet art que j’aimerais tant à continuer d’appren¬
1387 351 1864 424 dre chez M. de Troy. »
1425 415 2186 480 Le peintre tendit la main à Antoine.
1431 477 2502 545 « Avec la permission de Son Eminence, dit-il, je
1391 532 2501 593 vous admettrai volontiers parmi mes élèves. J’aime
1385 588 2494 671 les vocations sincères. Ou je me trompe fort, ou votre
1387 651 2493 713 penchant, qui s’est révélé de lui-même, est sérieux et
1385 701 2367 784 digne d’intérêt. Tout dépendra de monseigneur.
1488 759 2486 838 J’y réfléchirai, dit le cardinal; et croyez bien,
1376 805 2483 885 monsieur, que tout ce qui pourra s’accorder avec un
1378 875 2482 947 goût aussi noble que le vôtre sans être contraire aux
1378 915 2480 1005 volontés de votre père ni au bien de l’ordre de Malte,
1378 954 2484 1071 je le ferai pour procurer à la France un bon peintre
1380 1011 1547 1087 de plus.
1416 1265 2472 1381 Plusieurs années s’écoulèrent pour de Favray dans
1371 1341 2469 1430 la vie la plus laborieuse et la plus retirée. Obligé de
1370 1391 2472 1472 refaire des études imparfaites, et n’étant plus déjà à
1371 1454 2471 1537 cet âge où la main obéissante se moule sur la pensée
1370 1508 2475 1579 qui la dirige, il avait dû travailler énormément avant
1373 1561 2476 1637 de commencer à être satisfait de lui. Il n’en voulait
1365 1620 2471 1702 même pas croire l’indulgente amitié de Jean de Troy;
1373 1667 2473 1752 et souvent, après des essais réitéres, il détruisait son
1367 1720 2106 1785 œuvre comme indigne de subsister.
1407 1779 2458 1855 L’art pouvait seulement remplir son cœur sans ali-
1369 1837 2458 1904 ment et y suppléer cette famille absente et si éloi¬
1367 1877 2461 1963 gnée, dont le souvenir avait pour l’exilé le charme
1365 1937 2458 2025 triste des premières années. Ah ! qui les remplacera,
1371 1991 2458 2074 ces caresses d’une mère, cette amitié franche de deux
1367 2054 2457 2115 sœurs? Qui comblera le vide qu’éprouve le pauvre
1367 2096 2453 2182 chevalier de Malte privé de sa famille et condamné
1369 2151 2289 2229 par ses vœux à n’en pas retrouver une autre?
1416 2195 2447 2283 Vainement Jean de Troy prodiguait à son élève fa¬
1365 2266 2454 2330 vori les marques de la confiance et de l’estime; et
1367 2316 2454 2390 vainement celui-ci s’était-il fait l’existence la plus
1355 2361 2441 2443 laborieuse. Quelque chose d’intime manquait au che¬
1365 2430 2454 2490 valier qui ne revenait jamais à son modeste logis, où
1352 2464 2446 2555 l’attendait sa vieille gouvernante, dame Geneviève,
1355 2542 2447 2606 sans éprouver un sentiment de tristesse et de vague
1353 2594 2440 2639 ennui. Telle était la disposition d’esprit où il se trou-
1362 2642 2447 2704 vait encore par une belle soirée d’été, lorsqu’après
1358 2693 2440 2757 une longue promenade faite sur le boulevard, à l’om¬
1348 2733 2441 2808 bre des ormes séculaires et par un magnifique clair
1353 2795 2447 2866 de lune, il s’achemina le long de la rue Saint-Antoine
1355 2848 2441 2918 jusqu’à son logis situé dans une petite rue adjacente.
1347 2907 2447 2974 Tout se taisait, le bruit des voitures avait cessé
1348 2959 2433 3033 d’ébranler les maisons, à peine quelques passants at-
1341 3017 2433 3080 tardés se glissaient-ils furtivement le long des mu¬
1341 3079 2432 3134 railles : il n’y avait qu’un artiste ou le guet qui pût
1344 3116 2436 3180 être sur pied à cette heure-là. Arrivé près de l’église
1341 3176 2429 3236 Saint-Paul-Saint-Louis, le chevalier crut distinguer
1348 3230 2429 3285 une blanche forme qui s’enfuyait. S’étant approché
1341 3283 2429 3346 des marches de l’église, il aperçut quelque chose qui
1338 3329 2415 3397 ressemblait à un paquet : c’était un berceau d’osier
1348 3391 2425 3449 contenant une petite fille d’un an environ, qui dor¬
1344 3440 2424 3509 mait du sommeil le plus tranquille, sans se douter,
1341 3489 2426 3553 la pauvre enfant, qu’elle venait d’être abandonnée
1341 3543 2421 3617 sur la voie publique par sa mere, trop pauvre appa-
1335 3600 2435 3665 remment pour l’élever. Ah! il fallait qu’elle fût bien
1351 3642 2429 3737 pauvre cette mère qui se privait ainsi de la vue, des
1335 3701 1988 3765 baisers de l’innocente créature!
1384 3767 2425 3831 Antoine s’agenouilla, considérant l’enfant avec ce
1330 3817 2425 3883 respect et cet intérêt profond qu’inspire la faiblesse.
