2897 4318
1203 208 1370 288 331
153 280 1203 357 d’une grandeur immense et déjà très-sombre; le vent
156 344 1206 405 soufflait avec un bruit Iugubre dans les grands arbres
163 384 1208 455 qui l’obscurcissaient, et en interceptant les rayons du
159 451 1206 507 soleil, la rendaient froide comme une glacière. De
165 505 1207 555 temps en temps la religieuse, en enfonçant dans ses
163 550 1206 620 grandes manches ses mains bleuies par l’air vif et hu¬
159 612 1196 670 mide, tournait vers la cheminée un regard fort expres¬
165 658 1199 722 sif, sans réussir à amener l’ordre d’y allumer du feu
209 712 1203 772 Tout à coup Régine souleva brusquement sa tête, et
163 767 1203 826 portant la main à la hauteur d'une de ses oreilles,
160 819 1206 874 elle parut écouter avec attention. Un bruit assourdis¬
155 862 1206 927 sant de cloches partait à la fois de toutes les églises
163 915 1206 974 de la ville. Au mouvement qu’elle fit, la religieuse et
164 971 1206 1027 Urbain furent à l’instant debout et devant son lit. A
156 1023 1206 1078 l’approche d’Urbain, Régine rentra précipitamment
153 1076 986 1135 ses bras et ses épaules sous sa couverture.
201 1127 1200 1184 « Un changement s'opère, ma bonne sœur, dit Ur¬
153 1184 1206 1248 bain à la religieuse. Notre chère malade a remarqué
159 1240 1206 1294 le bruit des cloches, et, bien qu’elle ne paraisse pas
163 1292 1203 1350 m’avoir reconnu, le retour à la connaissance s’est
163 1338 579 1400 cependant manifesté.
201 1403 1203 1446 — Oui, dit la bonne sœur, écartez-vous un peu, ne
156 1448 928 1504 la gênez pas »; et elle-même se retira.
208 1496 1203 1567 Quand Régine n’eut plus personne devant elle, ses
156 1559 1199 1625 regards errèrent par toute la chambre, en s'arrêtant
153 1614 1196 1673 avec une sorte de vague inquiétude sur les tentures
160 1663 1194 1714 des murailles. C’étaient d’antiques tapisseries au pe¬
156 1714 1199 1774 tit point, représentant d’épais feuillages au milieu
156 1765 1196 1818 desquels des personnages de grandeur naturelle sem¬
153 1815 1196 1879 blaient vaciller devant les yeux affaiblis de la malade.
153 1871 1196 1931 Ces tentures, ouvrages de sa grand’mère et de sa bi¬
151 1921 1187 1981 saïeule, étaient restées telles que madame de Beau¬
141 1974 1200 2031 freny les avait laissées. Aucun meuble n’en cachait les
148 2027 1191 2086 détails. Dans l’hôtel Morvan, il n’y avait que les lits,
140 2069 1194 2135 les chaises et les tables indispensables à des êtres
141 2131 333 2199 humains.
184 2165 876 2234 « Où suis-je? dit Régine. J’ai peur.
255 2217 1194 2297 Vous êtes chez vous, chère amie, dans votre
141 2293 928 2379 chambre, dit Urbain en se rapprochant.
208 2331 1182 2431 — Non, dit Régine. Mais vous... vous.... » continua¬
144 2409 886 2467 t-elle avec l'accent de l'interrogation.
187 2434 1192 2523 Son regard sembla chercher contre le mur une
144 2506 485 2582 sonnette absente.
180 2559 567 2642 « Rose ! cria-t-elle.
233 2619 988 2690 Qu'est-ce que Rose ? dit la religieuse.
231 2681 1184 2737 C'est son ancienne femme de chambre, répondit
137 2725 285 2798 Urbain.
236 2788 1182 2857 Chère amie, dit-il, rappelez vos souvenirs, je
131 2828 604 2905 suis Urbain, votre mari.
229 2882 760 2956 Mon mari!... Urbain !... »
180 2936 1179 3002 Régine se pressa le front du bout du doigt. Elle pa¬
136 2997 1175 3064 raissait faire de grands efforts pour retrouver la mé¬
139 3040 269 3102 moire.
183 3090 1020 3168 « Urbain !... répéta-t-elle, je ne sais pas. »
183 3140 906 3220 Puis elle soupira d'un air découragé.
184 3198 868 3261 « Urbain Morvan! reprit son mari.
236 3241 1176 3326 Ne dites pas Morvan, dit tout bas Régine, ap¬
136 3300 692 3358 pelez-le seulement Urbain. »
183 3349 1071 3426 La lèvre d’Urbain se souleva avec amertume.
184 3400 848 3461 « Les souvenirs reviennent, dit-il.
179 3442 1182 3537 Les cloches sonnaient toujours. Une seconde fois
139 3501 1020 3566 elles absurdèrent toute l’attention de Régine.
177 3568 1179 3626 « Urbain !... mon mari!...» répéta-t-elle en portant
135 3605 776 3670 de nouveau le doigt à son front.
176 3654 1186 3759 Soudain un cri rauque qui ne put sortir tout à fait
1291 283 2345 375 de sa poitrine épuisée lui échappa, et deux larmes
1291 332 2298 432 brûlantes coulèrent lentement le long de ses joues.
1335 403 2345 480 « Je me souviens, dit-elle. Ces cloches sonnent l'en¬
1290 443 1823 511 terrement de mon père!...
1343 477 2347 600 — Non, non, mon enfant! s'écria la bonne sœur,
1294 548 1997 610 ces cloches sonnent la fête des élus.
1342 604 2341 695 — Mon père ! répéta Régine. Appelez-le, je veux le
1292 656 1391 720 voir.
1402 711 2346 780 Mon enfant, dit la religieuse, vous venez de
1287 767 2351 838 faire une grande maladie. Calmez-vous, je vous en
1295 815 2354 907 prie, car vous êtes sauvée; mais vousêtes encore bien
1287 862 1452 931 malade.
1394 878 2281 1008 Alors, répondit Régine, mon père est mort!
1338 968 1621 1036 — Pourquoi ?
1343 1015 1726 1087 — Il serait là!... »
1331 1078 2346 1154 Le médecin entra à ce moment; il s'appliqua d'a¬
1292 1116 2353 1208 bord à changer le cours des idées de la malade, puis
1286 1184 2351 1255 il lui fit prendre une notion calmante, et pendant
1295 1240 2353 1307 quelques heures la pauvre jeune femme retrouva
1291 1286 2247 1354 dans un sommeil agité l'oubli de tous ses maux.
1335 1342 2353 1418 La convaleschence fut longue, et tout l'hiver se
1286 1399 2354 1462 passa pour Régine dans cette triste chambre où l’âtre
1290 1444 2353 1512 s’était enfin garni d’un peu de bois, se consumant
1287 1490 2351 1571 lentement sous la cendre amoncelée, sans jeter la moin¬
1287 1542 2347 1619 dre flamme. Régine, accoutumée au bien-être, fris¬
1286 1600 2343 1658 sonnait constamment, les pieds sur les chenets, quoi¬
1283 1655 2353 1721 que affublée de tous ses châles. Son mari lui faisait
1284 1707 2347 1766 fidèle compagnie ; mais au lieu de se sentir heureuse
1282 1753 2346 1819 de sa présence continuelle, Urbain, toujours là, pesait
1284 1802 2033 1867 sur son cœur comme un cauchemar.
1322 1858 2337 1938 « Hélas ! se dit-elle un jour, moi non plus, je n’ai¬
1286 1914 2342 1975 mais pas ! J’ai pris le désordre de l’imagination pour
1279 1959 2341 2038 les mouvements du cœur... La véritable affection
1284 2019 2341 2087 prend sa source dans l'estime... et c'est pour cela que
1282 2067 2338 2137 je me suis irrévocablement enchaînée ! Mais qu'est-ce
1283 2121 2342 2186 encore que ma chaîne auprès de mes remords? C'est
1286 2167 2134 2231 pour cela aussi que j'ai tué mon père !... »
1330 2217 2334 2290 En vain, en grelottant, Régine réclamait plus de
1276 2274 2249 2334 bois dans la haute et large cheminée d'autrefois.
1316 2326 2326 2398 « Qu'est-ce que dirait mon père ? répondait froide¬
1271 2385 2329 2435 ment Urbain. Le vôtre vous a trop gâtée, chère amie.
1272 2430 2327 2505 Avec le temps vous vous accoutumerez à notre simpli¬
1271 2487 2281 2543 cité toute primitive et un peu rude, j’en conviens.
1323 2542 2318 2611 — Mais nous ne sommes pas forcés de nous chauffer
1264 2587 2306 2655 à ses frais. N'avons-nous pas notre fortune person¬
1263 2627 1630 2689 nelle, la mienne ?
1315 2686 2314 2756 — Si mon père me voyait moins économe que lui,
1267 2733 1659 2809 il serait mécontent.
1359 2790 2311 2862 N'est-ce pas plutôt, Urbain, que vous lui ressem¬
1262 2837 1387 2906 blez ?
1371 2881 2315 2953 Quand cela serait? dit Urbain avec son regard
1264 2945 2318 3005 de maître, devant lequel l'esclave courba la tête. Mais
1274 3004 2317 3056 vous me calomniez, chère amie, reprit-il en souriant
1264 3056 2319 3106 ironiquement et adoucissant sa voix jusqu'au son
1264 3101 1459 3169 mielleux.
1318 3154 2307 3221 — Pourquoi vivre en commun, quand on n'a pas
1259 3201 2314 3266 les mêmes goûts? dit Régine. Allons habiter ma
1262 3262 1430 3333 maison.
1319 3290 2306 3368 — Nous ne pouvons pas quitter mon père, dit Ur¬
1260 3354 1725 3428 bain. Il s'en vengerait.
1366 3410 1598 3473 Comment ?
1359 3456 1713 3524 En se remariant.
1363 3510 1937 3572 Eh bien ! que nous importe ?
1367 3565 2310 3628 Vous trouvez qu'il ne nous importerait pas d'a¬
1267 3609 2305 3682 voir à partager ma fortune avec des frères et sœurs?
1259 3664 2311 3736 reprit Urbain en riant. Votre désintéressement va
