2959 4075
1673 104 1779 195 254
591 164 1682 265 est posé de manière à ce que tout le feston du bord
598 251 1682 316 puisse se détacher sur la première coulisse. Sur une
601 305 1680 363 petite passe, large de deux centimètres, est posé un
590 358 1680 417 double rang de garnitures; ces garnitures sont de
590 409 1682 465 même étoffe que le bonnet; celle du dessous a, de
595 463 1687 523 longueur, un mètre quarante centimètres; elle est
595 517 1685 577 large, dans le milieu du front, de un centimètre et
598 572 1684 635 et de deux dans le bas des joues; au bord d'un petit
601 637 1677 692 ourlet de mouchoir est cousue une valencienne d'un
604 685 1670 746 centimètre et demi; cette première garniture est po¬
593 735 1675 800 sée de manière à froncer un peu sur le front et à
601 787 1677 855 former des tuyaux égaux à partir des tempes; elle
590 845 1682 906 tourne autour de la pointe du bas et vient se terminer
583 899 1674 954 sous les premiers plis du bavolet. La seconde garni¬
583 945 1677 1004 ture n'a que un mètre vingt-six centimètres de lon¬
586 1003 1670 1076 gueur; elle est de même hauteur que la précédente;
587 1059 1675 1120 au-dessus du petit ourlet sont deux plis très-fins.
586 1109 1664 1178 Cette seconde garniture se rose à deux centimètres
582 1166 1669 1236 de l’autre, en disposant l‘angleur de la même façon;
587 1220 1674 1278 elle se termine à la pointe du bonnet. Le bavolet a de
590 1271 1674 1333 longueur 77 centimètres, cinq de hauteur par der¬
582 1329 1674 1394 rière, et se termine vers les oreilles tout à fait en
595 1383 1680 1442 pointe; un ourlet d'un centimètre est surmonté de
593 1436 1670 1493 quatre petits plis; la valencienne des garnitures est
588 1496 1674 1551 cousue au bord; une fois cousu au bonnet, le bavolet
586 1536 1664 1608 doit former des plis très-prononcés. Ce bonnet se ter¬
583 1597 1662 1649 mine enfin par les brides et par le nœud des coulisses
582 1651 1670 1720 les premières ont quarante-cinq centimètres de long
582 1699 1674 1769 sur huit de large; les secondes, vingt-six de long
587 1756 1664 1811 sur cinq de large; toutes arrondies par le bas et sim¬
583 1800 934 1888 plement ourlées.
624 1869 1257 1960 51, CROQUIS DU BONNET TERbetié.
624 1959 1677 2033 52 et 53,MANCHETTE ET COL, à broder sur nansouk
575 2022 1662 2076 double, terminé par un rang de piquûre et par une
582 2069 1662 2149 petite valencienne légèrement tuyautée. Ce genre de
572 2124 1664 2200 col et de manchettes est fort à la mode dans le mo¬
580 2177 1674 2235 ment, les modèles en sont tout à fait nouveaux; tu
580 2231 1664 2305 remarqueras, sur le dessin d’abord et sur le croquis
580 2283 1658 2352 ensuite, que les cols se ferment maintenant comme
573 2333 1660 2413 les manchettes, par un double bouton; cela évite de
570 2395 1670 2470 mettre une broche, déplacée parfois dans uneawoilette.
576 2435 1662 2514 du matin. Les bouillons, comme je te l’ai déjà dit, se
565 2500 1659 2565 font très-longs et surtout trè s- amples; voici les di¬
565 2547 1659 2615 mensions du modèle que je t’envoie : hauteur du
576 2606 1653 2681 coude quarante-cinq centimètres; sous le bras, vingt¬
572 2662 1663 2714 sept; largeur, soixante-dix; brisure, quatre centi¬
572 2709 1663 2786 mètres; poignet du bas, trente-deux centimètren de
570 2758 1044 2843 large sur sept de haut.
616 2822 1667 2906 54 et 55, CROQUIS DU COL ET DE LAMANCHE dont nous
580 2880 939 2939 venons de parler.
615 2930 1659 3055 56, ENTRE-DEUX plumetis pouvant servir à divers ob¬
568 2972 888 3088 jets de lingerie.
597 3083 1662 3166 57, BOURSE ALGÉRIENNE pour hommes; on la fait soit
554 3151 1662 3210 an filet, soit au crochet avec du cordonnet très-fin
552 3202 1652 3264 ou de la ficelle; l'un des bouts est carré et l'autre ar¬
564 3251 1656 3325 rondi; la bordure du premier, dont tu pourras choisir
558 3298 1656 3380 le dessin parmi ceux que tu as déjà reçus, doit avoir
561 3367 1660 3442 une hauteur de dix centimètres; pour le second côté,
564 3421 1656 3482 cette bordure est insignifiante; il suffit de faire quel¬
575 3470 1662 3540 ques rangées d'inégale grandeur. La longueur totale
573 3514 1662 3608 de la bourse est de quarante centimètres sur huit de
564 3572 1653 3659 largeur. Un coulant en passementerie assorti de cou¬
573 3619 1658 3720 leurs à celles de la bourse et des glands espagnols,
562 3667 1652 3779 également en passementerie, complètent cette bourse.
1812 177 2865 278 58, DESSIN DE TRICOT, dont l'explication a été donnée
1768 251 2105 323 le mois dernier.
1816 315 2865 380 59 et 60. Fort embarrassée pour répondre à toutes
1764 365 2862 445 les questions que tu m'as adressées au sujet des
1767 416 2855 490 nouvelles frisures et des épingles-frisette qui servent
1769 467 2863 546 à les former, j'ai mis à contribution la complaisance
1767 521 2855 604 de M. Croisat, auteur de cette nouvelle invention ;
1769 575 2855 652 comme pour le séparateur des cheveux, il s'est fait
1765 641 2855 692 un plaisir de me donner et les explications néces¬
1758 706 2856 765 saires et le dessin de chacune de ses épingles. Tu vois
1765 756 2859 812 qu'il y en a de cinq grandeurs; en outre, il m'a remis
1760 804 2855 874 deux petits croquis indiquant la manière de placer ces
1764 854 2862 923 frisettes pour rendre indéfrisables les boucles faites
1760 909 2852 982 selon l’ancien système ainsi que celles qui sont tour¬
1765 961 2859 1035 nées en dehors, et qui produisent ce qu’on appelle
1765 1018 2233 1082 une Impératrice frisée.
1809 1064 2859 1140 Cette dernière coiffure est ravissante et siéra aux
1768 1127 2855 1191 personnes qui ont les racines bien plantées. De plus,
1760 1177 2859 1233 il est agréable de se dire que les boucles soutenues
1767 1233 2852 1300 par ces nouvelles épingles ne peuvent se défaire,
1765 1283 2859 1343 même par les temps les plus humides, et qu’il n’est
1771 1336 2862 1396 plus nécessaire de couper ses cheveux; je crois même
1765 1394 2855 1459 que plus la chevelure est longue, mieux cela réussit.
1800 1439 2863 1514 Il y a trois séries d’épingles encartées par douzaines :
1761 1481 2855 1575 la grande série comprend, par nombre égal, les épin¬
1764 1558 2862 1627 gles à trois, à quatre et à cinq crans; la série moyenne
1768 1611 2855 1662 comprend les épingles à deux et trois crans, les¬
1753 1663 2859 1720 quelles produisent naturellement des frisures plus
1760 1711 2856 1768 légères. La troisième série ne comprend que des épin¬
1765 1760 2859 1827 gles à un seul cran, destinées presque spécialement à
1753 1825 2856 1874 rouler les cheveux, le soir, en papillotes et rempla¬
1765 1879 2855 1935 çant avec avantage ce qu’on appelle les papillotes
1753 1934 2851 2000 invisibles et les bigoudis. Une instruction imprimée,
1757 1988 2861 2044 démontre aussi la manière d'employer ces sortes de
1753 2035 2856 2095 broches à schall pour remplacer par une bourrade de
1753 2076 2858 2156 cheveux (qu'on soutient avec une frisette de moyenne
1753 2145 2858 2210 dimension et qu’on couvre de cheveux lisses), les
1751 2191 2863 2269 crêpes et les fausses bouffantes désagréables comme
1753 2251 2859 2340 tout ce qui est faux, et, d'ailleurs, insupportables par
1753 2303 2124 2363 les temps chauds.
1794 2352 2855 2430 Je vais, pour répondre à plusieurs demandes qui ont
1747 2413 2851 2481 été faites à ce sujet, donner quelques détails sur les
1747 2466 2852 2535 layettes, ou, pour mieux dire, je vais transcrire ici le
1747 2522 2851 2571 devis que madame Havez a bien voulu me remettre.
1950 2611 2627 2674 COMPOSITION D'UNE LAYETTE.
1932 2669 2370 2742 12 chemises de toile.
1952 2735 2452 2803 6 brassières de flanelle.
2221 2780 2499 2852 de piqué uni.
2211 2834 2448 2899 festonnées.
2222 2891 2388 2959 garnies.
2211 2941 2482 3017 en nansouk.
1960 2997 2448 3065 6 langes, molleton uni.
2025 3054 2322 3120 — de laine.
1948 3098 2525 3175 6 béguins, toile ou flanelle.
1932 3158 2443 3231 12 bonnets en nansouk.
2173 3218 2430 3289 de baptême.
1949 3274 2492 3338 6 taies d'oreiller simples.
2326 3330 2558 3405 festonnées.
1953 3390 2519 3450 1 robe longue de baptême.
2101 3443 2518 3518 de nansouk simple.
2098 3497 2384 3573 demi-longue.
2004 3539 2850 3630 pelisse en cachemire uni, garnie de galon
2029 3609 2706 3687 ou brodée au passé, en soutache.
1963 3645 2841 3742 1 capote de taffetas on de satin, selon la
2029 3722 2635 3794 saison et assortie à la pelisse.
