2897 4318
1232 238 1325 344 135
142 332 1222 428 par les travaux, consumé de tristesse, il revint en Eu¬
142 410 1222 476 rope : il avait découvert dans ce dernier voyage de
137 463 1224 523 nouvelles îles et de nouvellcs terres, il avait donné à
134 514 1222 590 l’Espagne les mines d’or de Véragua, peut-être la cour
134 578 1213 629 allait-elle lui redevenir favorable et payer ses écla-
142 620 1229 701 tants services du prix qu’il ambitionnait : — la déli¬
146 675 1225 735 vrance des lieux Saints; — mais la mort de sa pro¬
139 732 1229 790 tectrice, la reine Isabelle (26 novembre 1504), le jeta
142 790 1229 850 dans la plus profonde douleur et le priva de l’unique
142 841 1229 900 appui qu’il eût sur la terre. Ferdinand, bas-ement
137 893 1229 958 ingrat, négligea celui qui lui avait donné un monde;
139 937 1220 1008 il le laissa languir dans l’abandon et le chagrin, re¬
149 1008 1222 1068 poussant ses demandes, oubliant ses plus justes ré-
146 1052 1225 1123 clamations, et laissant sans réponse ses lettres pres¬
146 1107 1234 1164 santes. L’homme qui rendait l’Espagne le royaume
142 1162 1225 1217 le plus riche et le plus puissant de la chrétienté n’a¬
149 1215 1229 1275 vait pas où abriter sa tête, couchait dans un lit de
146 1270 1225 1335 louage, et se trouvait réduit aux emprunts pour payer
149 1326 1227 1392 sa dépense à l’auberge. Les chagrins et les fatigues
149 1378 1220 1446 avaient usé sa robuste organisation, et il sentait ap¬
149 1429 1229 1498 procher la mort Elle ne lui était pas étrangère, et il
142 1482 1222 1551 l’avait toujours envisagée avec le courage et l’espoir
149 1530 1227 1597 que donnent une foi profonde. Après avoir écrit son
151 1589 1160 1647 testament, il se disposa aux derniers sacrements.
187 1643 1225 1712 On devine ce que pouvait être, à cette époque, une
139 1698 1225 1757 hôtellerie en Espagne. Il est aisé de se représenter
146 1753 1225 1823 cette chambre d’auberge où gisait l’amiral de l‘Océan
149 1808 1227 1875 sur son lit de douleurs. Les murs nus n’avaient pour
149 1856 1218 1918 ornement que ses fers, qu’il gardait toujours suspen-
146 1913 1229 1981 dus devant lui, comme autrefois les généraux et les
144 1966 1229 2036 triomphateurs de Rome conservaient les couronnes
151 2021 1229 2094 civiques obtenues en prix de leur courage. Ses chaînes
142 2074 1225 2130 étaient l’unique récompense qu’il eût reçue du monde.
142 2130 1222 2194 Ses deux fils, ses officiers et quelques peres francis¬
142 2178 1225 2240 cains, ses amis, assistaient à cette dernière lutte du
151 2231 1217 2295 grand homme contre la mort. L’intégrité de son in¬
146 2283 1215 2350 telligence se maintenait complète; il priait avec re-
146 2353 1232 2425 cueillement, il suivait avec une humble componction
1313 329 2380 442 la recommandation de l’âme que faisait un des reli-
1314 416 2389 490 gieux, et après une longue agonie, Christophe Colomb
1306 459 2387 548 expira, en disant comme le Sauveur sur la croix :
1311 521 2319 626 Mon Dieu! je remets mon esprit entre vos mains!
1361 574 2096 643 C’était à Valladolid, le 20 mai 1506.
1362 631 2396 715 Voilà, mesdemoiselles, une sèche et brève analyse
1316 675 2394 747 d’une noble vie et d’un bean livre. C’est dans M. Ro¬
1309 742 2396 799 selly de Lorgues qu’il faut lire cette histoire de Colomb
1313 785 2404 850 et de sa découverte ; qu’il faut contempler cette grande
1311 845 2401 912 âme aux prises avec l’adversité; qu’il faut suivre ce
1313 898 2404 961 drame qui s’élève souvent aux proportions de l’èpo¬
1316 956 2408 1009 pée. On souffre, on agit, on voyage avec lui ; la plume
1306 1008 2396 1075 brillante de l’auteur vous révèle et les beaux paysages
1316 1066 2394 1124 du nouveau monde et les terribles tempêtes qui bou¬
1304 1116 2384 1176 leversaient le sein de l’Océan, jaloux de ses mystères
1309 1176 2389 1230 on frémit pour Colomb au milieu de cette lutte achar-
1309 1230 2399 1278 née contre les éléments et contre Ies hommes; on ad¬
1309 1277 2399 1345 mire cet homme de bien qui ne veut devenir riche et
1316 1330 2398 1397 puissant que pour délivrer de l’oppression les lieux
1304 1386 2399 1446 sacrés où souffrit le Christ; qui supporte avec douceur
1313 1429 2403 1501 les plus indignes outrages, et qui. à la fin de ses jours,
1316 1484 2396 1553 délaissé, dans une misérable auberge, s’oublie lui-
1309 1549 2404 1606 même, et sollicite une cour ingrate en faveur des
1313 1592 1885 1667 compagnons de ses travaux.
1361 1626 2413 1717 Nous reprocherions volontiers à la forme littéraire
1309 1705 2404 1770 de ce livre quelques excentricités, des mots nouveaux,
1309 1753 2399 1810 des tournures de phrase insolites; un goût délicat re¬
1304 1805 2408 1877 remarquerait des exagérations de langage, d’autant
1316 1870 2396 1928 plus regrettables que la vérité nue est assez belle;
1309 1923 2389 1971 mais nous n’insisterons pas sur ces défauts, qui dis¬
1318 1966 2399 2034 paraîtront sans doute à une seconde édition, et nous
1304 2036 2401 2079 dirons à nos lectrices que l’histoire de Christophe
1313 2068 2396 2135 Colomb, poétique, originale, puisée aux plus dignes
1304 2130 2387 2192 sources, est une lecture aussi attachante qu’instruc¬
1313 2178 2387 2245 tive, et que ce livre peut être lu par toutes les fa¬
1306 2236 2392 2302 milles, et mérite une place honorable dans toutes les
1306 2288 1599 2367 bibliothèques.
2149 2326 2286 2415 M. F.
572 2805 1950 2956 LE SOMMEIL DE FRÈRE DANIEL
185 3057 1220 3136 Le silence et la nuit couvrent la majesté du cloître.
139 3117 1213 3198 Tout dort, tout repose, hormis un cœur que la force a
151 3179 1213 3251 contraint et que le doigt de Dieu n’a pas touché. A
149 3241 1205 3313 qui la paix du sommeil? Aux êtres calmes ou domp-
142 3289 1210 3347 tés qui, sous la puissance d’une inspiration d‘en
141 3345 1217 3410 haut, ou dans les expiations du repentir, ont dit une
132 3404 1213 3462 fois : Je renonce! Ce mot enfante une vie de labeurs
146 3450 1217 3508 utiles, une vie où l’on sait attendre. Mais ce bien at¬
139 3498 1222 3558 tendu, quel est-il? Nul ne le sait L’âme religieuse se
142 3551 1217 3619 plaît dans son ignorance, et, n’espérant rien du pré¬
146 3604 1220 3666 sent, elle envoie dans l’éternité ses désirs, ses pen¬
142 3662 1220 3734 sées et ce chaos tumultueux que l’homme appelle son
141 3715 260 3774 cœur.
180 3745 1218 3820 Le long d’un cloître obscur, un homme marchait à
146 3808 1232 3878 pas lents, rêvant au monde, à la gloire, usant sa
1292 3042 2380 3150 bouillante pensée au frottement de la vie, tandis
1297 3133 2377 3196 qu’autour de lui ses humbles frères cherchaient dans
1297 3191 2372 3284 le repos la force de continuer le travail et la médita¬
1297 3242 1640 3314 tion de la veille.
1349 3253 2377 3373 « Qu’ils sont heureux! se disait-il; échappés aux
1306 3337 2377 3412 passions, sortis volontairement d’eux-mêmes, ils se
1299 3392 2375 3460 reposent la nuit, ils travaillent le jour, il.s prient à
1301 3438 2379 3503 toute heure, et leur intelligence est satisfaite, elle ne
1299 3501 2379 3568 demande rien de plus. Et moi, malheureux, moi jeté
1304 3551 2382 3621 par pitié dans ce lieu de refuge, je souffre sous la
1297 3606 2380 3666 bure, et chaque année qui passe emporte avec elle un
1301 3661 2380 3719 regret. O frères de ma captivité, dormez, ne vous
1306 3707 2375 3772 éveillez pas ! Ah! vous ne connaissez pas les tour¬
1296 3758 2384 3820 ments d’un être que rien n’a vaincu, qui reste vivant
1304 3815 2387 3890 parmi les morts, et qui n’accepte pas ses chaînes. Ces
