2822 3966
1604 85 1695 177 58
552 145 1591 248 raient un mobilier suffisant. Des cartes, des sphères,
552 238 1589 288 des têtes d’étude en feraient l’ornement. Quant à la
559 288 1596 338 cuisine, pièce importante sur le mobilier de laquelle
552 335 1589 407 vous me consultez, je vous engage à ne pas vous em¬
547 374 1596 462 barrasser de ces ustensiles compliqués dont le nom et
549 436 1594 494 la forme bizarres indiquent combien peu on s’en sert.
546 489 1583 544 Des casseroles de toutes grandeurs avec leurs couver¬
552 535 1592 607 cles, une daubière, une poissonnière, uno grande et
555 597 1584 657 une petite marmite pour le pot-au-feu, deux chau¬
552 641 1592 707 drons de cuivre, une ou deux bassines à confitures
555 694 1576 757 en cuivre rouge, une tourtière et son four de cam-
555 753 1584 810 pagne, un poêlon à longue queue, le tout entretenu
546 803 1587 858 bien élamé, des poèles, des passoires, voilà de quoi
541 850 1259 910 faire les meilleurs dîners du monde.
584 894 1589 966 Pour la vaisselle, je vous conseille la porcelaine
533 948 1584 1016 blanche, unie, qui permet de remplacer facilement
535 995 1592 1096 les pièces qui se cassent. Pour le linge de table, je
1681 150 2734 291 préfère l’ouvré à l‘uni, parce qu’il a plus de brillant
1674 227 1998 298 et de fermeté...
1739 280 2735 361 Voilà des détails bien matériels, et la fin de ma
1674 327 2734 414 lettre contraste avec le commencement. Mais telle est
1674 386 2731 464 la vie des femmes, elles doivent passer sans peine des
1681 443 2727 525 considérations élevées aux soins les plus vulgaires,
1674 489 2729 570 en admettant qu’il y ait quelque chose de vulgaire
1678 544 2727 615 dans ces occupations qui assurent l’ordre et la consi¬
1673 602 2737 673 dération des familles. Du reste, ceci me met à l’aise
1676 660 2731 726 pour le sujet dont je vous entretiendrai prochaine¬
1674 710 2735 770 ment, les institutions à dîner que vous accepterez, et
1674 765 2277 834 celles que vous devrez rendre.
1716 824 2731 903 A bientôt, ma chère enfant, je vous embrasse
1671 855 2116 950 comme je vous aime.
2182 931 2600 1014 Votre amie dévouée,
2413 1011 2568 1117 M. M.
1261 1206 1984 1314 LE PROGRÈS MUSICAL.
979 1365 2275 1478 CATALOGUES GÉNÉRAUX DU PROGRÈS MUSICAL
1562 1470 1689 1546 N° 2.
564 1602 1576 1684 Nous avons donné le mois dernier un grand nombre
522 1674 1568 1724 d’œuvres nouvelles, ce mois-ci nous avons encore à appeler
520 1711 1567 1774 l’attention sur diverses compositions qui viennent de pa-
526 1755 1570 1826 raître. Ainsi le Farfadet et les Sylphides, de Magner ;
522 1805 1576 1876 les Causeries Musicales, de Delisle ; Medea, de Quidant ;
517 1860 1570 1905 Souvenirs des bords du Rhin, de Wagner; le premier Caprice
520 1897 1575 1951 de Salon, d’Hermann, sont de charmantes fantaisies appelées
517 1942 1563 2009 à de légitimes succès. Nous recommandons tout particuliè¬
517 1984 1563 2053 rement aux amateurs de musique de danse les cinq mor-
523 2040 1570 2138 ceaux intitulés : la Rose Pompon, la Rose Mousseuse, la
1650 1633 2721 1711 Rose des Quatre Saisons, la Rose des Bois et la Rose du
1649 1678 1816 1739 Bengale.
1690 1721 2721 1792 Les personnes qui désirent les morceaux de l’album de
1653 1776 2723 1843 Fumagalli annoncés dans notre catalogue de janvier sont
1652 1824 2723 1893 priées de le faire dans le plus bref délai, attendu qu’il nous
1645 1871 2711 1946 sera impossible de les obtenir de l’éditeur passé rin Février.
1697 1932 2719 2032 NOTA. — Une erreur typographique s’est glissée dans
1649 2017 2713 2109 notre dernière Revue. A propos de madame Borghi-Mamo,
1649 2062 2526 2130 on a mis ténor au lieu de LEONON qu’il faut lire.
1066 2191 1591 2314 EDUCATION
1647 2212 2138 2351 MUSICALIE
699 2386 1360 2447 MADEMOISELLE SONTAG
850 2481 1199 2565 (Deuxième article.)
551 2570 1554 2671 Parmi les autres artistes célèbres du théâtre de la
496 2642 1552 2714 Porte-de-Carinthie, se trouvait madame Fodor. Made-
496 2692 1560 2766 moiselle Sontag avait pour la méthode de madame
501 2751 1555 2824 Fodor une telle admiration, que, lorsque cette il¬
504 2795 1547 2869 lustre cantatrice répétait, elle allait se cacher dans un
501 2856 1550 2922 coin obscur de la salle, écoutant avec extase ces son
494 2900 1550 2977 si bien filés, si savamment modulés, comme un jeune
493 2967 1547 3032 rossignol qui, dans une forêt, caché sous le feuillage,
501 3007 1547 3078 en écoute un autre, déjà plus expert, lancer au ciel
491 3059 1547 3130 son étincelante fusée de notes. En revanche, madame
496 3107 1546 3188 Fodor s’éeria, la première fois qu’elle entendit sa
502 3160 1546 3238 jeune rivale : « Si j’avais sa voix, le monde entier
494 3212 972 3288 serait à mes genoux! »
526 3260 1544 3355 Les dillettanti prussiens s’efforcèrent, à leur tour,
494 3318 1544 3400 d’attirer mademoiselle Sontag à Berlin. Elle y alla
491 3365 1542 3468 jouer à la fin de la saison de l’opéra italien de Vienne;
491 3418 1541 3502 en compagnie des excellents chanteurs allemands Ja-
491 3468 1547 3571 ger, Wachter, Sager et Spitzeder; elle y chanta des
485 3515 1539 3637 traductions d’opéras de Rossini, et de pièces du ré-
1637 2392 2694 2489 pertoire français. Son succès fut immense, et l’af¬
1641 2473 2703 2534 fluence des spectateurs de tout rang fut telle, et les
1641 2516 2703 2586 places si avidement recherchées, que le comte de
1633 2560 2703 2639 Bruhl, intendant des menu-plaisirs du roi, se trouva
1636 2631 2702 2708 réduit à un tabouret derrière les places réservées à la
1636 2676 2409 2743 cour, au fond de la loge diplomatique.
1673 2723 2689 2797 Le prince Talleyrand se vantait, comme d’un des
1629 2769 2694 2851 bons Tours de sa vie, d’avoir fait au congrès de Vienne,
1631 2830 2703 2901 dans la délimitation des territoires, de Voltaire un
1628 2869 2692 2951 Français, en réunissant Ferney à la France, et par
1626 2933 2690 3009 l’adjonction de Coblentz au royaume de Prusse, de
1620 2975 2280 3046 madame Sontag une Prussienne.
1671 3040 2694 3109 A Berlin, à l’enthousiasme des dilettanti se joignit
1631 3075 2687 3157 une espèce d’amour-propre national, et le succès de
1620 3127 2682 3214 l’admirable cantatrice fut plus grand que partout ail¬
1626 3188 2682 3259 leurs. La beauté de la jeune artiste et sa réputation
1621 3247 2677 3315 bien méritée de vertu exaltaient toutes les imagina-
1620 3304 2684 3368 tions; car si l’on vantait à juste titre son talent supé¬
1621 3346 2681 3415 rieur, on rendait une égale justice à sa modestie et à
1616 3404 2172 3474 la moralité de sa conduite.
1673 3450 2682 3521 Quelque temps après, en 1827, elle fut altirée vers
1613 3521 2676 3573 Paris, ce centre lumineux où volent toutes les gloires
1624 3568 2677 3661 comme des papillons à la lumière, quelquefois pour
