2822 3966
1577 89 1667 172 120
530 150 1595 237 qu'il n'avait pas rencontré le vieillard pâle. Plusieurs
527 232 1585 286 ayant ainsi cherché à vérifier l'existence de ce person¬
532 280 1591 338 nage problématique, et n’ayant vu ni lui ni la flamme
527 330 1588 402 bleue dont on disait qu’il était d’ordinaire accompa¬
535 386 1595 447 gné, on commença à se dire que le père André avait
530 443 1415 496 fait un conte à son fils, ou le fils à ses amis.
578 492 1593 551 Les choses en étaient là lorsque l'aventure que nous
523 536 1584 606 allons dire vint jeter encore le doute dans les têtes,
530 583 1588 656 réveiller la crédulité des uns et fournir aux esprits
530 646 1588 712 forts de l’endroit un nouveau thème de railleries et
532 701 814 771 de bons mots.
566 755 1579 807 Il y avait dans le village un homme nommé Pierre.
527 806 1576 862 C'était un ivrogne et un paresseux. Il était censé exer¬
523 861 1579 909 cer comme les autres le métier de pêcheur; mais de¬
519 908 1576 971 puis bien des années il n’avait pas mis le pied dans
519 970 1581 1017 une embarcation, et lorsqu’on voulait le voir, on était
518 1010 1579 1068 à peu près sûr de le trouver au cabaret, en face d'un
523 1066 1575 1128 pot de bière. Le soir, il regagnait en chancelant sa ca¬
520 1121 1576 1176 bane, où il était toujours durement accueilli par sa
518 1168 1576 1226 femme Marthe, qui, dans son genre, ne valait pas
520 1226 1576 1280 mieux que lui. Elle n’était, à la vérité, ni paresseuse
518 1278 1569 1344 ni ivrognesse, car elle ne buvait que de l’eau et c’é¬
516 1331 1569 1387 tait elle seule qui allait à la pêche, prenait et ven¬
520 1380 1567 1432 dait le poisson, entretenait tant bien que mal ses har¬
545 1430 1563 1485 es et celles de son mari, et faisait bouillir la mar¬
511 1483 1573 1542 mite. Mais, en revanche, elle était avare, acariâtre
518 1537 1569 1599 et querelleuse. On l’accusait publiquement d’avoir
511 1581 1564 1647 rendu, par son humeur, le domicile conjugal insup¬
520 1648 1082 1702 portable au pauvre Pierre.
555 1683 1564 1757 Le fait est que les deux époux faisaient fort mau¬
508 1738 782 1803 vais ménage.
557 1796 1569 1862 Un jour il arriva que, la mer étant au moins d’aussi
504 1842 1564 1913 mauvaise humeur que Marthe, celle-ci, qui tenait à
516 1909 1567 1958 porter au marché sa provision accoutumée, voulut
508 1952 1567 2015 néanmoins s’embarquer. En vain quelques hommes
515 2005 1318 2059 prudents essayèrent de l'en détourner.
1353 2005 1565 2075 Son mari,
504 2059 1552 2122 bien entendu, se garda de lui faire aucune représen¬
511 2111 1563 2170 tation; il l’eût bien plutôt aidée à mettre à la voile.
515 2166 1564 2216 — L’amour du gain empêcha l’intrépide marinière
507 2206 1549 2283 d'écouter aucun avis. A tout ce qu'on lui put dire
506 2268 1544 2332 elle répondit qu’elle aimait mieux périr que de man
511 2324 1561 2378 quer la vente, et elle s’élança sur la croupe des
503 2370 1568 2438 vagues par le temps le plus épouvantable qui se fût
500 2418 1026 2485 vu depuis longues années.
542 2476 1557 2536 Ce jour-là Pierre but et causa aussi plus que de
494 2526 1557 2586 coutume et ne se retira qu’à une heure avancée de
494 2574 1561 2640 la soirée. En rentrant chez lui, il n'y trouva point sa
503 2628 1561 2696 femme, il n’en fut ni affligé ni inquiet, et dormit
499 2680 1559 2748 jusqu’au lendemain matin, mêlant ses ronflements
494 2740 1331 2794 sonores aux mugissements de la tempête.
535 2786 1561 2851 En se réveillant, il regarda autour de lui et se vit
488 2849 1549 2902 seul; il se leva, sortit et s’en fut interroger les voi¬
490 2893 1556 2948 sins pour savoir ce qu’il était advenu de dame
487 2940 1553 3015 Marthe et de sa barque. Les renseignements qu’on lui
488 2999 1546 3053 donna le convainquirent que l’une et l‘autre avaient
491 3047 1545 3109 été englouties la veille, et tous ses voisins lui adres¬
484 3104 1549 3159 sèrent en chœur leurs compliments — de condo¬
488 3151 1555 3216 léance. Pour lui, il trouva tout à coup à sa femme
487 3219 1546 3270 cent qualités qu’il se reprocha d’avoir méconnues
495 3253 1542 3329 tant qu’elle avait vécu. Toutefois, il n’eut pas trop
494 3317 1549 3376 de peine à se persuader que, tout bien considéré,
494 3361 1555 3444 c'était un bonheur pour Marthe d'être délivrée des
494 3413 1555 3490 soucis et des tourments de cette vie, et pour lui de
492 3468 1542 3542 pouvoir désormais rentrer au logis sans y recevoir
495 3530 1306 3599 des injures et des coups, pour tout salut.
522 3576 1541 3679 La tempête avait cessé; le temps était beau; le so¬
1671 156 2721 270 leil couchant projetait sur le ciel et sur la côte les
1675 233 2723 315 teintes empourprées de ses derniers rayons. L'idée vint
1670 282 2717 365 à Pierre d'aller, avant de rentrer chez lui, respirer
1675 342 2715 428 un peu l'air frais du soir au bord de la mer. Il s'a¬
1679 396 2720 472 vança donc vers la plage en fredonnant de sa voix
1675 440 2715 526 enrouée une vieille chanson de matelots, et sans
1670 488 2724 575 chercher à corriger, par un effort de sa volonté, ce que
1673 545 2720 633 sa marche avait d'irrégulier et de contraire aux lois
1674 596 1962 665 de l'équilibre.
1701 663 2715 734 Le hasard le conduisit auprès du squelette de na¬
1663 719 2723 781 vire qui avait été témoin de l'aventure d'André. Ce
1667 766 2716 830 souvenir revint alors à l’esprit de notre homme et
1667 822 2723 888 acheva d'exalter son imagination, déjà surexitée par
1658 864 2720 935 les copieuses libations auxquelles il s'était livré depuis
1660 919 1855 984 le matin.
1706 983 2720 1042 « — Oh! se dit-il, si le vieillard pâle m’apparaissait
1664 1030 2705 1097 et me demandait d’aller, moyennant un bon prix, dé
1658 1077 2708 1153 livrer une âme de noyé, avec quel empressement j’ac¬
1663 1120 2723 1203 cepterais sa proposition! Pardieu! je ne ferais pas le
1659 1179 2720 1234 renchéri comme ce vieil imbécile d’André, et le fan¬
1659 1230 2725 1294 tôme n’aurait pas la peine d’y revenir à deux fois ! Je
1660 1292 2716 1355 suis libre : il ne me manque plus que quelques sacs
1659 1333 2712 1406 d’écus pour être parfaitement heureux; et pourvu
1662 1399 2713 1457 que je fusse assuré de ne pas rencontrer ma femme
1662 1441 2126 1494 au fond de la mer... »
1698 1494 2720 1564 Il n’avait pas achevé ce monologne qu’il vit la
1652 1557 2715 1626 flamme bleue voltiger devant lui, et, un instant après,
1655 1603 2716 1669 le fantôme debout parmi les débris, et lui faisant
1655 1651 2027 1724 signe d’approcher.
1703 1706 2717 1774 Pierre s’avança aussitôt, et, sans attendre que l’être
1650 1765 2343 1829 mystérieux lui adressât la parole :
1698 1809 2716 1886 « — Ha! ha! compère, lui dit-il sans plus de façon :
1652 1878 2717 1942 te voilà donc revenu ! J’ai ouï parler de toi et tu me
1660 1938 2708 1988 voiss puis enchanté de faire ta connaissance. Serviteur très¬
1647 1977 2712 2037 humble! Viens-tu encore chercher un libérateur pour
1654 2033 2469 2102 quelque âme prisonnière sous un pot? »
1687 2088 2532 2165 Le vieillard fit un signe de tête affirmatif.
1693 2158 2711 2226 « — Hé bien! reprit Pierre, je suis ton homme, et
1640 2205 2708 2269 me voici prêt à entrer en campagne à l’instant même,
1640 2251 2605 2323 s'il y a quelque chose à gagner. Je suis garçon,
1650 2310 2716 2370 veuf, c’est tout un, — et fort disposé à alléger tes poches
1640 2355 2712 2426 de quelques rouleaux de pièces d’or. Hâte-toi donc de
1640 2413 2708 2467 me donner les indicates nécessaires pour pénétrer
1640 2465 2712 2538 dans ton pays, et compte sur ma résolution, comme
1635 2512 2335 2591 je compte sur ta reconnaissance. »
1683 2574 2711 2632 Le ton Cavalier de l’ivrogne ne parut pas être du
1640 2632 2712 2695 goût du fantôme, car il fit une primace de mépris et
1640 2689 2699 2756 ne répondit point. Il se contenta de laisser son an¬
1635 2731 2420 2802 neau sur le sable, et disparut aussitôt.
1686 2794 2705 2858 Pierre s’empara du talisman, le passa à son doigt,
1634 2845 2711 2917 et, en attendant que minuit sonnât, il continua de se
1638 2897 2703 2966 promener de long en large sur la plage, bâtissant,
1640 2960 2708 3019 pour le reste de ses jours, mille châteaux en Espagne
1635 3000 2417 3075 tous plus beaux les uns que les autres.
1675 3063 2701 3139 Lorsqu'il entendit les douze coups tinter au clocher
1638 3116 2703 3171 du village, il entra dans l'eau et se mit à nager avec
1635 3172 2696 3228 ardeur. Au bout d’un certain temps, il sentit quelque
1634 3228 2700 3301 chose qui l'attirait vers le fond; il ne put d'abord se
1636 3281 2689 3336 défendre d’un mouvement de terreur, et il essaya ins¬
1638 3329 2693 3383 tinctivement de se maintenir à la surface; mais la
1628 3379 2684 3431 force qui le sollicitait triompha bientôt de sa résis¬
1628 3430 2684 3482 tance, et il s’enfonça dans les flots avec rapidité. Il at¬
1638 3485 2682 3546 teignit en quelques secondes un endroit où il re¬
1638 3540 2689 3595 trouva de l’air et de la lumière, et enfin il arriva dans
1626 3595 2685 3690 la prairie, où il vit, ainsi que le fils d'André l'avait ra¬
