2897 4318
1233 263 1340 350 295
193 350 1243 422 efforts dans les inspirations de l’amour maternel, dans
193 414 1249 482 les trésors de ce cœur que Dieu lui a fait à part ; et
193 475 1241 539 c’est de là qu’elle les répand à flots inépuisables sur
189 531 618 598 tout ce qui l’entoure.
233 573 1245 640 » Mais qu’est-ce donc que cet amour maternel?
193 638 1242 704 qui dira sa force et sa tendresse, sa magnanimité et
193 687 1251 742 sa puissance ? qui dira ses joies, son énergie et ses
196 732 1242 805 prodiges? Même depuis le péché, les joies de cet amour
184 785 1239 846 sont si pures et si ineffables, que le Fils de Dieu, le
184 838 1249 896 Saint des Saints, nous les présente comme l'usage la
196 891 1234 958 plus vive des joies célestes et éternelles. Votre cœur,
184 951 1242 1001 dit-il, se réjouira comme le cœur d'une mère et nul ne
184 991 1233 1045 vous ravira votre joie. Lorsqu’une mère donne le jour
186 1045 1235 1100 à un fils, sa peine est grande, elle souffre... mais lors¬
185 1094 1233 1156 que son fils est né, elle ne se souvient plus de ses an¬
177 1151 1048 1214 goisses, tant sa joie est vive et profonde !...
224 1207 1219 1269 » Aussi, parmi les tendresses de la terre, il n’en es
189 1265 1234 1331 point qui ait quelque chose de vénérable et de céleste
186 1322 1233 1376 comme l’amour maternel. Je le dis sans hésitation,
177 1367 1229 1430 c’est ici-bas le pur amour! Mères chrétiennes, ne crai¬
184 1419 1230 1482 gnez point que vos enfants usurpent dans vos cœurs
177 1467 1229 1528 la place que Dieu s’est réservée. Aimer vos enfants,
177 1520 1230 1591 c’est aimer Dieu qui vous les donna; aimer vos enfants,
177 1573 1230 1624 c’est aimer Dieu qui vous les conserve; aimer vos en¬
177 1624 1230 1681 fants, c’est aimer ces âmes immortelles que Jésus¬
180 1682 803 1741 Christ a rachetées de son sang !
216 1726 1235 1793 » Cet amour est si admirable, il a quelque chose de
172 1791 1237 1851 si profond, de si divin, il découle si sensiblement du
184 1839 1235 1901 cœur de Dieu même et des entrailles de son infinie
172 1890 1230 1949 bonté, qu'on peut dire sans exagération que le cœur
177 1945 1229 2012 des mères est le plus bel ouvrage de ses mains; du
177 1998 1235 2056 moins, Dieu semble n'avoir pu trouver dans toute la
176 2055 1229 2115 nature une plus douce, une plus vive image de son
172 2103 1230 2159 amour pour nous. Voyez, quand il veut attirer à lui
172 2153 1233 2220 les âmes égarées : Venez à moi, dit-il, comme une mère
172 2206 1227 2261 caresse et confole son jeune et unique enfant, je vous
172 2259 1227 2320 consolerai, je vous porterai,je vous allaiterai dans mon
174 2310 1230 2366 sein, sur mes genoux, comme une mère. Le Créateur a
172 2362 1227 2417 tant fait pour le cœur des mères, qu'il a craint, si j'ose
170 2408 1223 2484 le dire, qu’on ne s’y trompât : une sorte de jalousie
168 2464 1230 2523 s’est emparée de lui, et il a affirmé plusieurs fois qu’il
174 2520 1227 2574 était encore meilleur que la plus tendre mère. Et de
170 2566 1222 2632 là l'expression suprême de sa tendresse, et le dernier
170 2615 1227 2681 effort de son amour pour nous persuader. J’aurai
174 2672 1210 2733 compasion de vous, plus qu'une mère. Une mère peut
172 2719 1221 2782 elle oublier son enfant, et n'avoir pas de pitié pour le
172 2780 1218 2833 fils qu'elle a porté dans ses entrailles? Non'; eh bien !
181 2833 1218 2889 quand même elle, votre mère, vous oublierait, moi, je
170 2866 688 2948 ne vous oublierai jamais...
212 2952 1225 3014 » Ajouterai-je enfin que l'amour des mères est le
182 2979 1217 3065 plus généreux, le plus désintéressé de tous les amours?
182 3042 1217 3124 Pour moi, qui, en admirant cet amour, ai dû souvent
176 3094 1211 3165 lutter, dans l'œuvre de l'Éducation, contre ses aveu¬
178 3141 1210 3232 glements et ses faiblesses, je dois dire que son désin¬
173 3200 1222 3269 téressement du moins m'a toujours offert et offre
176 3257 1219 3341 encore à mon admiration quelque chose qui serait
177 3293 760 3369 inexplicable, s'il n'était divin.
220 3372 1206 3451 » Un jour, on a trouvé dans un de ces obscurs ré¬
180 3408 1214 3506 duits de Paris, au dernier étage d’une maison reculée,
180 3462 1208 3549 une femme et un enfant. L'enfant vivait encore....
170 3526 1206 3596 mais la femme était morte à côté de lui. Et un mor¬
170 3585 1214 3656 ceau de pain échappé de ses mains défaillantes, et
180 3616 1203 3709 qu’elle avait présenté, mourante, au pauvre enfant
174 3676 1215 3762 attestait que le dernier soupir de son cœur, le suprême
170 3726 1208 3805 effort de sa vie, son dernier regard avait été pour le
1328 358 2387 439 fils de ses entrailles. Cette malheureuse et éubtime
1324 402 1829 467 créature était une mère !
1373 461 2381 536 » Et maintenant, que dire des douleurs de la dignité
1322 523 2383 589 maternelle! Elles sont ineffables comme ses joies.
1324 578 2385 636 Quand cette couronne se brise ou se flétrit, quand une
1324 625 2385 691 jeune et tendre fleur en est arrachée, quand cette
1324 681 2390 735 douceur se change en amertume, quand cette joie est
1317 723 2389 787 refoulée et trahie; quand la pauvreté, l'abandon ou
1317 775 2387 838 la mort viennent fondre sur cette mère et lui ravir ce
1326 833 2387 893 qu'elle a de plus de cher au monde, ah ! alors, il se
1316 881 2389 943 fait un profond silence dans cette âme, un silence de
1317 940 2385 997 désulation ; sur ce front découronné passent des nuages
1314 1001 2386 1043 sombres qui semblent cacher des foudres, et puis bien¬
1324 1037 2387 1103 tôt, la tempête éclate. Non, rien n'est plus auguste et
1317 1094 2382 1156 tout à la fois plus tendre et plus terrible que le cri de
1317 1147 2391 1210 la douleur maternelle ! Je l'ai entendu quelquefois. Il
1326 1196 2385 1263 est vénérable, il est redoutable ; il a une majesté qui
1316 1249 2378 1322 étonne et un éclat qui déchire; c’est un sanglot de
1317 1292 2383 1372 l’âme qui domine et qui saisit, qui pénètre et qui
1320 1356 2375 1423 brise. Il n’y a pas de créature si sauvage, ni de féro¬
1324 1408 2378 1471 cité si extrême qui ne cède à ce cri. La plus humble
1312 1463 2383 1516 des femmes devient une Lionne, quand on lui arrache
1314 1513 2377 1576 son enfant. Rends-moi mon fils, disait au Lion de Flore¬
1305 1559 2373 1627 rence, dans le transport de sa douleur, et à genoux,
1317 1616 2395 1667 une mère éperdue; et le Lion, saisi, épouvanté, déposa
1312 1671 1934 1717 l'enfant aux pieds de sa mère !
1356 1717 2378 1777 » Ce cri vient d’une douleur si étrange, d‘une si
1320 1764 2367 1840 profonde et si irrémédiable douleur, que je n’en sau¬
1314 1819 1961 1878 rais révéler ici tout le mystère...
1356 1874 2370 1939 » Appelé, souvent, par mon ministère, à consoler
1305 1925 2374 1985 les douleurs humaines, j’ai rencontré celle-là sur la
1310 1982 2365 2037 terre : je n’ai presque jamais pu la consoler, je n'o¬
1309 2039 2367 2096 sais même pas l’entreprendre. Il paraît bien qu’il n’y
1309 2090 2374 2142 a que le ciel où cette douleur s’efface. Il paraît qu’il
1317 2145 2373 2197 y a dans le cœur et dans les entrailles des mères je
1305 2190 2365 2249 ne sais quoi que Dieu connaît, mais qui demeure in¬
1305 2239 2363 2298 consolable et à jamais brisé. Il reste un déchirement
1305 2300 2363 2359 qu’on ne peut guérir ici-bas, une plaie que le temps
1305 2345 2370 2409 ne ferme point. Qu’est-ce ? Je l’ignore : quelque chose
1305 2401 2373 2453 de très-mystérieux et peut-être de divin, qui, froissé
1310 2449 2366 2514 une fois par les douleurs de la terre, ne se remet bien
1309 2519 2370 2567 que dans une vie meilleure. Peut-être quelque chose
1309 2554 2361 2603 du cœur et des entrailles de Dieu même, de sa ten¬
1310 2603 2365 2661 dresse et de sa miséricorde. Ce qui est sûr, c’est que
1302 2662 2362 2712 les plus vives joies de la terre ne le peuvent apaiser.
1341 2711 2359 2768 » Ne m'appelez plus Noémi, mais Mara, disait autre¬
1300 2760 2362 2822 fois une femme, une mère, longtemps exilée, dont ses
1300 2813 2365 2874 concitoyens fêtaient le retour, car le Seigneur m’a
1302 2874 2365 2929 remplie d'amertume. J'étais belle autrefois, on m'ap¬
1308 2921 2365 2983 pelait Noémi, aujourd'hui appelez-moi Mara, car le
1305 2979 1954 3037 Seigneur m'a enlevé mes enfants.
1341 3012 2359 3086 » Et qu'on ne demande pas : Pourquoi tant souffrir
1300 3075 2355 3124 dans une dignité si haute ? pourquoi ces joies mêlées
1300 3118 2347 3181 de tant de larmes ? pourquoi des déchirements si pro¬
1300 3163 2354 3242 fonds dans les entrailles qui nous donnèrent la vie?
1300 3238 2354 3290 C'est un fait : nous seuls, chréliens, l'expliquons par
1302 3286 2350 3341 la déchéance originelle et par la grande loi de l'ex¬
1302 3337 2349 3403 piation, et, en ce moment, je n’ai voulu qu’une chose :
1297 3383 2350 3448 rappeler ce que je sais des vraies grandeurs de la mère
1292 3443 1556 3502 de l'homme.
1341 3472 2350 3550 „ Qu’on raisonne tant qu’ on voudra sur ces graves
1293 3552 2351 3604 objets, c’est encore un fait que, depuis les abaisse¬
1297 3584 2359 3662 sements de notre nature, une grande douleur patiente,
1297 3636 2355 3696 et debout, est ici-bas la grandeur la plus digne de ce
1297 3695 2359 3753 nom, la seule qui ait une dignité supérieure, devant
1293 3742 2351 3831 laquelle tout se prosterne. Eh bien ! je le dois ajouter :
