2959 4075
1621 150 1729 228 240
541 225 1632 293 marche et altéré la fraîcheur de son teint; ce n'est
547 288 1635 348 plus le joli bouton de rose dont sa digne mère était
543 345 1635 400 fière jadis, mais elle est toujours jeune et gracieuse à
554 394 1631 453 mes yeux, car la scène dont je vous parle est encore
551 451 1638 507 si présente à ma mémoire, que je ne rencontre jamais
551 499 1628 558 mademoiselle Rose Du Rancher sans me la représen¬
551 558 1630 618 ter aux genoux des officiers vendéens dans tout l’éclat
554 600 1627 670 de la jeunesse, dans tout l’enthousiasme d’une belle
551 667 734 738 action. »
599 719 1624 775 — Les Vendéens consentirent donc à vous laisser
554 766 1371 837 la vie sauve? demandai-je à M. Gervais.
597 826 1627 889 « — Ils firent plus, ils nous donnèrent la liberté,
544 882 1624 934 madame, et comme ma blessure me rendait incapable
544 925 1628 986 de marcher, je fus transporté à Pont-Lieu, dans la
541 991 1628 1049 maison de M. Vétillart, que ce généreux citoyen avait
536 1038 1627 1095 transformée en hôpital, et où l’on secourait avec la
539 1090 1628 1146 même charité royalistes et républicains; puis, à peine
544 1143 1627 1210 y étais-je arrivé, que je vis accourir ma bonne mère
544 1200 1620 1257 en proie à la plus vive inquiétude. Nous nous jetâmes
536 1251 1626 1315 dans les bras l’un de l‘autre en pleurant de bonheur,
541 1308 1617 1364 et le souvenir de cette joie ineffable est un des plus
544 1354 919 1413 doux de ma vie. »
586 1402 1612 1469 Le vieillard se tut à ces mots, toussant à plusieurs
544 1469 1613 1530 reprises, comme fatigué par ce long récit, de sorte
544 1518 1615 1574 que, malgré le vif désir que j’éprouvais d’apprendre
539 1570 1623 1636 de lui quelque nouvel épisode de ce drame terrible
536 1627 1615 1688 de la victoire et de la dé Maute des Vendéens au Mans,
539 1679 1615 1736 dont il avait été témoin oculaire, je n’osais point l’enga¬
539 1735 1616 1795 ger dans de nouveaux discours ; mais après un ins¬
539 1788 1612 1848 tant de repos, il avala un verre de cidre, prit une
541 1840 1619 1898 prise de tabac dans sa tabatière d’or, et continua de
532 1889 720 1953 la sorte :
576 1943 1612 2007 « Après les premiers transports de joie que nous
536 2002 1619 2063 causa cette réunion, ma bonne mère n’eut rien de
539 2050 1615 2123 plus pressé que de me ramener chez nous; ce n’était
541 2103 1612 2174 pas chose facile, car, quoique pensé de ma blessure,
546 2159 1612 2215 je pouvais à peine me tenir debout, et l'on ne trou¬
541 2216 1620 2279 vait ni chevaux ni voiture. Enfin, deux hommes de
532 2258 1617 2327 bonne volonté me soutinrent sous les aisselles et
529 2321 1615 2385 m’aidèrent à gagner la rue de la Vieille-Porte que
529 2370 1619 2429 nous habitions. A peine étais-je sur le seuil de ma
528 2423 1612 2485 demeure, qu’une voix argentine cria du haut de l’es¬
529 2479 679 2545 calier :
569 2528 1600 2588 » — Eh bien, madame, l’avez-vous enfin trouvé?
566 2573 1615 2648 » — Oui, c'est lui, répondit ma mère, c’est mon
541 2643 1612 2710 pauvre cher enfant; il est blessé, mais il est en vie,
532 2697 1253 2759 grâces soient rendues au Seigneur!
571 2743 1615 2811 » Presque au même instant, la personne qui venait
532 2800 1605 2867 de parler parut dans le lorridor. C’était une femme
529 2856 1612 2921 d’une vingtaine d’années à peine, mais quelle
524 2913 1604 2978 femme! J’en avais vu de fort belles dans notre ville,
524 2966 1606 3026 car les jolies personnes n’y étaient pas plus rares
524 3019 1606 3082 qu’aujourd’hui, mais jamais rien de si charmant ne
521 3070 1605 3133 s’était offert à mes regards. Elle avait des cheveux
514 3122 1611 3187 blonds comme l'or et fina comme la soie, tombant en
514 3187 1605 3243 grosses boucles autour d’un cou plus blanc que la
514 3232 1611 3299 neige; sa peau fine et transparente, légèrement rosée
514 3287 1605 3333 sur les deux joues, laissait presque apercevoir la cir¬
517 3332 1613 3398 culation du sang dans les veines; ses yeux, d'une
529 3392 1602 3458 douceur sans pareille, étaient de la couleur du ciel,
524 3453 1609 3506 elle avait une taille de nymphe avec un visage de
524 3498 1602 3559 bonne vierge; et l’art n’entrait pour rien dans ses
515 3557 1613 3629 attraits, car toute sa toilette consistait en une vieille
517 3608 1602 3686 robe noire fort usée, et en un mouchoir de soie mo¬
524 3667 1605 3745 destement croisé sur sa poitrine. Je demeurai tout
521 3719 1602 3805 ébahi en l'apercevant, n'osant ni lui parler, ni lai de¬
1707 211 2803 322 mander qui elle était. On me mit au lit, on me fit
1722 310 2801 382 prendre un bouillon et je ne tardai pas à m’assoupir,
1710 361 2798 435 car j'étais exténué de fatigue... Tout en dormant, je
1712 402 2793 470 rêvais à l’étrangère, si bien que lorsque je me réveil¬
1713 451 2792 536 lai quelques heures plus tard, et comme j’avais en¬
1713 506 2792 584 core les yeux fermés, j’en vins à me figurer ne l’avoir
1720 551 2205 622 jamais vue qu'en songe.
1752 604 2789 706 » Ma chambre était attenante à celle de ma mère,
1705 648 2793 754 la porte de communication était restée entr'ouverte,
1705 717 2797 796 et de mon lit je pouvais voir tout ce qui se passait
1705 776 2790 852 auprès de la cheminée, où brillait un bon feu; jugez
1705 833 2788 918 de mon étonnement lorsqu’en ouvrant les yeux j’aper¬
1710 889 2788 964 çus l'inconnue assise à côté de ma mère, tenant sur ses
1709 937 2793 1011 genoux un bel enfant enveloppé dans des langes; les
1709 997 2786 1061 deux femmes causaient entre elles à voix basse pour
1698 1049 2794 1124 ne pas me réveiller, sans doute. Je les contemplai
1710 1090 2789 1173 quelque temps en silence, puis je toussai pour les
1698 1151 2790 1222 avertir. Ma mère accourut aussitôt vers moi, l'étran¬
1705 1206 2785 1278 gère se leva aussi, prit l’enfant dans ses bras et dis¬
1712 1263 2137 1317 parut de la chambre.
1744 1306 2785 1388 » — Quelle est cette dame ? demandai-je alors avec
1698 1351 2009 1431 empressement.
1736 1411 2788 1516 » — Une brigande qu'on nous a donnée à loger,
1694 1471 2089 1541 ainsi que son mari.
1736 1521 2779 1600 » Ma mère remarqua le mouvement de surprise
1705 1563 2782 1662 que je ne pus retenir, et, se méprenant sur la cause
1702 1639 2474 1710 qui le produisait, elle ajouta aussitôt :
1742 1697 2785 1752 » — Sois tranquille, mon enfant, nous n'avons rien
1695 1727 2782 1814 à craindre d’eux, bien au contraire, ce sont les plus
1694 1800 2783 1853 excellentes gens qu’il soit possible de voir. Le mari est
1698 1855 2778 1922 un joli garçon de ta taille et presque de ton âge, je
1694 1911 2783 1960 ne crois pas qu'il ait plus de vingt-deux à vingts¬
1697 1949 1887 2012 cinq ans.
1739 1994 2434 2066 » — Parlez-moi d'elle, lui dis-je.
1742 2063 2778 2132 » — Elle, c’est la meilleure créature du monde;
1694 2103 2785 2178 bonne, douce, comparissante, un ange véritable! Il
1692 2167 2777 2237 fallait la voir essayant de me consoler et pleurant
1691 2223 2775 2284 avec moi, lorsque je me désolais de ne pas avoir de
1695 2264 2775 2336 tes nouvelles ; une proche parente n’aurait pas pris
1701 2321 2778 2397 plus de part à mon chagrin ; puis elle est toujours si
1687 2381 2779 2449 aimable malgré sa tristesse, car la pauvre petite
1697 2434 2777 2500 dame ne manque pas de sujets d’inquiétude. Mais ne
1705 2496 2773 2558 parlons plus de rien, le médecin a dit que le repos
1692 2537 2110 2605 t'était indispensable.
1739 2583 2770 2652 » Je me rendormis de nouveau d’un sommeil plus
1686 2644 2773 2707 calme, cette fois, et il était déjà grand jour quand je
1687 2704 2778 2763 me réveillai le lendemain. Je demandai aussitôt à
1686 2758 2777 2819 boire, car je me sentais fort altéré; une femme entra
1697 2801 2775 2891 dans ma chambre portant à la main une tasse pleine
1695 2854 1904 2923 de tisane.
1728 2921 2774 2983 » — Quoi! vous, madame? m’écriai-je tout confus
1691 2963 2276 3029 en reconnaissant l’étrangère.
1731 3028 2767 3093 » Elle posa un doigt sur sa jolie bouche, et, sou-
1694 3071 2110 3141 riant avec tristesse :
1728 3133 2775 3205 » — Votre mère a été obligée de sortir pour je ne
1687 3179 2773 3243 sais quelle formalité, me dit-elle, et comme je n’ai
1694 3240 2779 3300 que trop l’habitude de soigner les blessés, je lui ai
1694 3292 2768 3362 offert de la remplacer près de vous pendant son ab¬
1686 3344 2773 3422 sence; buvez et tenez-vous tranquille, j’espère que
1686 3405 2224 3464 vous serez bientôt rétabli.
1724 3453 2767 3516 » Je n’osai pas même la remercier de ses soins,
1694 3513 2771 3566 une sotte timidité me tenait à la gorge, et ne trou¬
1695 3563 2770 3621 vant rien de mieux à faire, je m’enfonçai dans mes
1697 3606 2773 3674 coussins comme accablé par le mal. Elle alla se
1687 3673 2771 3738 rasseoir dans la chambre voisine, près du berceau de
1687 3727 2777 3821 son enfant, et je la vis bientôt tirer un chapelet de sa
