2897 4318
1219 293 1348 376 163
263 846 1134 956 SCÈNES DE LA VIE CHRÉTIENNE
378 991 1016 1060 Par M. EUGÈNE DE MARGERIE (1).
207 1215 1249 1277 Voici un bon et gracieux livre que nous présentons
154 1264 1251 1323 à nos lectrices comme un ami digne d’être admis au
159 1322 1245 1384 foyer domestique; dont la voix n’évoque que de bons
159 1388 1237 1441 sentiments, ne présente que des exemples salutaires
162 1440 1240 1489 ne donne la vie qu'à des récits toujours pars, tou¬
159 1477 1255 1562 chants, empreints de la morale la plus élevée et la
152 1543 481 1607 plus consolante.
196 1599 1255 1648 M. Eugène de Margerie a compris un des besoins
154 1639 1253 1703 les plus impérieux de notre temps et qui s’étend à
154 1699 1235 1754 toutes les classes : celui de la lecture des œuvres d’i
154 1762 1238 1813 magination; et il a voulu apporter sa pierre au rem¬
160 1803 1253 1876 part destiné à défendre la famille contre l’invasion
152 1855 1253 1920 des livres mauvais et dangereux. Le seul moyen, en
156 1918 1252 1987 effet, d’empêcher qu’on ne lise les livres détestables qui
159 1972 1251 2036 pullulent autour de nous, ces livres si dangereux et
152 2020 1234 2087 souvent si ennuyeux, n’est-ce pas d’écrire de bons li¬
166 2087 1255 2139 vres et d’offrir à l’imagination une pâture innocente
162 2132 1253 2198 et attachante tout à la fois? Le public que l’on peut
159 2186 1245 2252 instruire et amuser est immense; car, de nos jours,
166 2241 1248 2308 quelle est la maison où on ne lit pas? Et dans ce be¬
162 2290 1253 2353 soin de bons livres, il y a, certes, de quoi tenter le
154 2342 1238 2411 zèle et le talent des littérateurs chrétiens. M. de Mar¬
169 2404 1248 2467 gerie, déjà connu par plusieurs excellents ouvrages,
162 2450 1245 2511 surtout par ses Lettres à un jeune homme sur la piété,
166 2508 1251 2561 vient de doter le monde lisant d’un nouveau livre qui
166 2561 1251 2619 sera accueilli avec la même faveur que ses aînés. Les
162 2611 1253 2675 Scènes de la vie chrétienne sont une suite de nouvelles
166 2673 1255 2721 empruntées au monde actuel, et dont les personnages
159 2723 1255 2784 ont sans doute, à leur insu, posé devant l’auteur; le
166 2784 1248 2837 titre du livre en dit assez le but; l'écrivain, choisis¬
166 2833 1251 2882 sant ses modèles dans cette classe de la société, bien
162 2881 1253 2945 nombreuse encore, grâce au ciel, qui n’a pas renié la
162 2936 1249 2998 foi de ses pères, nous montre, dans une suite de petits
166 2991 1245 3046 drames touchants et gracieux, comment vivent, au
159 3040 1255 3103 sein du monde, les vrais chrétiens, et comment ils
166 3100 1245 3154 savent mourir; les merveilles que la divine charité
169 3150 1248 3213 sait opérer dans une âme, le baume que la religion
180 3205 1245 3273 verse sur les plus cuisantes blessures, et quelle joie
171 3248 1241 3318 c’est de souffrir quand on souffre pour Dieu et avec
170 3299 1235 3380 Dieu. Le style de ces nouvelles est simple, vrai, péné
176 3351 1245 3435 trant; il y a une âme dans ces pages; ce n’est pas
182 3414 1245 3487 seulement le talent de l'artiste qui fait poser devant
170 3461 1248 3535 lui le sentiment ou la passion qu’il veut peindre; c'est
173 3515 1246 3595 l’âme d’un homme, d‘un fils, d'un mari, d un père
176 3584 1242 3648 qui a aimé, qui a souffert, et qui, pour bien dire, n’a
166 3620 768 3679 eu besoin que de se souvenir.
207 3683 1244 3770 Les deux premières nouvelles : Souvenir dé voyage
211 3834 1246 3918 (1) Un volume, prix : 2 fr. 50 c., chez M. A. Bray, 66, rue
171 3881 610 3964 des Saints-Pères, Paris.
1336 835 2431 934 et l'A postolat conjugal, sont les deux faces d’un
1336 928 2420 987 même tableau, et peignent l’influence douce et légi¬
1336 980 2427 1049 time de la femme sur son époux. Combien on s'inté¬
1334 1050 2426 1102 resse, dans la seconde de ces deux histoires, à la lutte
1341 1093 2428 1159 patiente et silencieuse de Noémi contre l'incrédulité
1341 1150 2431 1218 de son mari, et combien l’on jouit de cette tardive
1340 1203 2426 1273 victoire qu’elle emporte dans la mort! Le Maître de
1336 1252 2420 1310 musique est une haute leçon de philosophie pratique :
1340 1321 2430 1377 un jeune homme, nommé Paul Lecostois, plein de
1338 1363 2435 1426 talents et de mérite, végète dans une petite ville, au
1334 1422 2431 1484 sein de la plus étroite médiocrité, négligé, oublié de
1338 1469 2430 1530 tous, ayant même à côté de lui, pour exercer sa vertu,
1336 1514 2433 1578 ce qui fit la gloire du philosothe d’Athènes, une
1337 1560 2430 1636 Xantippe, et trouvant dans cette vie morne et terne,
1341 1630 2427 1673 une sorte de bonheur austère, bénissant la Provi¬
1341 1672 2433 1741 dence là où tant d’autres l’eussent accusée; voilà tout
1338 1737 2430 1805 le sujet de cette nouvelle, racontée avec une grâce
1344 1785 2420 1855 extrême. Citons un passage dans lequel Paul Lecos
1336 1843 2062 1907 tois expose sa théorie du bonheur :
1392 1869 2427 1953 « Je ressemble, disait-il, à ces hommes qu’une faible
1348 1949 2423 2005 complexion oblige à vivre de régime, mais qui, d'ail¬
1341 2002 2430 2068 leurs, ne souffrent point ou souffent très-peu. Ce
1338 2058 2418 2114 sont, en somme, je ne dis pas les plus heureux des
1336 2102 2424 2168 hommes, mais les plus heureux des malades. Mon
1338 2161 2420 2223 bonheur a la santé délicate, et je ne la maintiens qu’à
1336 2213 2431 2286 force de soins. Sans doute, j'aimerais mieux qu'il eût
1338 2268 2418 2332 un de ces tempéraments robustes qui permettent, je
1336 2327 2428 2393 ne dis pas les excès, mais un usage libre et confiant
1338 2379 2430 2442 de toutes les choses honnêtes ou agréables. J’aimerais
1336 2428 2418 2505 mieux respirer mon bonheur à pleine poitrine, en
1344 2482 2423 2544 vivre et m’y plonger, que d'être obligé de l’entretenir
1336 2537 2420 2596 comme une chaleur artificielle, d’y veiller comme à
1348 2585 2423 2652 une flamme qui menace sans cesse de s'éteindre. Je
1342 2633 2423 2714 préférerais le beau fixe à un temps incertain qui fait
1336 2710 2360 2767 craindre toujours pluie et vent ou même tempête.
1336 2749 2408 2811 Mais, après tout, je n’ai pas le choix, et si je me com¬
1341 2804 2424 2876 pare à tant d’autres qui sont vraiment ou se rendent
1338 2863 2418 2924 malheureux, combien, en raisonnant la chose, je me
1338 2910 1669 2984 trouve heureux!
1378 2932 2405 3026 » Mon seul vrai chagrin vient de ma pauvre femme,
1336 3011 2412 3087 ou plutôt de son humeur inégale. Mais, au fond, ma
1333 3073 2401 3129 femme est bonne, elle m’aime, je l’aimé beaucoup
1337 3118 2400 3200 Que de ménages, en apparence plus unis que le nôtre,
1338 3183 2045 3258 et qui n’en pourraient dire autant!
1378 3198 2397 3307 » D’ailleurs, le chrétien a-t-il besoin d’être parfai¬
1333 3287 2413 3358 tement heureux? Un petit aiguillon qui, dans les
1334 3331 2405 3405 choses les plus douces, nous rappelle sans cesse que
1330 3384 2415 3468 la suprême douceur est ailleurs qu'ici-bas, n'est-ce
1338 3438 2413 3524 pas une grâce, au point de vue de la foi? Et à quoi
1333 3495 2409 3572 nous servirait la foi, si nous nous placions toujours en
1331 3539 2143 3635 dehors d’elle pour juger de nos intérêts?
1378 3571 2397 3683 » être assez bien en route pour ne pas désirer ar
1330 3653 2412 3737 river, cela peut convenir à celui qui voyage pour
1336 3709 2408 3775 voyager. — Quant à ceux qui voyagent pour arriver,
1330 3763 2407 3842 il n’est pas mauvais, ce me semble, que la route leur
1333 3809 1969 3896 Tasse un peu désirer le terme...
1377 3856 2412 3953 « La vie de Paul s'écoulait ainsi doucement, mais
