2897 4318
1229 205 1333 285 203
155 281 1236 350 israélites, ils avaient dévoré en moins de deux ans
153 349 1221 408 l’héritage de leur père et les économies de la malheu
153 406 1223 461 reuse Rachel, et leur soif de plaisir, loin de s'apaiser
152 462 1230 519 dans leurs excès, se montrait toujours plus ardente.
153 514 1221 568 Rien ne calmait leurs passions effrénées; pour les sa¬
153 566 1223 628 tisfaire ils vendirent la maison paternelle, ils sacri¬
153 608 1240 690 fièrent jusqu’à leur propre mère, obligée désormais
153 679 1230 745 de vivre du travail de ses mains ou de la charité pu¬
153 730 1230 784 blique. Il est vrai que dans les rares moments où la
152 792 1237 835 raison et la conscience parlaient plus haut que leurs
160 827 1233 890 penchants déréglés, ils se reprochaient amèrement
156 890 1236 948 leur ingratitude et formaient le projet de venir aux
163 936 1237 1009 pieds de Rachel implorer un pardon qu’ils étaient
152 990 1226 1061 trop sûrs d’obtenir ; mais il eût fallu en même temps
153 1035 1226 1105 changer de vie, et ils se berçaient toujours de l’espoir
153 1094 1227 1157 que le jeu, si inconstant dans ses hasards, leur ren¬
160 1149 1230 1214 drait bientôt au moins une partie des biens qu’il leur
153 1206 1226 1271 avait enlevés. Mais la fortune, rebelle à leurs désirs
156 1257 1236 1321 semblait mettre à les fuir le même acharnement qu'ils
155 1307 717 1373 montraient à la poursuivre.
202 1360 1226 1425 Enfin , après avoir perdu jusqu’à leur dernier
153 1405 1230 1473 douro (1), les deux misérables n’eurent plus d’autre
153 1473 1226 1526 ressource que de se placer comme domestiques
152 1523 1226 1584 chez des colons français ; mais leur passion dominante
152 1573 1226 1651 était toujours pour eux un maître plus absolu que
152 1633 1223 1693 ceux auxquels ils avaient vendu leur liberté. Les sa¬
148 1674 1225 1743 laires de chaque mois, que des fils moins dénaturés
153 1733 1226 1793 seraient venus offrir à la pauvre mère qu’ils avaient
155 1785 1221 1854 réduite à la mendicité, étaient consumés en quelques
148 1842 1233 1903 heures dans d’infâmes tripots; un jour même, l'aîné
149 1891 1230 1967 des deux frères ne pouvant résister à la pente fatale
153 1941 1231 2009 qui l’entraînait si rapidement dans l‘abîme, s’empara
151 2003 1230 2066 dans la boutique de son maître d’une pièce de calicot
152 2056 1221 2117 qu’il vendit à vil prix à l’un de ses coreligionnaires.
153 2102 1226 2169 Le vol ne tarda pas à être découvert, et Yssachar fut
160 2167 1211 2222 condamné par la justice française à trois mois d’em¬
156 2213 1230 2281 prisonnement. La pauvre Rochel ignora longtemps
153 2281 1215 2333 cette honte; ses fils évitaient si soigneusement sa pré¬
152 2314 1218 2388 sence, que ce n'était que de loin et à de rares inter¬
152 2372 972 2440 valles qu’elle parvenait à les apercevoir.
195 2420 1223 2489 Peu de temps après, les deux jeunes Israélites en¬
153 2460 1218 2540 trèrent au service d’un marchand provençal dont le
152 2524 1223 2593 magasin de nouveautés, récemment établi sur la place
161 2580 1226 2651 du Gouvernement, presque à l’entrée du palais, offrait
153 2649 1231 2698 aux dames françaises des toilettes et des objets de
152 2684 1230 2752 luxe qu’on pouvait s’étonner de trouver déjà dans une
159 2742 1230 2813 ville d’Afrique si éloignée du littoral. M. R... était
153 2786 1231 2862 aussi marchand de vins en gros, et il avait pour ce
152 2840 1176 2913 commence une autre maison dans une rue voisine.
206 2900 1230 2969 Yssachar et Benjamin étaient employés à porter les
160 2948 1215 3024 marchandises, et leur salaire était assez élevé pour
152 2993 1215 3068 leur permettre de subvenir largement à tous leurs be¬
163 3050 1218 3126 soins réels, mais la débauche leur en avait créé de
164 3099 1217 3174 factices qu'aucune fortune n'aurait pu satisfaire.
164 3155 1217 3231 et les malheureux jeunes gens dérobèrent à leur
167 3206 1226 3286 maître plusieurs paniers d'un vin de champagne de
164 3255 1222 3343 grande valeur. M. R..., arrivé depuis peu de temps
168 3307 1223 3395 en Afrique, croyait que ce larcin ne serait puni que
170 3372 1223 3453 par quelques mois de prison, et c'était là en effet le
175 3425 1221 3495 châtiment qu’un tribunal français eût infligé aux cou¬
167 3469 1217 3543 pables; mais, hélas! les deux frères étaient Juifs al¬
167 3528 1225 3610 gériens, et, cette fois, l'affaire fut renvoyée au kaïd.
193 3713 781 3810 (1) Douro, pièce de cinq francs.
1318 286 2396 396 La sentence que prononça le magistrat musulman fit
1322 359 2401 446 pâlir d’horreur l’honnète colon; Yssachar, qui déjà
1322 418 2384 513 avait été poursuivi pour vol, fut condamné à mort
1322 462 2395 559 et Benjamin à recevoir cinq cents coups de bâton sur
1317 521 1731 589 la plante des pieds.
1364 567 2383 659 M. R..., au désespoir du résultat de sa déposition
1322 628 2396 711 fit tous ses efforts pour obtenir la révocation d'une
1317 688 2401 758 sentence si cruelle; il courut chez le kaïd et le supplia
1326 742 2398 812 de lui accorder la grâce des deux Juifs, ou au moins
1324 788 2403 865 de modifier la peine; mais celui-ci répondit qu'elle
1321 842 2396 910 était conforme à la loi, et qu’il ne pouvait revenir
1316 891 2403 966 sur un jugement prononcé. Le négociant espéra alors
1320 955 2396 1028 que le général commandant, après avoir entendu les
1320 1004 2394 1073 explications qu'il se proposait de lui donner, n'hésite¬
1317 1071 2396 1130 rait pas à casser la sentence du kaïd, il se rendit en
1320 1113 2396 1181 toute hâte au palais, mais le général était à Sétif
1322 1164 2396 1240 pour deux ou trois jours, et M. R... rentra chez lui
1317 1212 1705 1290 triste et découragé.
1838 1354 1874 1439 V
1358 1463 2396 1562 Il était déjà presque nuit, et c'était le lendemain
1310 1528 2198 1619 que devait être exécutée la fatale sentence.
1358 1594 2396 1675 Rachel, triste et malade de privations et de chagrin,
1322 1661 2401 1724 se tenait dans ce moment accroupie sur l'escalier du
1320 1702 2394 1779 minaret (1), qui s'élevait au milieu de la place de la
1311 1764 2387 1827 Brèche. Elle réchauffait aux derniers rayons d'un so¬
1310 1808 2391 1885 leil de décembre ses membres à moitié nus, lorsqu’une
1321 1874 2382 1927 voix presque sépulcrale la fit soudain tressaillir. C’é¬
1310 1925 2395 1994 tait encore le vieil Abraham, mais plus sombre, plus
1310 1976 2384 2052 implacable que lors de sa dernière visite à sa pauvre
1310 2022 1439 2080 nièce.
1359 2075 2387 2144 « Femme, dit-il avec un accent terrible, est-ce pour
1316 2123 2384 2201 voir de près l’exécution de ton fils, de ce misérable à
1310 2190 2379 2249 qui ta faiblesse et ton aveuglement vont demain coû¬
1311 2239 2388 2337 ter la vie, que tu viens dès ce soir retenir ta place en
1313 2284 1516 2349 ces lieux ?
1389 2340 2382 2411 — Que dites-vous ? s’écria la pauvre Juive bon¬
1316 2384 2384 2472 dissant comme une biche dont un chasseur aurait
1310 2444 2382 2510 ravi le faon... mon enfant ?... une exécution ?...
1306 2504 2379 2561 au nom du Dieu de nos pères, expliquez-vous, mon
1311 2552 1453 2619 oncle!
1378 2590 2373 2666 — Je t'avais prédit que l'heure de la vergeance cé¬
1311 2653 2380 2726 leste approchait; elle est arrivée maintenant, plus
1311 2704 2376 2769 sanglante que je ne l’avais prévue; tu es maudite, fille
1314 2767 2378 2858 d’ Azariel, tu es maudite, toi et les fruits de tes en¬
1306 2809 1501 2878 trailles.»
1354 2866 2387 2940 Et s'éloignant aussitôt, il se confondit dans la foule
1310 2920 2127 2982 des bédouins qui retournaient de la ville.
1358 2974 2371 3043 « Mon Dieu ! mon Dieu! que vient-il de dire? s’é¬
1314 3030 2203 3092 cria la pauvre Rochel moitié morte d’effroi.
1416 3084 2372 3138 Juive, répondit une vieille négresse qui venait
1314 3136 2371 3203 d'entendre le discours d’Abraham, es-tu donc la mère
1306 3184 1868 3248 d’Yssachar et de Benjamin?
1416 3239 2284 3297 Certainement je suis leur mère, dit Rechel.
1408 3290 2383 3357 Eh bien, Juive, tes fils ont volé leur maître, et
1306 3345 2372 3441 ils ont été condamnés, l’un à perdre la tète, l'autre à
1306 3408 1781 3460 recevoir la bastonnade.
1423 3441 2378 3541 Yssachar! Benjamin !... où êtes-vous? cria Ra¬
1355 3589 2376 3682 (1) Le minaret de la place de la Brèche, sur lequel les
1305 3666 2379 3739 Français avaient gravé ces mots Aux braves, morts devant
1307 3720 2382 3808 Constantine en 1836 et 1837, s’est écroulé depuis quelque
1310 3769 2151 3840 temps déjà; on l’a remplacé par une fontaine.
