2840 4318
1189 166 1284 284 65
769 499 1707 616 HISTOIRE ET CHRONIQUE
1202 682 1270 769 DE
603 845 1881 1028 LA POÉSIE FRANÇAISE
207 1131 2271 1216 Depuis ses plus anciens monuments jusqu’à l’époque de Malherbe.
150 1578 2336 1696 SECONDE PÉRIODE. — Règne de l’allégorie, du genre didactique et de la satire.
1031 1737 1437 1843 (Neuvième article.)
458 1957 840 2061 POÉSIE LYRIQUE.
158 2096 1197 2200 Suivant M. Victor Hugo (Préface de Cromwell),
112 2200 1200 2257 « aux temps primitifs, quand l’homme s’éveille dans
117 2238 1200 2304 un monde qui vient de naître, la poésie s’éveille avec
120 2296 1208 2364 lui. En présence des merveilles qui l’éblouissent et
117 2350 1205 2410 qui l’enivrent, sa première parole n’est qu’un hymne.
117 2405 1208 2473 Il touche encore de si près à Dieu, que toutes ses
109 2456 1202 2530 méditations sont des extases, tous ses rêves des vi¬
104 2519 1205 2584 sions. Il s’épanche, il chante comme il respire. Sa
109 2565 1197 2625 lyre n’a que trois cordes : Dieu, l’âme, la création.
109 2620 1210 2680 Mais ce triple mystère enveloppe tout, mais cette
117 2672 1200 2740 triple idée comprend tout. La terre est encore à peu
120 2729 1194 2792 près déserte. Il y a des familles, et pas de peuples,
106 2775 1189 2849 des pères, et pas de rois. Chaque race existe à l’aise
109 2830 1197 2901 point de propriété, point de lois, point  de froisse-
104 2887 1197 2950 ments, point de guerres. Tout est à chacun et à tous.
93 2944 1194 3002 La société est une communauté. Rien n’y gêne
104 2993 1205 3056 l’homme. Il mène cette vie pastorale et nomade par
106 3053 1208 3122 laquelle commencent toutes les civilisations, et qui
98 3102 1200 3173 est si propice aux contemplations solitaires, aux ca¬
101 3154 1194 3225 pricieuses réveries. Il se laisse faire, il se laissé aller.
101 3217 1194 3272 Sa pensée, comme sa vie, ressemble au nuage qui
101 3269 1194 3331 change de forme et de route, selon le vent qui le
104 3318 1194 3386 pousse. Voilà le premier homme, voilà le premier
104 3378 1194 3443 poète. Il est jeune, il est lyrique. La prière est toute
93 3430 886 3495 sa religion, l’ode est toute sa poésie. »
153 3460 1194 3552 Comme on le voit, d’après la thèse que soutient ici
106 3533 1191 3610 le célèbre écrivain, la poésie primitive, celle qui ap-
112 3593 1202 3664 paraît à l’aurore des temps et des civilisations, est
101 3650 1191 3705 ëxclusivement et, pour ainsi dire, fatalement lyrique.
104 3702 1191 3765 Suivant lui encore, et l’on pourra s’en convaincre
101 3738 1191 3811 en lisant le reste de son manifeste romantique :
95 3798 1230 3901 l’épopée succède à l’ode, et le drame à l'épopéé,
294 3858 932 3959 VINGT-CINODIEME ANNÉE. — N° III.
1268 1960 2377 2039 comme après l’enfance vient la jeunesse, et aprè
1276 2028 1887 2096 celle-ci l’âge sérieux et viril.
1325 2056 2377 2146 Il nous serait difficile d’adopter cette opinion, bien
1281 2137 2377 2195 que recommandée par un nom si imposant. La poésie
1281 2186 2383 2252 lyrique, au contraire, nous semble être de tous les
1287 2246 2375 2306 temps ; elle est inhérente à la nature humaine, et,
1290 2298 2372 2358 par conséquent, elle n’a pas d’âge. Partout et tou¬
1290 2353 2377 2424 jours l’homme a senti le besoin de se replier sur lui¬
1276 2399 2377 2465 même, d’écouter, dans le silence et le recueillement
1279 2462 2375 2522 de la solitude, les voix intimes, les fées mystérieuses
1281 2514 2369 2574 qui chantent au fond de son coeur ; partout et tou-
1287 2568 2377 2636 jours, il a soulagé sa douleur ou épanché sa joie
1281 2623 2372 2680 dans des rhythmes mélodieux et sonores; chants
1290 2677 2366 2748 plaintifs des cygnes qui meurent au bord de l'Eu¬
1276 2737 2366 2794 rotas; vives ariettes de l’alouette insouciante et ba¬
1279 2784 2380 2849 billarde qui s’éveille gaiement avec le soleil; brillantes
1276 2835 2377 2895 cantates du rossignol nocturne caché sous le feuillage
1276 2890 2366 2955 des bouleaux. Il paraîtrait même, à voir les choses
1281 2939 2369 3004 de près, que les délicatesses et les raffinements d’une
1276 3002 2369 3056 civilisation avancée, loin de nuire au développement
1276 3053 2369 3119 de la faculté lyrique, ne peuvent que l’exalter encore
1279 3108 2366 3165 et lui donner à la fois plus d’étendue et de puissance.
1276 3162 2364 3222 En effet, pour nous en tenir à la poésie française, et
1279 3206 2366 3285 nous renfermer par la même occasion dans le cadre
1279 3261 2369 3340 que nous nous sommes tracé, jusqu’à présent, y a-t-il
1276 3310 2364 3400 eu, dans toute notre littérature, une époque plus
1276 3356 2364 3454 vraiment lyrique que celle qui a vu éclore, comme
1276 3427 2366 3501 autant de fleurs divines du paradis de l’âme, les Odes
1268 3484 2366 3547 et Ballades, les Voix intérieures, les Méditations et
1268 3541 2364 3601 les Harmonies ? Nous ne parlons point des admirables
1273 3574 2364 3650 chœurs d’Esther et d‘Athalie, par la raison même que
1279 3650 2366 3708 ce sont des chœurs et que l’élément lyrique s’y trouve
1268 3694 2364 3754 forcément subordonné à l’élément dramatique ; mais
1276 3754 2364 3811 les informes essais que nous allons passer en revue dans
1268 3800 2372 3890 les pages qui vont suivre, mais les accords plus que
2088 3874 2129 3945 5
