2897 4318
1249 226 1350 313 125
168 302 1263 391 ces visiteuses échevelées, c’est comme lorsqu’on parle
168 377 1254 443 du Prince, il semble que toute désignation soit su¬
165 428 324 498 perflue.
204 488 1247 556 Il n’est pas qu’à Nice, on n‘en cause, plus ou moins,
162 544 1258 604 ici, c’est une fièvre : dans le- salon et la mansarde,
162 597 1258 662 dans la boutique et le bureau, vous êtes sûrs de pren¬
168 647 1254 704 dre les gens en flagrant délit d’astronomie. J’en de¬
162 699 1259 767 mande pardon à la science qui porte ce nom, mais il
159 759 1259 820 n’en est point, je crois, qui inspire de raisonnements
162 815 1259 875 aussi divers et aussi bouffons. Cela se comprend. Peu
165 869 1254 928 de natures, quelque grossières qu’elles soient, restent
157 920 1254 981 indifférentes aux splendeurs d’une nuit étoilée ; les
159 974 1255 1036 constellations, leurs figures, leur rapports, les pla¬
159 1033 1251 1089 nètes rayonnantes, cette voie lactée, amas d’innom¬
162 1079 1262 1146 brables soleils, cette voie lactée que l’on dirait être la
159 1136 1259 1200 voie des anges, tout, dans la céleste voûte, attire et
162 1189 1254 1255 arrête les regards des humains ; mais, comme il est
159 1247 1251 1302 des humains raisonneurs, qui ne se contentent point
159 1298 1251 1363 d’imiter les simples d’esprit, et d‘adorer en silence le
172 1354 1251 1411 créateur de ces merveilles; comme aussi les savants
159 1407 1251 1466 se comptent par unités et les demi-savants par mil¬
159 1456 1255 1523 liards ; et en disant demi-savants, je suis polie ; il
159 1513 1251 1572 s’ensuit un nombre incroyable de drôles de petits
162 1568 1248 1625 systemes qui ne demandent qu’à éclore, et qui éclo¬
162 1629 1248 1678 sent bien vite, dès que l’occasion s’en présente; tu
165 1683 1251 1744 penses si l’annonce d’une comète, devant laisser traî¬
162 1734 1251 1799 ner sa chevelure jusque chez nous, a semblé une
158 1780 489 1847 bonne occasion!
207 1835 1181 1899 « Nous serons réduits en cendres! » dit l’un.
201 1891 742 1956 Et tous de blémir d’effroi !
210 1950 1252 2018 « Réduits en cendres ? allons donc ! riposte un
159 1996 1245 2061 autre ; la comète est un corps dur, dont le choc,
162 2050 1241 2116 inévitable, d’après de sûrs calculs (les siens!) nous bri¬
168 2109 1238 2172 sera comme un verre de Bohême, et lancera nos dé¬
164 2155 548 2218 bris dans l’espace !
268 2215 766 2275 Brrrr! » fait l’auditoire.
207 2270 1247 2330 Et alors on raisonne et déraisonne à perte de vue,
159 2323 1238 2393 les esprits s’échauffent, des partis se forment, on ar¬
161 2374 1241 2441 bore des drapeaux ; peu s’en faut qu’on n’ en arrive
159 2429 1238 2495 à des extrémités fâcheuses; heureusement un savant,
159 2485 1238 2539 un vrai savant, celui-là, est venu, ses riens visibles en
159 2535 1235 2592 main, non pas accommoder les divergents, mais ré¬
165 2587 838 2655 duire leurs suppositions à néant.
215 2640 1059 2701 Voici ce que dit M. Babinet, de l’Institut :
204 2693 1241 2749 « Il faut convenir que si jamais il a existé une pa¬
159 2754 1241 2820 » nique gratuite, c’est bien celle d’aujourd’hui. La
159 2806 1238 2854 » science positive ne nous annonce aucun phéno¬
162 2859 1238 2908 » mène extraordinaire. Des quatre comètes conquises
157 2911 1238 2984 » par l’astronomie, aucune ne paraîtra cette année,
152 2971 1228 3026 » et leur marche bien connue en fait des astres très
152 3016 1238 3087 » inoffensifs; celle que nous attendons, par exemple,
157 3076 1235 3133 » descend des régions célestes fort obliquement vers
154 3128 1238 3179 » le soleil, et en passe à une distance égale à la moi¬
155 3175 1241 3251 » tié de la distance de la terre au soleil. Elle ne peut
157 3238 1235 3290 » donc pas plus rencontrer notre planète, qu’un
152 3274 1233 3358 » homme qui suivrait les bords du Gange, n’en pour-
152 3334 1237 3406 » rait rencontrer un autre qui longerait le Mississipi!
194 3395 1235 3464 » De plus, l’infinie légèreté des comètes, corps ga-
159 3439 1235 3513 » zeux, ainsi que l’ont démontré des expériences plu-
155 3502 1233 3564 » sieurs fois répétées, cette infinie légèreté, disons¬
151 3551 1235 3617 » nous, réduirait à néant tout danger d’un choc entre
151 3604 647 3664 » nous et les comètes. »
194 3657 1235 3729 Est-ce précis, cela? Il est vrai qu’il se trouve en¬
145 3713 1238 3789 core des entêtés qui prétendent... mais, pourquoi se
151 3763 1234 3838 faire leur écho ? Ce que nous dit M. Babinet me plaît
157 3817 1227 3888 par sa fluidité, limpidité, je voulais dire ; je m’y
1344 289 2465 380 tiens, et redescends sur terre, près de notre imitation
1342 368 2460 436 de peinture à l’huile? Examinons ensemble, je te prie,
1350 433 2450 495 ce coq superbe, ces belles poules, ce canard qui bar¬
1342 486 2451 545 botte avec un si naïf plaisir, tous ces accessoires, si
1350 541 2454 614 parfaitement dessinés, si admirablement reproduits;
1342 608 2447 665 nous gâte-t-on assez! Eh bien, veux-tu que je te
1342 662 2441 720 confie un secret ? Nous aurons le pendant cette an¬
1340 710 1572 785 née! chut!
1384 774 2211 825 A l’ouvrage maintenant, mademoiselle !
1389 820 2443 880 1 et 2, PASSE ET ROND d'un bonnet pour enfant. Ce
1342 876 2439 936 dessin, point de Venise, est composé de plumetis, de
1343 927 2441 998 festons ordinaires, de festons feuille de rose et de
1347 985 2426 1055 points d’échelle dans les feuilles ; le feston qui en¬
1340 1037 2400 1101 toure le rond du bonnet doit retomber sur la passe.
1385 1090 2436 1168 3, ENTRE-DEUX pour mélanger à d’autres entre-deux
1346 1139 2436 1214 de Valencienne; il se brode au plumetis avec point
1344 1199 1993 1265 d’échelle aux endroits indiqués.
1386 1259 2427 1335 4, GARNITURE pouvant servir pour taie d’oreiller,
1340 1290 2416 1385 pour bas de pantalon; ce dessin, qui se compose seu¬
1342 1360 2432 1431 lement de feston, à part les tiges de fleurs, peut aussi
1337 1410 2434 1488 convenir pour un bas de jupon, en le plaçant au-des-
1336 1469 2426 1534 sus d’un ourlet de dix à douze centimètres ; et pour
1337 1512 2434 1592 la robe de mousseline que tu veux faire, si simple,
1337 1589 2439 1649 si simple, pourquoi ne te servirais-tu pas de ce même
1329 1627 2376 1697 dessin que tu broderais au bord de chaque volant?
1381 1684 2437 1754 5, GARNITURE ayant le même emploi que celle du
1328 1743 2436 1794 numéro 4 ; un petit mélange de plumetis ne gâterait
1329 1793 2422 1867 rien à l’effet du dessin, mais tout feston serait égale-
1329 1842 1574 1905 ment bien.
1381 1895 1821 1968 6, Thérèse, plumetis.
1378 1951 2420 2014 7, BOUTONNIÈRE pour chemise d’homme, plumetis fin.
1385 2005 2423 2071 8 et 9, COL ET MANCHETTE à broder au plumetis sur
1329 2066 2426 2127 nansouk double, soit avec du coton blanc, soiit avee
1329 2114 2429 2170 du coton de couleur, ou bien encore, en mélangeant
1329 2169 2426 2229 les deux; dans tous les cas, le dessin devra être placé
1329 2229 2426 2289 au-dessous du rang de piqûre qui entourera le col et
1329 2277 2426 2330 la manchette; n’oublie pas de laisser aux manchettes
1329 2330 2134 2386 une petite place pour les boutonnières.
1374 2386 2149 2450 10, H. P., plumetis simple ou feston.
1378 2434 1915 2516 11, BOUTONNIÈRE, plumetis.
1378 2488 1827 2556 12, Zuléma, plumetis.
1381 2541 2418 2604 13, QUART D'UN MOUCHOIR, plumetis fin, et feston
1329 2598 1929 2658 feuille de rose, dans le bord.
1374 2655 2413 2703 14, V. B., plumetis simple ou feston feuille de rose.
1381 2701 1952 2775 15, Lucie, plumetis très-fin.
1371 2754 2415 2817 16, Écusson pour mouchoir, renfermant la lettre R,
1323 2813 2331 2891 le tout au plumetis ou bien avec feston mélangé.
1368 2859 1871 2918 Ici finit la petite édition.
1367 2919 2408 2981 17, AUTRE ÉCUSSON également pour mouchoir, ac¬
1329 2970 2418 3024 compagné de la lettre G; plumetis et point d’échelle
1323 3024 2408 3080 dans les feuillages ; les petites croix indiquent la place
1329 3079 2405 3143 d’un tulle crêpe, mais, quant à moi, je préfère l’écus¬
1318 3139 1801 3204 son sans cet auxiliaire.
1368 3184 2142 3251 18, L. P., plumetis simple ou feston.
1371 3238 2406 3295 19, BOUQUET pour semé de manches bouillons, de
1321 3295 1745 3365 fond. de bonnet, etc.
1363 3355 2105 3404 20, Écusson de mouchoir; plumetis.
1365 3395 2406 3457 21, A. E. L., plumetis, feston feuille de rose et
1323 3457 2415 3513 œillets ou pois; ton ambition sera satisfaite, je crois,
1326 3513 2363 3562 car ce chiffre est réellement d’une belle grandeur.
1402 3564 2408 3625 2, ENCORE UN ÉCUSSON pour mouchoir; ce petit kios¬
1326 3613 1927 3681 que se brode au plumetis fin.
1368 3668 2412 3736 23 et 24, COL ET MANCHETTE à broder au plumetis,
1321 3722 2415 3779 sur mousseline suisse ou fine batiste; le point à jour
1321 3772 2412 3832 du bord est terminé par une petite valencienne ou
1318 3822 1595 3903 une guipure.
