2822 3966
1574 128 1753 219 132
526 193 1592 277 la chaleur, quand le soleil blanchit d’intensité, et que
523 246 1449 314 les guérets altérés se crevassent de sécheresse.
564 306 1588 380 » A cette ville encore, celles qui président aux
526 344 1582 429 sources, les jeunes Naïades, ont donné des fontaines
526 400 1164 471 dont le lit n’est jamais fangeux.
568 451 1576 522 » C’est elle que les Muses ont, depuis longtemps,
523 477 1566 568 élue pour demeure; elle qu’embellit la culture des
518 560 1574 634 arts, l’exacte observance de la justice; elle, enfin,
518 611 1580 675 qu’illustre un parlement dont la conduite rigide
519 666 1572 736 éclipserait celle de Caton, ou de tout autre juge encore
524 710 761 778 plus sévère.
556 757 1570 843 » Que dire de plus? La peindrai-je florissante en
511 812 1572 884 hommes, non d’un esprit barbare et grossier, mais
514 868 1561 939 que Pallas elle-même, sous sa grotte aonienne, a
506 931 1471 992 doucement abrités comme de chers nourrissons?
552 964 1558 1046 » Ah ! qu’Athènes lui céderait volontiers la palme,
500 1016 1558 1098 en la voyant surgir, constellation nouvelle, au ciel de
492 1061 1557 1146 l’histoire ! Que volontiers Rome inclinerait devant
502 1122 1549 1201 elle son grand nom, sa vieille gloire, si elle enten¬
492 1177 1543 1251 dait la terre et l’Océan retentir de tant d’illustra-
492 1222 647 1287 tion! »
534 1297 1552 1359 Ainsi chantait le docte humaniste, répétant sur sa
495 1329 1547 1419 lyre antique l’enthousiaste dithyrambe de ses devan¬
492 1402 1543 1474 ciers du moyen âge. Mais toute médaille a son revers,
499 1439 1546 1519 et voici comment, au dix-septième siècle, ce fou de
488 1497 1549 1573 Scarron s’amuse à nous présenter le tableau du vieux
492 1541 631 1612 Paris :
603 1641 1106 1720 Un amas confus de maisons,
598 1701 1178 1760 Des crottes dans toutes les rues,
598 1743 1140 1811 Ponts, églises, palais, prisons,
594 1790 1184 1856 Boutiques bien ou mal pourvues;
591 1835 1316 1898 force gens noirs, blancs, roux, grisons...
590 1875 1138 1943 Des meurtres et des trahisons,
590 1926 1320 1993 Des gens de plume aux mains crochues ;
588 1970 1253 2046 Maint poudré qui n’a point d’argent,
588 2016 1222 2086 Maint homme qui craint le sergent,
588 2069 1259 2133 Maint fanfaron qui toujours tremble;
588 2108 1160 2181 Pages, laquais, voleurs de nuit,
588 2168 1222 2226 Carrosses, chevaux et grand bruit :
588 2198 1226 2300 Voilà Paris... Que vous en semble ?
508 2315 1518 2409 Revenons à Deschamps. Sa ballade : Adieu, jeu¬
456 2371 1530 2456 nesse! nous paraît délicieuse de grâce et de mélan¬
456 2429 1521 2514 colie. C’est déjà de la poésie intime, et, sous ce rap-
460 2480 1529 2556 port, de la poésie moderne. Nos lectrices pourront
459 2531 1370 2616 s’en convaincre en lisant la strophe suivante :
534 2636 1239 2706 Adieu, printemps! adieu, jeune saison,
534 2676 1186 2755 Où tous déduits sont dus à créature !
531 2726 1177 2811 Adieu, amour! adieu, noble maison,
526 2769 1185 2840 Pleine jadis de fleurs et de verdure !
528 2814 1173 2885 Adieu, été, automne qui peu dure !
523 2854 1216 2937 Hiver me vient, c’est-à-dire vieillesse;
519 2908 1257 2985 Pour ce, triste, te dis : Adieu, jeunesse!
1701 217 2510 288 Il est temps de quitter les vers et les amours,
1704 269 2561 356 Et de prendre congé du plus beau de mes jours.
1705 345 2702 459 Ou le refrain si connu de Béranger, ce dernier des
1652 389 1887 486 trouvères :
1737 488 2549 588 Adieu, chansons! mon front chauve est ridé;
1735 554 2416 625 L’oiseau se tait... l’aquilon a grondé!
1691 645 2708 740 Pour achever de vous faire connaître Eustache
1645 704 2706 800 Deschamps, nous citerons en entier son chef-d’œuvre,
1652 762 2707 860 la ballade sur la mort de Bertrand du Guesclin. A nos
1654 824 2706 904 yeux, le poète s’y montre presque digne de son héros;
1649 871 2556 936 c’est tout dire. Du reste, vous allez en juger :
1720 976 2514 1043 Estoc (tige) d’honneur et arbre de vaillance,
1767 1016 2593 1097 Cœur de lion épris de hardement (hardiesse),
1719 1066 2476 1134 La fleur des preux et la gloire de France,
1755 1110 2338 1174 Victorieux et hardi combattant,
1711 1160 2405 1224 Sage en vos faits et bien entreprenant,
1747 1201 2276 1272 Souverain homme de guerre,
1717 1248 2488 1329 Vainqueur de gens et conquéreur de terre,
1707 1295 2406 1366 Le plus vaillant qui onques fût en vie,
1712 1346 2501 1411 Chacun pour vous doit noir vêtir et querre :
1707 1390 2386 1455 Pleurez, pleurez; fleur de chevalerie!
1705 1489 2330 1557 O Bretagne! pleure ton espérance ;
1708 1531 2318 1605 Normandie, fais son enterrement ;
1711 1590 2449 1669 Guyenne aussi, et Auvergne, or t’avance,
1709 1628 2430 1701 Et Languedoc, quiers-lui son monument,
1711 1673 2309 1749 Picardie, Champagne et Occident
1744 1720 2284 1795 Doivent pour pleurer acquerre
1707 1771 2255 1823 Tragédiens, Arethusa requerre
1708 1815 2413 1890 Qui en eau fut par ses pleurs convertie,
1700 1871 2490 1942 Afin qu’à tous de sa mort les coeurs serre :
1700 1903 2373 1989 Pleurez, pleurez. fleur de chevalerie!
1696 1992 2680 2095 Hé ! gens d’armes, ayez en remembrance (souvenance)
1703 2049 2342 2128 Votre père ; vous étiez ses enfants!
1696 2095 2486 2175 Le bon Bertrand, qui tant eut de puissance,
1700 2141 2330 2215 Qui vous aimait si amoureusement,
1693 2185 2370 2250 Guesclin est mort... priez dévotement
1739 2242 2300 2306 Qu'il puisse paradis conquerre.
1693 2278 2460 2374 Qui deuil n’en fait et qui n‘en prie, il erre,
1689 2330 2349 2408 Car du monde est la lumière faillie ;
1689 2381 2365 2437 De tout honneur était la droite serre :
1684 2418 2342 2509 Pleurez, pleurez. fleur de chevalerie!
1654 2528 2672 2609 Nous osons croire, en terminant cet article, qu’on
1604 2591 2668 2666 ne taxera pas de trop d’exagération les éloges que
1604 2632 2668 2712 nous avons décernés plus haut à Eustache Deschamps.
1604 2687 2668 2774 Du moins, on conviendra sans peine qu’il se distingue
1606 2741 2658 2817 assez nettement de ses prédécesseurs et de s es con¬
1606 2795 2662 2864 temporains par la noblesse des sentiments, l’éléva¬
1610 2852 2674 2932 tion précoce des pensées, la gravité simple et forte
1598 2905 2671 2988 du style, et cette empreinte de dignité sérieuse qui
1604 2965 2670 3027 nous semble constituer le principal caractère de sa
1597 3021 2660 3083 physionomie. En un mot, — nous le répétons volon¬
1601 3066 2658 3126 tiers avant de déposer la plume, — dans toute l’an¬
1592 3116 2662 3193 cienne poésie française, Villon seul nous paraît lui
1598 3165 2656 3242 être positivement supérieur... par la grande raison
1594 3226 2490 3298 que le génie l’emporte toujours sur le talent.
2184 3289 2532 3366 JOSEPH BOULMIER.
480 3029 1511 3144 En vérité, ne croirait-on pas entendre les beaux
440 3064 793 3151 vers de Ronsard :
473 3158 1257 3272 Jà du prochain hiver je prévois la tempête,
475 3233 1316 3338 Jà cinquante et six ans ont neigé sur ma tête ;
