2897 4318
1207 245 1381 351 235
312 559 2287 751 ÉPISODE DE LA PRISE DU MANS
1119 775 1443 901 EN 1793.
687 1057 736 1087 I
159 1141 1249 1217 PAR QUEL HASARD L'AUTEUR FIT CONNAISSANCE
331 1197 1060 1261 AVEC LE BON MONSIEUR GERVAIS.
194 1291 1239 1379 Nous étions sortis, le baron de Péralte et moi, pour
159 1350 1239 1423 faire une promenade dans la campagne, lorsque nous
164 1408 1232 1472 nous vîmes arrêtés au détour de la rue par une frui¬
169 1458 540 1524 tière du voisinage.
206 1509 1242 1580 « J'allais chez madame, me dit-elle, afin de la
162 1563 1239 1639 prier de me donner quelque chose pour de pauvres
159 1619 1227 1688 gens qui sont si malheureux que c’est à fendre le
155 1673 1227 1767 cœur, à ce que m’a conté mon cousin Félix, qui tra¬
162 1715 640 1786 vaille au chemin de fer.
260 1779 1229 1840 — Et que vous a donc conté votre cousin? lui dis-je.
267 1828 1229 1904 Ah! voici, me répondit-elle : il faut d’abord que
152 1865 1224 1951 madame sache que Félix est un brave garçon, inca¬
157 1938 1224 2000 pable de dire un mensonge. Hier, comme il s’en re¬
155 1990 1227 2056 tournait du chantier, à la tombée de la nuit, le voilà
155 2034 1232 2115 qui entend des cris plaintifs qui semblaient partir de
150 2088 1217 2172 dessous terre. Il regarde à droite et à gauche : il n’y
147 2140 1227 2216 avait personne tout le long du chemin; il cherche
147 2199 1227 2267 dans les fossés et derrière la haie rien encore; et
147 2255 1217 2321 cependant les gémissements continuaient de plus
142 2302 1217 2375 belle, on eût dit des sanglots. Le pauvre Félix ne
147 2363 1215 2427 savait plus que croire, l’idée de quelque sorcel¬
147 2397 1217 2491 lerie lui vint dans l’esprit, et la peur le prenait déjà,
147 2451 1215 2532 lorsqu’il aperçut une petite maison que sa façade
145 2500 1215 2584 blanche faisait paraître encore, malgré l’obscurité. Il
140 2567 1202 2645 marche droit vers la maisonnette, et, quoique trem
140 2608 1212 2702 blant un brin, il frappe bravement à la porte. Per¬
135 2672 1215 2783 sonne ne lui crie : Qui est là? mais les lamentations
137 2714 697 2785 allaient toujours leur train.
184 2768 1215 2851 « Hélas! mon Dieu ! qu’allons-nous devenir? disait
142 2827 1200 2898 une voix cassée comme celle des vieilles gens. Parle¬
135 2878 1205 2957 moi, femme; que fais-tu donc? Hélas! mon Dieu! elle
145 2932 1205 3013 qui a la langue si bien pendue ! il faut qu’elle soit
135 2976 1195 3099 morte pour ne pas me répondre. Ma femme, ma pau¬
147 3021 420 3092 vre femme! »
182 3077 1200 3173 Le cousin n’y tient plus ; il enfonce la porte d’un
145 3129 1202 3259 coup de pied et entre dans la chambre; il y faisait
133 3178 650 3261 noir comme chez le loup.
182 3227 1202 3349 « Hé! le vieux, qu’avez-vous donc à geindre de la
140 3273 672 3352 sorte? cria-t-il en entrant.
174 3332 1197 3445 » — Ah! qui que vous soyez, pour l’amour du bon
145 3376 832 3462 Dieu, secourez ma pauvre femme!
174 3438 851 3511 » — Et où est-elle, votre femme?
179 3489 1193 3585 »— A terre, près de mon lit. Il y a trente-six heures
142 3536 1200 3634 que nous n'avons mangé ni l'un ni l’autre; elle s'est
135 3607 1195 3688 plainte que le cœur lui manquait, puis je l'ai enten¬
135 3656 1193 3779 due tomber sur le carreau sans pouvoir la retenir,
130 3698 729 3776 parce que je suis paralytique.
172 3767 1197 3847 » — Je n’y vois pas, dites-moi où est la chandelle.
1372 1048 2405 1141 » — Hélas ! Seigneur! voilà plus de six mois que
1320 1112 2400 1232 nous ne nous en sommes servis, il n’y en a pas dans
1327 1151 1546 1232 la maison.
1367 1197 2390 1298 » — Je vais revenir, crie Félix en courant de toutes
1320 1261 2390 1354 ses forces vers Pont-Lieu. Il achète une chandelle,
1320 1332 2387 1416 du vinaigre et du pain, puis il s'en retourne au galop
1318 1379 2387 1458 comme il était venu. Dès qu'il eut de la lumière, il aper¬
1320 1428 2405 1512 çut le bonhomme qui pleurait à chaudes larmes dans
1318 1489 2405 1558 son lit, et la pauvre femme étendueà terre de tout son
1315 1526 2397 1615 long. Il s’approcha d’elle, lui fit sentir le vinaigre
1313 1585 2405 1664 qu'il avait apporté, et la voilà qui se met à bouger un
1310 1632 1713 1700 brin tout de même.
1357 1698 2400 1777 » — Allons, dit Félix, consolez-vous, mon vieux, votre
1303 1735 2390 1838 femme n’est pas morte, puisqu’elle remue; tout à
1305 1789 2348 1882 l’heure vous allez la voir gaie comme un pinson. »
1345 1857 2387 1936 Il prend de l’eau dans le pichet et la lui jette au
1308 1897 2400 1983 visage. Pour le coup la pauvre femme reprend tout à
1300 1941 2383 2044 fait connaissance et se met à grignotter le morceau de
1303 2012 2378 2096 pain qu’il lui donna, bien fâché de n’avoir pas quelque
1300 2076 2380 2140 chose de meilleur à lui mettre sous la dent. Le bon
1300 2105 2368 2191 homme mangea aussi, ce qui lui fit grand bien. Bref,
1305 2162 2378 2245 quand le cousin pensa qu'il était temps de s'en aller, il
1303 2216 2387 2294 leur souhaita le bonsoir, et tous deux le remercièrent.
1293 2287 2378 2348 en lui disant qu'ils lui devaient la vie et qu'ils prieraient
1298 2319 2378 2414 le bon Dieu pour lui tous les jours, et toutes sortes de
1305 2385 2375 2466 paroles qui lui faisaient plaisir et peine, car il aurait
1303 2439 2368 2505 voulu pouvoir leur donner quelque chose pour le len¬
1293 2481 2373 2552 demain, mais le pauvre garçon ne gagne que trente
1293 2549 2368 2616 sous par jour, et il a une femme malade et quatre en¬
1288 2594 2358 2665 fants sur les bras. Le matin il est venu me conter l'his¬
1293 2640 2363 2726 toire, j’ai porté aux deux vieuxde quoi déjeuner, puis
1283 2684 2356 2770 je me suis dit : Je m'en vais boursiller pour eux au¬
1293 2758 2358 2827 près des bonnes âmes du quartier, afin de leur faire
1288 2807 2356 2876 une petite avance, car j’ai grand pitié des gens d’âge
1281 2859 2358 2927 qui ne peuvent plus travailler. J’ai donc demandé chez
1273 2913 2353 2984 les voisins: les uns m’ont donné deux sous, les autres
1278 2964 2351 3043 quatre, si bien que me voilà déjà à la tête de six francs
1278 3013 2172 3082 trente centimes qui leur feront grand bien.»
1323 3057 2346 3131 « Vous êtes une brave femme et votre cousin un
1276 3109 2343 3173 bon garçon, lui dis-je en essuyant mes yeux où per¬
1278 3165 2343 3234 laient quelques larmes, je vous remercie d'avoir pensé
1276 3219 1973 3278 à moi pour grossir votre offrande.
1320 3256 2348 3342 — Voulez-vous venir visiter vous-même ce pauvre
1269 3320 2334 3376 couple? me dit à demi-voix le baron après avoir dé¬
1278 3369 2338 3440 posé une pièce de quarante sous dans la tasse de
1271 3421 2329 3487 faïence, qui était la bourse de quêteuse de la chari¬
1271 3472 1570 3555 table fruitière.
1310 3521 2265 3585 — Je ne demande pas mieux, lui répondis-je. »
1320 3580 2331 3646 Il se fit indiquer le chemin de la maisonnette ha¬
1273 3612 2338 3700 bitée par les deux époux; nous nous mîmes en route
1264 3671 2343 3752 aussitôt et nous arrivâmes au bout d'un quart d’heure
1278 3740 2260 3798 à la porte du pauvre réduit que nous cherchions.
1323 3789 2341 3882 C'était une chambre basse et humide, aux murs
