<?xml version="1.0" encoding="UTF-8" standalone="yes"?><PcGts xmlns="http://schema.primaresearch.org/PAGE/gts/pagecontent/2013-07-15"><Metadata><Creator>prov=READ-COOP:name=TrHtr:version=2.42.0:model_id=356425:date=24_04_2026_10:28</Creator><Created>2026-04-14T09:53:06.254849</Created><LastChange>2026-06-20T13:22:49.112+02:00</LastChange><TranskribusMetadata docId="14756063" pageId="115166396" pageNr="33" userId="187713" imgUrl="https://files.transkribus.eu/Get?fileType=view&amp;id=UZMPNQBDFWERSDZIAABWVDKF" imageId="97254107"/></Metadata><Page imageFilename="115166396.jpg" imageWidth="2907" imageHeight="4318"><TextRegion id="tr_1776153203" custom="readingOrder {index:0;} structure {type:page-number;score:0.99;}"><Coords points="1359,168 1437,167 1442,235 1355,232"/><TextLine id="tr_1776153203_tl_1" custom="readingOrder {index:0;}"><Coords points="1371,254 1384,253 1395,246 1403,253 1409,249 1417,250 1421,246 1428,246 1424,175 1413,176 1406,170 1386,170 1374,164 1365,165"/><Baseline points="1376,217 1424,220 1430,220"/><TextEquiv><Unicode>21</Unicode></TextEquiv></TextLine><TextEquiv><Unicode></Unicode></TextEquiv></TextRegion><TextRegion id="tr_1776153209" custom="readingOrder {index:1;} structure {type:paragraph;score:0.99;}"><Coords points="184,223 1365,238 1353,539 184,541"/><TextLine id="tr_1776153209_tl_1" custom="readingOrder {index:0;}"><Coords points="228,312 1297,326 1349,317 1349,259 226,238"/><Baseline points="235,283 280,280 325,277 370,277 415,280 459,280 504,280 549,280 594,283 639,283 683,286 728,286 773,286 818,289 863,289 907,289 952,289 997,289 1042,289 1086,292 1131,292 1176,295 1221,295 1266,295 1310,298 1352,301"/><TextEquiv><Unicode>inutile, excepté pour ce coquin de Durcourt, qui en a</Unicode></TextEquiv></TextLine><TextLine id="tr_1776153209_tl_2" custom="readingOrder {index:1;}"><Coords points="226,352 1343,369 1342,319 225,310"/><Baseline points="232,337 277,331 322,334 367,334 412,334 456,337 501,337 546,340 591,340 636,340 680,343 725,343 770,343 815,343 860,343 904,343 949,343 994,346 1039,346 1083,346 1128,346 1173,349 1218,349 1263,352 1307,355 1346,355"/><TextEquiv><Unicode>seul profité, je ne dois pas regretter de l’avoir fait. Il</Unicode></TextEquiv></TextLine><TextLine id="tr_1776153209_tl_3" custom="readingOrder {index:2;}"><Coords points="226,404 1082,411 1343,447 1342,369 225,355"/><Baseline points="232,391 277,388 322,388 367,388 412,391 456,391 501,391 546,394 591,397 636,397 680,397 725,397 770,397 815,397 860,397 904,397 949,397 994,400 1039,400 1083,400 1128,403 1173,406 1218,406 1263,409 1307,412 1346,412"/><TextEquiv><Unicode>faut opérer le bien en vue de Dieu, surtout; c’est à</Unicode></TextEquiv></TextLine><TextLine id="tr_1776153209_tl_4" custom="readingOrder {index:3;}"><Coords points="225,472 954,482 954,418 408,425 224,401"/><Baseline points="232,444 277,444 322,444 367,444 412,447 456,447 501,450 546,450 591,450 636,453 680,453 725,453 770,450 815,450 860,450 904,450 949,453 958,456"/><TextEquiv><Unicode>lui seul que j’en offre l’hommage!</Unicode></TextEquiv></TextLine><TextEquiv><Unicode></Unicode></TextEquiv></TextRegion><TextRegion id="tr_1776153218" custom="readingOrder {index:2;} structure {type:heading;score:0.76;}"><Coords points="477,653 1095,653 1095,770 477,770"/><TextLine id="tr_1776153218_tl_1" custom="readingOrder {index:0;}"><Coords points="535,755 703,739 748,759 844,746 975,766 1027,755 1027,704 873,685 764,700 727,682 688,702 534,696"/><Baseline points="543,731 588,731 633,731 677,731 722,731 767,731 812,731 857,731 901,731 946,734 991,734 1030,737"/><TextEquiv><Unicode>Acte deuxième.</Unicode></TextEquiv></TextLine><TextEquiv><Unicode></Unicode></TextEquiv></TextRegion><TextRegion id="tr_1776153210" custom="readingOrder {index:3;} structure {type:heading;score:0.99;}"><Coords points="460,873 1099,873 1099,986 460,986"/><TextLine id="tr_1776153210_tl_1" custom="readingOrder {index:0;}"><Coords points="535,961 729,948 841,980 928,980 954,959 1013,968 1012,880 865,908 678,903 601,873 535,887"/><Baseline points="543,946 588,943 633,943 677,943 722,943 767,943 812,943 857,943 901,943 946,946 991,946 1015,949"/><TextEquiv><Unicode>SCÈNE PREMIÈRE.</Unicode></TextEquiv></TextLine><TextEquiv><Unicode></Unicode></TextEquiv></TextRegion><TextRegion id="r" custom="readingOrder {index:4;} structure {type:heading;}"><Coords points="198,981 1367,981 1367,1116 198,1116"/><TextLine id="r_tl_1" custom="readingOrder {index:0;}"><Coords points="222,1045 1336,1065 1300,992 221,988"/><Baseline points="229,1033 274,1033 319,1033 364,1033 409,1033 453,1036 498,1036 543,1039 588,1039 633,1039 677,1039 722,1039 767,1039 812,1039 857,1039 901,1042 946,1042 991,1045 1036,1045 1080,1048 1125,1048 1170,1048 1215,1051 1260,1051 1304,1051 1340,1054"/><TextEquiv><Unicode>AGATHE, seule, et dans une attitude de tristesse et de</Unicode></TextEquiv></TextLine><TextLine id="r_tl_2" custom="readingOrder {index:1;}"><Coords points="619,1103 695,1111 716,1101 795,1119 833,1105 873,1115 942,1108 941,1063 914,1052 892,1066 829,1052 808,1069 660,1048 619,1070"/><Baseline points="627,1095 671,1092 716,1095 761,1095 806,1095 851,1095 895,1098 940,1101 946,1101"/><TextEquiv><Unicode>découragement.</Unicode></TextEquiv></TextLine><TextEquiv><Unicode></Unicode></TextEquiv></TextRegion><TextRegion id="tr_1776153201" custom="readingOrder {index:5;} structure {type:paragraph;score:0.99;}"><Coords points="178,1109 1375,1109 1373,1888 186,1872"/><TextLine id="tr_1776153201_tl_1" custom="readingOrder {index:0;}"><Coords points="267,1213 1329,1235 1328,1166 266,1145"/><Baseline points="274,1200 319,1200 364,1200 409,1200 453,1200 498,1203 543,1203 588,1203 633,1206 677,1206 722,1206 767,1209 812,1209 857,1209 901,1212 946,1212 991,1212 1036,1215 1080,1215 1125,1218 1170,1218 1215,1218 1260,1221 1304,1221 1331,1218"/><TextEquiv><Unicode>Trois ans passés!... et pas le moindre signe d’exis¬</Unicode></TextEquiv></TextLine><TextLine id="tr_1776153201_tl_2" custom="readingOrder {index:1;}"><Coords points="225,1272 1329,1284 1328,1235 1199,1223 224,1210"/><Baseline points="232,1257 277,1254 322,1257 367,1257 412,1257 456,1257 501,1257 546,1260 591,1260 636,1260 680,1263 725,1263 770,1263 815,1266 860,1266 904,1266 949,1269 994,1269 1039,1272 1083,1272 1128,1272 1173,1275 1218,1275 1263,1275 1307,1275 1331,1275"/><TextEquiv><Unicode>tence!... Mais en admettant la plus complète indiffé-</Unicode></TextEquiv></TextLine><TextLine id="tr_1776153201_tl_3" custom="readingOrder {index:2;}"><Coords points="218,1325 1336,1347 1335,1298 1245,1287 218,1287"/><Baseline points="226,1313 271,1310 316,1310 361,1313 406,1313 450,1313 495,1313 540,1313 585,1316 630,1316 674,1316 719,1319 764,1319 809,1319 854,1319 898,1322 943,1322 988,1322 1033,1325 1078,1328 1122,1328 1167,1328 1212,1328 1257,1331 1301,1331 1340,1334"/><TextEquiv><Unicode>rence pour moi, indifférence à laquelle je n’avais que</Unicode></TextEquiv></TextLine><TextLine id="tr_1776153201_tl_4" custom="readingOrder {index:3;}"><Coords points="225,1371 1336,1400 1335,1347 225,1325"/><Baseline points="232,1367 277,1364 322,1364 367,1367 412,1367 456,1367 501,1370 546,1370 591,1370 636,1373 680,1373 725,1373 770,1376 815,1376 860,1376 904,1376 949,1379 994,1379 1039,1379 1083,1382 1128,1382 1173,1382 1218,1385 1263,1385 1307,1385 1340,1388"/><TextEquiv><Unicode>trop sujet de m’attendre, comment n’a-t-il jamais</Unicode></TextEquiv></TextLine><TextLine id="tr_1776153201_tl_5" custom="readingOrder {index:4;}"><Coords points="228,1434 1335,1451 1333,1407 1280,1399 228,1395"/><Baseline points="235,1421 280,1418 325,1421 370,1421 415,1421 459,1421 504,1424 549,1424 594,1427 639,1427 683,1427 728,1427 773,1430 818,1430 863,1430 907,1433 952,1430 997,1433 1042,1433 1086,1436 1131,1436 1176,1436 1221,1436 1266,1439 1310,1442 1337,1442"/><TextEquiv><Unicode>senti le besoin de faire savoir de ses nouvelles à des</Unicode></TextEquiv></TextLine><TextLine id="tr_1776153201_tl_6" custom="readingOrder {index:5;}"><Coords points="225,1494 1328,1527 1335,1460 224,1451"/><Baseline points="232,1481 277,1475 322,1475 367,1475 412,1475 456,1478 501,1478 546,1478 591,1481 636,1481 680,1481 725,1481 770,1484 815,1484 860,1484 904,1484 949,1487 994,1487 1039,1490 1083,1490 1128,1493 1173,1493 1218,1493 1263,1496 1307,1496 1337,1499"/><TextEquiv><Unicode>personnes qui lui ont marqué de l’intérêt, comme</Unicode></TextEquiv></TextLine><TextLine id="tr_1776153201_tl_7" custom="readingOrder {index:6;}"><Coords points="225,1550 1272,1583 1336,1567 1336,1525 224,1494"/><Baseline points="232,1537 277,1531 322,1528 367,1531 412,1531 456,1531 501,1531 546,1531 591,1534 636,1534 680,1534 725,1537 770,1537 815,1537 860,1537 904,1540 949,1540 994,1543 1039,1543 1083,1546 1128,1546 1173,1546 1218,1549 1263,1549 1307,1552 1340,1555"/><TextEquiv><Unicode>papa et maman?... Je suis injuste; il ignore ce que</Unicode></TextEquiv></TextLine><TextLine id="tr_1776153201_tl_8" custom="readingOrder {index:7;}"><Coords points="228,1602 1336,1624 1335,1567 1177,1557 228,1558"/><Baseline points="235,1585 280,1582 325,1582 370,1582 415,1585 459,1585 504,1585 549,1588 594,1588 639,1588 683,1591 728,1591 773,1594 818,1594 863,1594 907,1594 952,1597 997,1597 1042,1597 1086,1600 1131,1600 1176,1600 1221,1603 1266,1606 1310,1606 1340,1609"/><TextEquiv><Unicode>mon père a fait pour lui... Il l’ignorera toujours... Il</Unicode></TextEquiv></TextLine><TextLine id="tr_1776153201_tl_9" custom="readingOrder {index:8;}"><Coords points="222,1646 1318,1684 1332,1638 221,1599"/><Baseline points="229,1639 274,1636 319,1636 364,1636 409,1639 453,1639 498,1639 543,1642 588,1642 633,1645 677,1645 722,1645 767,1648 812,1648 857,1648 901,1651 946,1651 991,1651 1036,1654 1080,1654 1125,1657 1170,1657 1215,1660 1260,1660 1304,1663 1334,1663"/><TextEquiv><Unicode>est parti sans savoir qu’à deux pas de lui des cœurs</Unicode></TextEquiv></TextLine><TextLine id="tr_1776153201_tl_10" custom="readingOrder {index:9;}"><Coords points="218,1704 1332,1740 1291,1671 217,1652"/><Baseline points="226,1690 271,1690 316,1690 361,1693 406,1693 450,1693 495,1696 540,1696 585,1696 630,1699 674,1699 719,1699 764,1702 809,1702 854,1705 898,1705 943,1708 988,1708 1033,1711 1078,1711 1122,1711 1167,1714 1212,1714 1257,1717 1301,1717 1334,1720"/><TextEquiv><Unicode>battaient à l’unisson du sien. Si du moins il était</Unicode></TextEquiv></TextLine><TextLine id="tr_1776153201_tl_11" custom="readingOrder {index:10;}"><Coords points="221,1764 1332,1792 1288,1729 219,1709"/><Baseline points="229,1746 274,1743 319,1746 364,1746 409,1749 453,1749 498,1749 543,1752 588,1752 633,1755 677,1755 722,1755 767,1758 812,1758 857,1758 901,1761 946,1764 991,1764 1036,1764 1080,1764 1125,1767 1170,1770 1215,1770 1260,1770 1304,1773 1334,1776"/><TextEquiv><Unicode>heureux!... Mais il n’y a que trop sujet de craindre</Unicode></TextEquiv></TextLine><TextLine id="tr_1776153201_tl_12" custom="readingOrder {index:11;}"><Coords points="225,1815 1322,1842 1298,1787 224,1759"/><Baseline points="232,1800 277,1800 322,1800 367,1803 412,1803 456,1803 501,1806 546,1806 591,1809 636,1809 680,1809 725,1812 770,1812 815,1812 860,1815 904,1815 949,1818 994,1818 1039,1821 1083,1821 1128,1824 1173,1824 1218,1827 1263,1827 1307,1830 1325,1833"/><TextEquiv><Unicode>le contraire! (Elle laisse retomber sa tête dans ses</Unicode></TextEquiv></TextLine><TextLine id="tr_1776153201_tl_13" custom="readingOrder {index:12;}"><Coords points="221,1868 233,1871 246,1863 295,1875 306,1864 320,1864 370,1878 368,1824 358,1825 344,1814 313,1822 280,1813 257,1825 245,1815 219,1815"/><Baseline points="229,1857 274,1854 319,1857 364,1860 373,1863"/><TextEquiv><Unicode>mains.)</Unicode></TextEquiv></TextLine><TextEquiv><Unicode></Unicode></TextEquiv></TextRegion><TextRegion id="r_2" custom="readingOrder {index:6;} structure {type:heading;}"><Coords points="545,1967 572,1891 980,1891 1033,1967 1033,2077 545,2077"/><TextLine id="tr_1776153211_tl_1" custom="readingOrder {index:0;}"><Coords points="648,1980 685,1986 717,1968 766,1986 833,1970 900,1975 899,1916 854,1916 837,1926 816,1915 802,1922 748,1917 731,1905 709,1913 647,1901"/><Baseline points="656,1955 701,1955 746,1955 791,1955 836,1958 880,1958 904,1964"/><TextEquiv><Unicode>SCÈNE II.</Unicode></TextEquiv></TextLine><TextLine id="tr_1776153212_tl_1" custom="readingOrder {index:1;}"><Coords points="587,2077 695,2089 837,2079 887,2099 973,2084 971,1987 953,1980 880,1997 854,1973 774,2038 704,1982 682,2004 634,1987 614,2007 586,1998"/><Baseline points="594,2051 639,2048 683,2048 728,2048 773,2051 818,2051 863,2051 907,2054 952,2054 976,2057"/><TextEquiv><Unicode>ADÈLE, AGATHE.</Unicode></TextEquiv></TextLine><TextEquiv><Unicode></Unicode></TextEquiv></TextRegion><TextRegion id="tr_1776153200" custom="readingOrder {index:7;} structure {type:paragraph;score:0.99;}"><Coords points="185,2076 1347,2085 1350,3375 206,3364"/><TextLine id="tr_1776153200_tl_1" custom="readingOrder {index:0;}"><Coords points="587,2077 695,2089 837,2079 887,2099 973,2084 971,1987 953,1980 880,1997 854,1973 774,2038 704,1982 682,2004 634,1987 614,2007 586,1998"/><Baseline points="594,2051 639,2048 683,2048 728,2048 773,2051 818,2051 863,2051 907,2054 952,2054 976,2057"/><TextEquiv><Unicode>ADÈLE, AGATHE.</Unicode></TextEquiv></TextLine><TextLine id="tr_1776153200_tl_2" custom="readingOrder {index:1;}"><Coords points="268,2133 1043,2170 1308,2161 1321,2103 267,2086"/><Baseline points="274,2129 319,2126 364,2126 409,2129 453,2129 498,2129 543,2129 588,2132 633,2132 677,2135 722,2135 767,2135 812,2135 857,2138 901,2138 946,2141 991,2141 1036,2144 1080,2144 1125,2147 1170,2147 1215,2147 1260,2150 1304,2147 1325,2147"/><TextEquiv><Unicode>ADÈLE. Je te verrai donc toujours en proie à la mé¬</Unicode></TextEquiv></TextLine><TextLine id="tr_1776153200_tl_3" custom="readingOrder {index:2;}"><Coords points="228,2205 1321,2230 1330,2162 226,2140"/><Baseline points="235,2179 280,2179 325,2179 370,2179 415,2182 459,2182 504,2185 549,2185 594,2185 639,2185 683,2188 728,2188 773,2188 818,2191 863,2191 907,2194 952,2194 997,2194 1042,2197 1086,2200 1131,2200 1176,2200 1221,2203 1266,2203 1310,2206 1334,2206"/><TextEquiv><Unicode>lancolie; mes justes craintes ne se sont que trop</Unicode></TextEquiv></TextLine><TextLine id="tr_1776153200_tl_4" custom="readingOrder {index:3;}"><Coords points="232,2251 1318,2277 1316,2226 1227,2205 231,2207"/><Baseline points="238,2233 283,2233 328,2233 373,2233 418,2236 462,2236 507,2236 552,2239 597,2239 642,2242 686,2242 731,2242 776,2242 821,2245 865,2245 910,2248 955,2248 1000,2251 1045,2251 1089,2254 1134,2254 1179,2254 1224,2257 1269,2260 1313,2260 1322,2260"/><TextEquiv><Unicode>réalisées! Il est cependant déraisonnable, ma fille, de</Unicode></TextEquiv></TextLine><TextLine id="tr_1776153200_tl_5" custom="readingOrder {index:4;}"><Coords points="225,2299 1322,2330 1321,2282 1220,2268 224,2247"/><Baseline points="232,2290 277,2287 322,2287 367,2287 412,2290 456,2290 501,2290 546,2293 591,2293 636,2293 680,2296 725,2296 770,2299 815,2299 860,2299 904,2302 949,2302 994,2305 1039,2305 1083,2308 1128,2308 1173,2311 1218,2311 1263,2311 1307,2314 1325,2314"/><TextEquiv><Unicode>s’affliger ainsi sur une simple imagination, car ta</Unicode></TextEquiv></TextLine><TextLine id="tr_1776153200_tl_6" custom="readingOrder {index:5;}"><Coords points="225,2352 1325,2381 1323,2328 1269,2321 224,2299"/><Baseline points="232,2344 277,2341 322,2341 367,2344 412,2344 456,2347 501,2347 546,2347 591,2347 636,2350 680,2350 725,2350 770,2353 815,2353 860,2356 904,2356 949,2359 994,2359 1039,2362 1083,2362 1128,2362 1173,2365 1218,2365 1263,2368 1307,2368 1328,2371"/><TextEquiv><Unicode>douleur n’a pas d’autre fondement. Tu ne dois rien à</Unicode></TextEquiv></TextLine><TextLine id="tr_1776153200_tl_7" custom="readingOrder {index:6;}"><Coords points="225,2419 1325,2436 1294,2374 225,2363"/><Baseline points="232,2397 277,2397 322,2397 367,2397 412,2400 456,2400 501,2400 546,2403 591,2403 636,2403 680,2403 725,2406 770,2409 815,2409 860,2409 904,2409 949,2412 994,2412 1039,2415 1083,2415 1128,2415 1173,2418 1218,2418 1263,2421 1307,2421 1328,2424"/><TextEquiv><Unicode>qui ne te fut jamais rien; songe plutôt à former une</Unicode></TextEquiv></TextLine><TextLine id="tr_1776153200_tl_8" custom="readingOrder {index:7;}"><Coords points="221,2454 1315,2497 1316,2434 219,2420"/><Baseline points="229,2451 274,2448 319,2451 364,2451 409,2454 453,2454 498,2454 543,2454 588,2457 633,2457 677,2460 722,2460 767,2460 812,2463 857,2463 901,2466 946,2466 991,2469 1036,2469 1080,2472 1125,2472 1170,2472 1215,2475 1260,2475 1304,2475 1322,2478"/><TextEquiv><Unicode>chaîne solide : déjà se sont présentés pour toi plusieurs</Unicode></TextEquiv></TextLine><TextLine id="tr_1776153200_tl_9" custom="readingOrder {index:8;}"><Coords points="229,2527 1318,2546 1316,2500 1231,2485 228,2469"/><Baseline points="235,2511 280,2505 325,2505 370,2505 415,2508 459,2508 504,2508 549,2511 594,2511 639,2511 683,2514 728,2514 773,2517 818,2517 863,2520 907,2520 952,2523 997,2523 1042,2523 1086,2526 1131,2526 1176,2529 1221,2529 1266,2532 1310,2532 1322,2535"/><TextEquiv><Unicode>partis auxquels tu n’avais aucune objection raison¬</Unicode></TextEquiv></TextLine><TextLine id="tr_1776153200_tl_10" custom="readingOrder {index:9;}"><Coords points="221,2574 233,2570 256,2591 277,2580 320,2585 334,2574 394,2583 449,2570 506,2577 506,2535 442,2525 423,2534 411,2524 376,2531 354,2513 333,2532 307,2516 219,2536"/><Baseline points="229,2559 274,2559 319,2559 364,2562 409,2562 453,2562 498,2568 510,2565"/><TextEquiv><Unicode>nable à faire.</Unicode></TextEquiv></TextLine><TextLine id="tr_1776153200_tl_11" custom="readingOrder {index:10;}"><Coords points="267,2637 1315,2655 1314,2602 1221,2581 267,2588"/><Baseline points="274,2618 319,2615 364,2615 409,2615 453,2618 498,2618 543,2618 588,2618 633,2621 677,2621 722,2621 767,2624 812,2627 857,2627 901,2627 946,2630 991,2630 1036,2633 1080,2633 1125,2636 1170,2636 1215,2639 1260,2639 1304,2642 1319,2639"/><TextEquiv><Unicode>AGATHE. Aucune, maman, si ce n’est la comparai¬</Unicode></TextEquiv></TextLine><TextLine id="tr_1776153200_tl_12" custom="readingOrder {index:11;}"><Coords points="218,2676 1179,2711 1178,2658 217,2633"/><Baseline points="226,2669 271,2669 316,2669 361,2669 406,2669 450,2672 495,2672 540,2672 585,2672 630,2675 674,2675 719,2678 764,2678 809,2678 854,2681 898,2684 943,2684 988,2684 1033,2687 1078,2687 1122,2690 1167,2693 1182,2693"/><TextEquiv><Unicode>son d’une âme d‘élite avec des âmes vulgaires.</Unicode></TextEquiv></TextLine><TextLine id="tr_1776153200_tl_13" custom="readingOrder {index:12;}"><Coords points="260,2742 1326,2766 1325,2720 259,2700"/><Baseline points="268,2726 313,2723 358,2726 403,2726 447,2726 492,2726 537,2729 582,2729 627,2729 671,2732 716,2732 761,2732 806,2735 851,2735 895,2738 940,2738 985,2738 1030,2741 1075,2741 1119,2744 1164,2744 1209,2747 1254,2750 1298,2750 1328,2753"/><TextEquiv><Unicode>ADÈLE. Mais si cette âme d’élite est introuvable, ou</Unicode></TextEquiv></TextLine><TextLine id="tr_1776153200_tl_14" custom="readingOrder {index:13;}"><Coords points="218,2792 1198,2824 1322,2815 1322,2766 217,2735"/><Baseline points="226,2780 271,2777 316,2777 361,2780 406,2780 450,2780 495,2780 540,2783 585,2783 630,2783 674,2786 719,2786 764,2789 809,2789 854,2789 898,2792 943,2792 988,2795 1033,2795 1078,2798 1122,2798 1167,2798 1212,2801 1257,2804 1301,2804 1325,2804"/><TextEquiv><Unicode>tout à fait hors de notre portée, faut-il renoncer à</Unicode></TextEquiv></TextLine><TextLine id="tr_1776153200_tl_15" custom="readingOrder {index:14;}"><Coords points="219,2838 1319,2872 1288,2815 218,2794"/><Baseline points="226,2833 271,2830 316,2830 361,2833 406,2833 450,2833 495,2836 540,2836 585,2836 630,2839 674,2839 719,2839 764,2842 809,2845 854,2845 898,2845 943,2848 988,2848 1033,2851 1078,2851 1122,2851 1167,2854 1212,2854 1257,2857 1301,2857 1322,2863"/><TextEquiv><Unicode>tout avenir et se vouer à l’isolement pour le reste de</Unicode></TextEquiv></TextLine><TextLine id="tr_1776153200_tl_16" custom="readingOrder {index:15;}"><Coords points="217,2911 257,2911 275,2893 327,2908 341,2901 354,2904 354,2850 306,2851 299,2856 285,2850 260,2858 236,2847 231,2851 214,2847"/><Baseline points="223,2884 268,2887 313,2887 358,2890"/><TextEquiv><Unicode>la vie?</Unicode></TextEquiv></TextLine><TextLine id="tr_1776153200_tl_17" custom="readingOrder {index:16;}"><Coords points="263,2963 1107,2978 1105,2921 644,2924 580,2894 261,2915"/><Baseline points="271,2947 316,2944 361,2944 406,2944 450,2944 495,2944 540,2947 585,2947 630,2947 674,2950 719,2950 764,2953 809,2953 854,2956 898,2956 943,2956 988,2959 1033,2959 1078,2962 1110,2962"/><TextEquiv><Unicode>AGATHE. De l'isolement ! auprès de vous ?</Unicode></TextEquiv></TextLine><TextLine id="tr_1776153200_tl_18" custom="readingOrder {index:17;}"><Coords points="260,3012 1269,3034 1268,2978 259,2964"/><Baseline points="268,3001 313,2998 358,2998 403,2998 447,2998 492,3001 537,3001 582,3001 627,3004 671,3007 716,3004 761,3007 806,3007 851,3010 895,3010 940,3013 985,3013 1030,3016 1075,3016 1119,3016 1164,3019 1209,3019 1254,3022 1272,3022"/><TextEquiv><Unicode>ADÈLE. Mon enfant, nous ne vivrons pas toujours.</Unicode></TextEquiv></TextLine><TextLine id="tr_1776153200_tl_19" custom="readingOrder {index:18;}"><Coords points="254,3058 1316,3090 1315,3041 1179,3027 254,3031"/><Baseline points="262,3051 307,3051 352,3051 397,3054 441,3054 486,3054 531,3054 576,3054 621,3057 665,3057 710,3060 755,3063 800,3063 845,3063 889,3066 934,3069 979,3066 1024,3069 1069,3069 1113,3069 1158,3072 1203,3072 1248,3075 1293,3075 1319,3075"/><TextEquiv><Unicode>AGATHE. Oh! ne parlez pas ainsi, et ne m’ôtez pas</Unicode></TextEquiv></TextLine><TextLine id="tr_1776153200_tl_20" custom="readingOrder {index:19;}"><Coords points="215,3111 1287,3154 1305,3107 214,3054"/><Baseline points="223,3102 268,3102 313,3105 358,3105 403,3108 447,3108 492,3108 537,3108 582,3111 627,3111 671,3111 716,3114 761,3117 806,3117 851,3120 895,3120 940,3120 985,3120 1030,3123 1075,3123 1119,3126 1164,3126 1209,3126 1254,3129 1298,3129 1307,3126"/><TextEquiv><Unicode>le bonheur qui me reste; vivez longtemps et laissez¬</Unicode></TextEquiv></TextLine><TextLine id="tr_1776153200_tl_21" custom="readingOrder {index:20;}"><Coords points="212,3170 651,3177 650,3125 539,3116 485,3133 454,3115 352,3132 306,3129 280,3108 211,3125"/><Baseline points="220,3156 265,3156 310,3156 355,3159 400,3162 444,3162 489,3162 534,3165 579,3165 624,3165 653,3168"/><TextEquiv><Unicode>moi vivre avec vous !</Unicode></TextEquiv></TextLine><TextLine id="tr_1776153200_tl_22" custom="readingOrder {index:21;}"><Coords points="264,3224 1319,3256 1316,3190 261,3168"/><Baseline points="271,3210 316,3210 361,3213 406,3216 450,3216 495,3219 540,3219 585,3219 630,3222 674,3222 719,3225 764,3225 809,3228 854,3228 898,3228 943,3228 988,3231 1033,3231 1078,3234 1122,3237 1167,3237 1212,3239 1257,3239 1301,3239 1322,3242"/><TextEquiv><Unicode>ADÈLE. Ne nous fais donc pas mourir de chagrin à</Unicode></TextEquiv></TextLine><TextLine id="tr_1776153200_tl_23" custom="readingOrder {index:22;}"><Coords points="212,3270 948,3301 945,3239 463,3242 210,3209"/><Baseline points="220,3260 265,3260 310,3263 355,3266 400,3266 444,3269 489,3269 534,3269 579,3272 624,3272 668,3275 713,3275 758,3278 803,3278 848,3281 892,3281 937,3284 949,3284"/><TextEquiv><Unicode>la vue de ta déraisonnable tristesse.</Unicode></TextEquiv></TextLine><TextLine id="tr_1776153200_tl_24" custom="readingOrder {index:23;}"><Coords points="256,3332 1016,3353 1015,3299 253,3281"/><Baseline points="262,3314 307,3314 352,3317 397,3320 441,3323 486,3323 531,3323 576,3326 621,3326 665,3329 710,3329 755,3332 800,3335 845,3335 889,3335 934,3338 979,3341 1018,3344"/><TextEquiv><Unicode>AGATHE, Je tâcherai de la surmonter.</Unicode></TextEquiv></TextLine><TextEquiv><Unicode></Unicode></TextEquiv></TextRegion><TextRegion id="r_1" custom="readingOrder {index:8;} structure {type:heading;}"><Coords points="603,3391 919,3404 911,3461 592,3461"/><TextLine id="r_1_tl_1" custom="readingOrder {index:0;}"><Coords points="619,3443 651,3459 710,3466 742,3452 773,3464 806,3453 855,3466 894,3459 893,3409 840,3393 816,3407 781,3406 727,3382 697,3390 685,3379 660,3393 616,3386"/><Baseline points="627,3443 671,3443 716,3443 761,3446 806,3449 851,3449 895,3452 898,3452"/><TextEquiv><Unicode>SCÈNE III.</Unicode></TextEquiv></TextLine><TextEquiv><Unicode></Unicode></TextEquiv></TextRegion><TextRegion id="tr_1776153208" custom="readingOrder {index:9;} structure {type:heading;score:0.99;}"><Coords points="414,3460 1104,3460 1104,3549 414,3549"/><TextLine id="tr_1776153208_tl_1" custom="readingOrder {index:0;}"><Coords points="465,3534 784,3564 832,3544 981,3571 1050,3554 1047,3509 996,3492 695,3504 463,3480"/><Baseline points="471,3520 516,3517 561,3520 606,3523 650,3526 695,3526 740,3529 785,3532 830,3535 874,3535 919,3535 964,3538 1009,3538 1051,3541"/><TextEquiv><Unicode>LES PRÉCÉDENTES, FRANVAL.</Unicode></TextEquiv></TextLine><TextEquiv><Unicode></Unicode></TextEquiv></TextRegion><TextRegion id="tr_1776153207" custom="readingOrder {index:10;} structure {type:paragraph;score:0.99;}"><Coords points="162,3542 1302,3542 1302,3882 162,3882"/><TextLine id="tr_1776153207_tl_1" custom="readingOrder {index:0;}"><Coords points="259,3640 618,3618 1227,3687 1301,3671 1298,3614 999,3559 883,3608 581,3554 256,3585"/><Baseline points="265,3610 310,3610 355,3607 400,3607 444,3607 489,3607 534,3610 579,3610 624,3613 668,3616 713,3622 758,3622 803,3628 848,3628 892,3628 937,3631 982,3631 1027,3634 1072,3634 1116,3640 1161,3640 1206,3643 1251,3643 1295,3646 1302,3646"/><TextEquiv><Unicode>FRANVAL. Ma chère femme, ma chère fille, vous me</Unicode></TextEquiv></TextLine><TextLine id="tr_1776153207_tl_2" custom="readingOrder {index:1;}"><Coords points="212,3692 468,3668 507,3685 539,3668 784,3684 773,3632 584,3640 418,3615 368,3640 211,3636"/><Baseline points="220,3670 265,3664 310,3664 355,3664 400,3661 444,3661 489,3661 534,3661 579,3664 624,3667 668,3667 713,3670 758,3672 788,3675"/><TextEquiv><Unicode>voyez profondément affligé!</Unicode></TextEquiv></TextLine><TextLine id="tr_1776153207_tl_3" custom="readingOrder {index:2;}"><Coords points="256,3749 626,3722 1033,3772 1031,3706 992,3715 942,3673 696,3705 633,3671 549,3701 412,3670 253,3696"/><Baseline points="262,3723 307,3720 352,3717 397,3717 441,3717 486,3717 531,3717 576,3717 621,3717 665,3720 710,3723 755,3723 800,3729 845,3729 889,3732 934,3735 979,3738 1024,3741 1036,3741"/><TextEquiv><Unicode>TOUTES DEUX A LA FOIS. Qu’est-ce donc ?</Unicode></TextEquiv></TextLine><TextLine id="tr_1776153207_tl_4" custom="readingOrder {index:3;}"><Coords points="249,3787 857,3791 1063,3828 1086,3772 627,3723 247,3748"/><Baseline points="256,3777 301,3774 346,3774 391,3774 435,3774 480,3771 525,3771 570,3771 615,3771 659,3771 704,3774 749,3777 794,3777 839,3783 883,3786 928,3789 973,3792 1018,3795 1063,3798 1089,3801"/><TextEquiv><Unicode>FRANVAL. Rassemblez tout votre courage.</Unicode></TextEquiv></TextLine><TextLine id="tr_1776153207_tl_5" custom="readingOrder {index:4;}"><Coords points="242,3850 1038,3881 1038,3814 858,3794 500,3812 428,3784 242,3814"/><Baseline points="250,3834 295,3831 340,3831 385,3831 430,3831 474,3831 519,3828 564,3828 609,3828 653,3828 698,3828 743,3831 788,3831 833,3834 877,3837 922,3840 967,3843 1012,3846 1042,3852"/><TextEquiv><Unicode>ADÈLE. M'en as-tu jamais vu manquer?</Unicode></TextEquiv></TextLine><TextEquiv><Unicode></Unicode></TextEquiv></TextRegion><TextRegion id="tr_1776153204" custom="readingOrder {index:11;} structure {type:paragraph;score:0.99;}"><Coords points="1431,266 2600,265 2600,639 1427,640"/><TextLine id="tr_1776153204_tl_1" custom="readingOrder {index:0;}"><Coords points="1473,313 2380,323 2380,267 2187,245 1976,277 1473,263"/><Baseline points="1481,301 1525,301 1570,301 1615,301 1660,301 1705,301 1749,301 1794,304 1839,304 1884,304 1929,307 1973,307 2018,307 2063,307 2108,307 2153,307 2197,307 2242,307 2287,307 2332,307 2376,313 2382,310"/><TextEquiv><Unicode>FRANVAL. Le peu qui nous reste est menacé.</Unicode></TextEquiv></TextLine><TextLine id="tr_1776153204_tl_2" custom="readingOrder {index:1;}"><Coords points="1476,376 2236,379 2236,317 1976,342 1874,317 1845,338 1476,321"/><Baseline points="1484,361 1528,358 1573,358 1618,358 1663,361 1708,361 1752,361 1797,361 1842,361 1887,361 1932,364 1976,364 2021,364 2066,367 2111,367 2156,364 2200,364 2239,364"/><TextEquiv><Unicode>AGATHE, souriant. N’est-ce que cela?</Unicode></TextEquiv></TextLine><TextLine id="tr_1776153204_tl_3" custom="readingOrder {index:2;}"><Coords points="1476,435 2552,437 2552,383 2412,368 1476,382"/><Baseline points="1484,418 1528,415 1573,415 1618,415 1663,415 1708,418 1752,418 1797,418 1842,418 1887,418 1932,421 1976,421 2021,421 2066,424 2111,424 2156,424 2200,424 2245,424 2290,421 2335,421 2379,424 2424,424 2469,424 2514,427 2556,430"/><TextEquiv><Unicode>ADÈLE. N’y a-t-il aucun moyen de conjurer l’orage?</Unicode></TextEquiv></TextLine><TextLine id="tr_1776153204_tl_4" custom="readingOrder {index:3;}"><Coords points="1473,492 2525,502 2556,450 1472,433"/><Baseline points="1481,474 1525,471 1570,471 1615,471 1660,474 1705,474 1749,474 1794,477 1839,477 1884,477 1929,477 1973,480 2018,480 2063,480 2108,480 2153,480 2197,480 2242,480 2287,480 2332,480 2376,480 2421,480 2466,480 2511,483 2556,486 2559,486"/><TextEquiv><Unicode>FRANVAL. Il n’y aurait qu’un emprunt, et Durcourt</Unicode></TextEquiv></TextLine><TextLine id="tr_1776153204_tl_5" custom="readingOrder {index:4;}"><Coords points="1434,558 2197,559 2197,506 2140,495 1434,498"/><Baseline points="1442,537 1487,528 1531,528 1576,528 1621,531 1666,531 1711,531 1755,531 1800,534 1845,534 1890,534 1935,537 1979,537 2024,537 2069,537 2114,537 2159,540 2200,540"/><TextEquiv><Unicode>pourrait peut-être me tirer d'affaire.</Unicode></TextEquiv></TextLine><TextLine id="tr_1776153204_tl_6" custom="readingOrder {index:5;}"><Coords points="1473,615 1565,602 1635,626 1695,597 1861,625 1896,607 1930,625 2079,616 2078,565 1952,546 1472,560"/><Baseline points="1481,588 1525,588 1570,588 1615,588 1660,588 1705,588 1749,588 1794,591 1839,591 1884,591 1929,594 1973,594 2018,594 2063,597 2081,600"/><TextEquiv><Unicode>ADÈLE. Le voici fort à propos.</Unicode></TextEquiv></TextLine><TextEquiv><Unicode></Unicode></TextEquiv></TextRegion><TextRegion id="r_3" custom="readingOrder {index:12;} structure {type:heading;}"><Coords points="1625,756 1728,677 2219,677 2332,756 2332,867 1625,867"/><TextLine id="tr_1776153206_tl_1" custom="readingOrder {index:0;}"><Coords points="1849,771 1870,778 1933,753 1977,776 2031,748 2064,769 2116,771 2116,678 2028,675 1991,662 1912,682 1849,662"/><Baseline points="1857,740 1902,740 1946,740 1991,740 2036,740 2081,740 2120,743"/><TextEquiv><Unicode>SCÈNE IV.</Unicode></TextEquiv></TextLine><TextLine id="tr_1776153205_tl_1" custom="readingOrder {index:1;}"><Coords points="1677,851 2292,868 2292,805 2190,778 2138,801 2061,783 2019,811 1887,783 1723,806 1676,791"/><Baseline points="1684,836 1728,833 1773,833 1818,836 1863,836 1908,839 1952,839 1997,839 2042,839 2087,839 2132,839 2176,839 2221,842 2266,842 2296,845"/><TextEquiv><Unicode>LES PRÉCÉDENTS, DURCOURT.</Unicode></TextEquiv></TextLine><TextEquiv><Unicode></Unicode></TextEquiv></TextRegion><TextRegion id="tr_1776153202" custom="readingOrder {index:13;} structure {type:paragraph;score:0.99;}"><Coords points="1418,880 2598,888 2582,3888 1383,3875"/><TextLine id="tr_1776153202_tl_1" custom="readingOrder {index:0;}"><Coords points="1487,932 2134,978 2256,960 2253,911 1484,885"/><Baseline points="1493,925 1537,922 1582,925 1627,925 1672,928 1717,928 1761,931 1806,934 1851,937 1896,940 1941,940 1985,943 2030,943 2075,946 2120,946 2164,946 2209,946 2254,949 2257,949"/><TextEquiv><Unicode>FRANVAL. Mon ami, j’allais te trouver.</Unicode></TextEquiv></TextLine><TextLine id="tr_1776153202_tl_2" custom="readingOrder {index:1;}"><Coords points="1474,1003 1690,987 2310,1023 2309,966 1473,950"/><Baseline points="1481,979 1525,976 1570,979 1615,979 1660,982 1705,982 1749,985 1794,985 1839,988 1884,994 1929,994 1973,997 2018,997 2063,1000 2108,1003 2153,1003 2197,1003 2242,1003 2287,1006 2314,1009"/><TextEquiv><Unicode>DURCOURT. Que puis-je pour ton service?</Unicode></TextEquiv></TextLine><TextLine id="tr_1776153202_tl_3" custom="readingOrder {index:2;}"><Coords points="1473,1045 2543,1087 2541,1017 1472,1003"/><Baseline points="1481,1036 1525,1033 1570,1033 1615,1036 1660,1036 1705,1036 1749,1039 1794,1039 1839,1039 1884,1042 1929,1045 1973,1048 2018,1051 2063,1051 2108,1054 2153,1057 2197,1060 2242,1060 2287,1063 2332,1063 2376,1063 2421,1063 2466,1066 2511,1066 2544,1072"/><TextEquiv><Unicode>FRANVAL. Il y a quelques semaines, un de mes amis</Unicode></TextEquiv></TextLine><TextLine id="tr_1776153202_tl_4" custom="readingOrder {index:3;}"><Coords points="1435,1104 2524,1143 2542,1086 1432,1051"/><Baseline points="1442,1089 1487,1086 1531,1086 1576,1086 1621,1089 1666,1089 1711,1089 1755,1089 1800,1092 1845,1092 1890,1092 1935,1095 1979,1098 2024,1101 2069,1104 2114,1107 2159,1110 2203,1113 2248,1113 2293,1116 2338,1116 2382,1119 2427,1119 2472,1122 2517,1122 2547,1125"/><TextEquiv><Unicode>se trouvait dans une très-fâcheuse position ; ses affaires</Unicode></TextEquiv></TextLine><TextLine id="tr_1776153202_tl_5" custom="readingOrder {index:4;}"><Coords points="1428,1161 2534,1195 2516,1140 1427,1112"/><Baseline points="1436,1143 1481,1143 1525,1143 1570,1143 1615,1143 1660,1146 1705,1146 1749,1146 1794,1146 1839,1149 1884,1149 1929,1149 1973,1152 2018,1152 2063,1155 2108,1158 2153,1161 2197,1164 2242,1167 2287,1170 2332,1173 2376,1173 2421,1176 2466,1176 2511,1179 2535,1179"/><TextEquiv><Unicode>cependant étaient loin d’être désespérées; un secours</Unicode></TextEquiv></TextLine><TextLine id="tr_1776153202_tl_6" custom="readingOrder {index:5;}"><Coords points="1437,1214 2516,1254 2534,1191 1435,1168"/><Baseline points="1445,1200 1490,1197 1534,1200 1579,1200 1624,1200 1669,1200 1714,1203 1758,1203 1803,1203 1848,1203 1893,1203 1938,1206 1982,1206 2027,1206 2072,1209 2117,1212 2161,1215 2206,1215 2251,1218 2296,1221 2341,1227 2385,1227 2430,1230 2475,1233 2520,1233 2538,1233"/><TextEquiv><Unicode>venant à propos suffisait pour les rétablir ; il n’avait</Unicode></TextEquiv></TextLine><TextLine id="tr_1776153202_tl_7" custom="readingOrder {index:6;}"><Coords points="1428,1262 2500,1316 2534,1249 1427,1219"/><Baseline points="1436,1254 1481,1254 1525,1254 1570,1257 1615,1254 1660,1257 1705,1257 1749,1257 1794,1260 1839,1260 1884,1260 1929,1263 1973,1263 2018,1263 2063,1266 2108,1266 2153,1269 2197,1269 2242,1275 2287,1275 2332,1281 2376,1284 2421,1284 2466,1287 2511,1290 2538,1290"/><TextEquiv><Unicode>d’espoir qu’en moi: n’ayant pas d’argent, j’engageai</Unicode></TextEquiv></TextLine><TextLine id="tr_1776153202_tl_8" custom="readingOrder {index:7;}"><Coords points="1427,1323 2531,1357 2529,1315 2365,1290 1425,1276"/><Baseline points="1433,1310 1478,1307 1522,1310 1567,1310 1612,1310 1657,1313 1702,1310 1746,1313 1791,1313 1836,1313 1881,1316 1926,1316 1970,1316 2015,1316 2060,1319 2105,1319 2150,1322 2194,1322 2239,1325 2284,1328 2329,1328 2374,1331 2418,1334 2463,1337 2508,1340 2532,1346"/><TextEquiv><Unicode>ma signature et je lui en fis trouver. C’était un homme</Unicode></TextEquiv></TextLine><TextLine id="tr_1776153202_tl_9" custom="readingOrder {index:8;}"><Coords points="1425,1375 2531,1410 2489,1358 2311,1335 1425,1340"/><Baseline points="1433,1364 1478,1361 1522,1364 1567,1364 1612,1364 1657,1364 1702,1367 1746,1367 1791,1367 1836,1367 1881,1370 1926,1370 1970,1370 2015,1373 2060,1373 2105,1376 2150,1376 2194,1379 2239,1379 2284,1382 2329,1385 2374,1388 2418,1388 2463,1391 2508,1394 2535,1391"/><TextEquiv><Unicode>d’honneur, qui méritait sous tous les rapports ma con-</Unicode></TextEquiv></TextLine><TextLine id="tr_1776153202_tl_10" custom="readingOrder {index:9;}"><Coords points="1423,1425 2534,1466 2542,1421 1421,1379"/><Baseline points="1430,1418 1475,1418 1519,1418 1564,1418 1609,1418 1654,1418 1699,1421 1743,1421 1788,1421 1833,1424 1878,1424 1923,1427 1967,1427 2012,1427 2057,1430 2102,1430 2147,1433 2191,1433 2236,1433 2281,1439 2326,1439 2371,1442 2415,1442 2460,1445 2505,1448 2547,1451"/><TextEquiv><Unicode>fiance et qui aurait rempli ses engagements si la</Unicode></TextEquiv></TextLine><TextLine id="tr_1776153202_tl_11" custom="readingOrder {index:10;}"><Coords points="1428,1488 2539,1515 2507,1463 1427,1441"/><Baseline points="1436,1472 1481,1472 1525,1472 1570,1472 1615,1472 1660,1475 1705,1478 1749,1478 1794,1478 1839,1478 1884,1481 1929,1481 1973,1481 2018,1484 2063,1484 2108,1487 2153,1487 2197,1490 2242,1490 2287,1493 2332,1493 2376,1496 2421,1499 2466,1499 2511,1502 2541,1505"/><TextEquiv><Unicode>mort ne l’avait surpris. Maintenant tout retombe sur</Unicode></TextEquiv></TextLine><TextLine id="tr_1776153202_tl_12" custom="readingOrder {index:11;}"><Coords points="1421,1541 2365,1565 2352,1508 1420,1491"/><Baseline points="1427,1525 1472,1525 1516,1525 1561,1528 1606,1528 1651,1528 1696,1531 1740,1531 1785,1531 1830,1534 1875,1534 1920,1534 1964,1537 2009,1537 2054,1537 2099,1540 2144,1540 2188,1543 2233,1543 2278,1546 2323,1549 2368,1552"/><TextEquiv><Unicode>moi et je me vois dans un cruel embarras...</Unicode></TextEquiv></TextLine><TextLine id="tr_1776153202_tl_13" custom="readingOrder {index:12;}"><Coords points="1477,1600 2542,1628 2460,1560 1476,1551"/><Baseline points="1484,1585 1528,1582 1573,1582 1618,1585 1663,1585 1708,1585 1752,1585 1797,1588 1842,1588 1887,1588 1932,1591 1976,1594 2021,1594 2066,1597 2111,1597 2156,1597 2200,1600 2245,1600 2290,1603 2335,1603 2379,1606 2424,1609 2469,1612 2514,1615 2544,1615"/><TextEquiv><Unicode>DURCOURT. C’est bien fait!... Je ne vous plans pas...</Unicode></TextEquiv></TextLine><TextLine id="tr_1776153202_tl_14" custom="readingOrder {index:13;}"><Coords points="1423,1649 2441,1669 2509,1702 2536,1625 1421,1586"/><Baseline points="1430,1639 1475,1636 1519,1636 1564,1639 1609,1639 1654,1639 1699,1639 1743,1642 1788,1642 1833,1645 1878,1645 1923,1645 1967,1648 2012,1648 2057,1651 2102,1651 2147,1651 2191,1654 2236,1657 2281,1660 2326,1660 2371,1663 2415,1663 2460,1666 2505,1666 2541,1672"/><TextEquiv><Unicode>Mais je plans votre femme et votre fille, à qui vous</Unicode></TextEquiv></TextLine><TextLine id="tr_1776153202_tl_15" custom="readingOrder {index:14;}"><Coords points="1420,1712 2154,1722 2152,1664 1420,1666"/><Baseline points="1427,1693 1472,1693 1516,1693 1561,1696 1606,1696 1651,1696 1696,1696 1740,1699 1785,1699 1830,1699 1875,1699 1920,1702 1964,1702 2009,1705 2054,1705 2099,1705 2144,1711 2156,1714"/><TextEquiv><Unicode>avez joué là un bien mauvais tour.</Unicode></TextEquiv></TextLine><TextLine id="tr_1776153202_tl_16" custom="readingOrder {index:15;}"><Coords points="1467,1759 2532,1790 2531,1733 1466,1726"/><Baseline points="1475,1752 1519,1749 1564,1749 1609,1752 1654,1752 1699,1752 1743,1752 1788,1755 1833,1755 1878,1758 1923,1758 1967,1758 2012,1761 2057,1761 2102,1764 2147,1764 2191,1764 2236,1767 2281,1770 2326,1770 2371,1773 2415,1773 2460,1776 2505,1776 2535,1782"/><TextEquiv><Unicode>ADÈLE. Il ne s’agit pas d’examiner s‘il a bien ou mal</Unicode></TextEquiv></TextLine><TextLine id="tr_1776153202_tl_17" custom="readingOrder {index:16;}"><Coords points="1421,1836 2516,1859 2529,1796 1418,1779"/><Baseline points="1427,1806 1472,1806 1516,1806 1561,1803 1606,1806 1651,1806 1696,1806 1740,1809 1785,1809 1830,1812 1875,1812 1920,1812 1964,1815 2009,1815 2054,1818 2099,1818 2144,1821 2188,1821 2233,1824 2278,1824 2323,1827 2368,1827 2412,1827 2457,1830 2502,1830 2535,1833"/><TextEquiv><Unicode>agi, mais de le tirer, s’il se peut, de cette difficulté.</Unicode></TextEquiv></TextLine><TextLine id="tr_1776153202_tl_18" custom="readingOrder {index:17;}"><Coords points="1462,1873 2528,1899 2527,1856 1460,1835"/><Baseline points="1469,1857 1513,1860 1558,1860 1603,1860 1648,1863 1693,1863 1737,1863 1782,1863 1827,1866 1872,1866 1917,1869 1961,1869 2006,1872 2051,1872 2096,1875 2141,1875 2185,1878 2230,1878 2275,1878 2320,1881 2365,1884 2409,1884 2454,1887 2499,1887 2532,1893"/><TextEquiv><Unicode>DURCOURT. Franchement, je le voudrais de bon</Unicode></TextEquiv></TextLine><TextLine id="tr_1776153202_tl_19" custom="readingOrder {index:18;}"><Coords points="1421,1940 2531,1956 2529,1905 1418,1882"/><Baseline points="1427,1914 1472,1914 1516,1914 1561,1917 1606,1917 1651,1920 1696,1917 1740,1920 1785,1920 1830,1920 1875,1923 1920,1923 1964,1923 2009,1926 2054,1926 2099,1929 2144,1929 2188,1932 2233,1935 2278,1935 2323,1935 2368,1938 2412,1938 2457,1941 2502,1941 2535,1943"/><TextEquiv><Unicode>cœur, et je ferais pour vous ce que je ne feraís pour</Unicode></TextEquiv></TextLine><TextLine id="tr_1776153202_tl_20" custom="readingOrder {index:19;}"><Coords points="1420,1993 2525,2008 2524,1959 1418,1943"/><Baseline points="1427,1976 1472,1970 1516,1967 1561,1970 1606,1970 1651,1973 1696,1973 1740,1973 1785,1973 1830,1976 1875,1976 1920,1976 1964,1979 2009,1979 2054,1979 2099,1982 2144,1985 2188,1985 2233,1988 2278,1988 2323,1991 2368,1991 2412,1994 2457,1994 2502,1994 2529,1997"/><TextEquiv><Unicode>personne, quoique ce soit bien risquer que de prêter</Unicode></TextEquiv></TextLine><TextLine id="tr_1776153202_tl_21" custom="readingOrder {index:20;}"><Coords points="1420,2035 2524,2063 2522,2018 1418,1993"/><Baseline points="1427,2024 1472,2024 1516,2024 1561,2024 1606,2024 1651,2024 1696,2027 1740,2027 1785,2027 1830,2030 1875,2030 1920,2033 1964,2030 2009,2033 2054,2036 2099,2036 2144,2036 2188,2039 2233,2042 2278,2042 2323,2042 2368,2045 2412,2045 2457,2048 2502,2051 2526,2048"/><TextEquiv><Unicode>à un pareil imprudent; mais il faut que vous sachiez</Unicode></TextEquiv></TextLine><TextLine id="tr_1776153202_tl_22" custom="readingOrder {index:21;}"><Coords points="1424,2100 2527,2119 2525,2067 2363,2054 1423,2050"/><Baseline points="1430,2075 1475,2078 1519,2078 1564,2078 1609,2078 1654,2081 1699,2081 1743,2081 1788,2081 1833,2081 1878,2084 1923,2084 1967,2087 2012,2087 2057,2087 2102,2090 2147,2093 2191,2093 2236,2096 2281,2096 2326,2099 2371,2099 2415,2102 2460,2105 2505,2105 2529,2105"/><TextEquiv><Unicode>que j’ai moi-même les inquiétudes les plus graves, et</Unicode></TextEquiv></TextLine><TextLine id="tr_1776153202_tl_23" custom="readingOrder {index:22;}"><Coords points="1424,2151 2527,2172 2527,2130 1423,2106"/><Baseline points="1430,2129 1475,2132 1519,2132 1564,2132 1609,2135 1654,2135 1699,2135 1743,2135 1788,2138 1833,2138 1878,2141 1923,2141 1967,2141 2012,2144 2057,2144 2102,2147 2147,2147 2191,2150 2236,2150 2281,2153 2326,2153 2371,2153 2415,2156 2460,2156 2505,2159 2529,2161"/><TextEquiv><Unicode>que la compagnie où j’ai engagé la majeure partie</Unicode></TextEquiv></TextLine><TextLine id="tr_1776153202_tl_24" custom="readingOrder {index:23;}"><Coords points="1423,2198 2517,2222 2467,2170 1423,2161"/><Baseline points="1430,2185 1475,2185 1519,2185 1564,2185 1609,2188 1654,2188 1699,2188 1743,2188 1788,2191 1833,2191 1878,2191 1923,2194 1967,2194 2012,2197 2057,2197 2102,2197 2147,2200 2191,2200 2236,2203 2281,2203 2326,2206 2371,2209 2415,2209 2460,2209 2505,2212 2520,2215"/><TextEquiv><Unicode>de mes capitaux dans l’espoir de doubler ma fortune.</Unicode></TextEquiv></TextLine><TextLine id="tr_1776153202_tl_25" custom="readingOrder {index:24;}"><Coords points="1414,2265 2532,2285 2531,2233 2471,2222 1413,2197"/><Baseline points="1421,2239 1466,2239 1511,2239 1555,2242 1600,2242 1645,2242 1690,2242 1734,2242 1779,2245 1824,2245 1869,2245 1914,2248 1958,2248 2003,2248 2048,2248 2093,2251 2138,2254 2182,2254 2227,2257 2272,2257 2317,2260 2362,2260 2406,2263 2451,2263 2496,2266 2535,2272"/><TextEquiv><Unicode>branle un peu dans le manche. Je suis peut-être à la</Unicode></TextEquiv></TextLine><TextLine id="tr_1776153202_tl_26" custom="readingOrder {index:25;}"><Coords points="1420,2310 2518,2348 2524,2286 1418,2261"/><Baseline points="1427,2293 1472,2293 1516,2293 1561,2293 1606,2296 1651,2296 1696,2296 1740,2299 1785,2299 1830,2299 1875,2302 1920,2302 1964,2302 2009,2305 2054,2305 2099,2308 2144,2308 2188,2311 2233,2311 2278,2314 2323,2314 2368,2314 2412,2317 2457,2320 2502,2323 2529,2323"/><TextEquiv><Unicode>veille de me trouver dans une position semblable à</Unicode></TextEquiv></TextLine><TextLine id="tr_1776153202_tl_27" custom="readingOrder {index:26;}"><Coords points="1413,2355 1459,2372 1513,2362 1539,2379 1568,2367 1593,2374 1592,2313 1513,2311 1488,2323 1481,2316 1466,2320 1458,2311 1453,2316 1411,2307"/><Baseline points="1421,2350 1466,2350 1511,2350 1555,2350 1597,2356"/><TextEquiv><Unicode>la vôtre.</Unicode></TextEquiv></TextLine><TextLine id="tr_1776153202_tl_28" custom="readingOrder {index:27;}"><Coords points="1463,2422 2521,2451 2518,2393 2425,2380 1462,2372"/><Baseline points="1469,2406 1513,2403 1558,2403 1603,2406 1648,2406 1693,2406 1737,2406 1782,2409 1827,2409 1872,2412 1917,2412 1961,2412 2006,2415 2051,2415 2096,2418 2141,2418 2185,2421 2230,2424 2275,2424 2320,2427 2365,2427 2409,2427 2454,2430 2499,2430 2523,2436"/><TextEquiv><Unicode>FRANVAL. S’il en est ainsi, mon cher, je te plans,</Unicode></TextEquiv></TextLine><TextLine id="tr_1776153202_tl_29" custom="readingOrder {index:28;}"><Coords points="1417,2474 2518,2511 2481,2437 1416,2430"/><Baseline points="1424,2457 1469,2457 1513,2457 1558,2460 1603,2460 1648,2460 1693,2463 1737,2463 1782,2463 1827,2463 1872,2466 1917,2466 1961,2469 2006,2469 2051,2472 2096,2472 2141,2475 2185,2475 2230,2475 2275,2478 2320,2478 2365,2481 2409,2481 2454,2484 2499,2484 2520,2487"/><TextEquiv><Unicode>car tu seras plus malheureux que nous. D’ailleurs, tu</Unicode></TextEquiv></TextLine><TextLine id="tr_1776153202_tl_30" custom="readingOrder {index:29;}"><Coords points="1414,2529 2507,2559 2513,2500 1413,2482"/><Baseline points="1421,2514 1466,2511 1511,2514 1555,2514 1600,2514 1645,2517 1690,2517 1734,2517 1779,2517 1824,2520 1869,2520 1914,2520 1958,2523 2003,2523 2048,2526 2093,2526 2138,2526 2182,2529 2227,2529 2272,2532 2317,2532 2362,2535 2406,2535 2451,2535 2496,2538 2517,2541"/><TextEquiv><Unicode>n’auras pas la douce consolation d’avoir sacrifié ta</Unicode></TextEquiv></TextLine><TextLine id="tr_1776153202_tl_31" custom="readingOrder {index:30;}"><Coords points="1409,2583 2116,2597 2114,2553 2053,2534 1407,2528"/><Baseline points="1415,2568 1460,2568 1505,2568 1549,2568 1594,2568 1639,2571 1684,2571 1728,2571 1773,2574 1818,2574 1863,2574 1908,2574 1952,2577 1997,2577 2042,2577 2087,2580 2120,2583"/><TextEquiv><Unicode>fortune à soulager tes semblables.</Unicode></TextEquiv></TextLine><TextLine id="tr_1776153202_tl_32" custom="readingOrder {index:31;}"><Coords points="1455,2633 2510,2659 2510,2613 1453,2591"/><Baseline points="1463,2624 1508,2624 1552,2624 1597,2624 1642,2624 1687,2624 1731,2627 1776,2627 1821,2627 1866,2630 1911,2630 1955,2630 2000,2633 2045,2633 2090,2633 2135,2636 2179,2636 2224,2636 2269,2639 2314,2639 2359,2639 2403,2639 2448,2642 2493,2642 2514,2645"/><TextEquiv><Unicode>DURCOURT. Cela se peut, mais je ne suis comptable</Unicode></TextEquiv></TextLine><TextLine id="tr_1776153202_tl_33" custom="readingOrder {index:32;}"><Coords points="1410,2687 2521,2718 2520,2654 1410,2643"/><Baseline points="1418,2675 1463,2675 1508,2678 1552,2678 1597,2678 1642,2678 1687,2678 1731,2681 1776,2681 1821,2681 1866,2681 1911,2684 1955,2684 2000,2684 2045,2687 2090,2687 2135,2687 2179,2690 2224,2690 2269,2693 2314,2693 2359,2693 2403,2696 2448,2696 2493,2699 2523,2702"/><TextEquiv><Unicode>de mes actions qu’envers moi-même, et je n’ai pas de</Unicode></TextEquiv></TextLine><TextLine id="tr_1776153202_tl_34" custom="readingOrder {index:33;}"><Coords points="1410,2738 2114,2750 2114,2714 1983,2694 1410,2699"/><Baseline points="1418,2729 1463,2729 1508,2729 1552,2729 1597,2732 1642,2732 1687,2732 1731,2732 1776,2732 1821,2735 1866,2735 1911,2735 1955,2735 2000,2738 2045,2738 2090,2741 2117,2741"/><TextEquiv><Unicode>famille à mettre dans l’embarras.</Unicode></TextEquiv></TextLine><TextLine id="tr_1776153202_tl_35" custom="readingOrder {index:34;}"><Coords points="1455,2795 2509,2833 2516,2764 1453,2753"/><Baseline points="1463,2786 1508,2783 1552,2783 1597,2786 1642,2786 1687,2786 1731,2786 1776,2786 1821,2786 1866,2789 1911,2789 1955,2789 2000,2789 2045,2792 2090,2792 2135,2795 2179,2795 2224,2798 2269,2798 2314,2801 2359,2801 2403,2804 2448,2804 2493,2806 2517,2809"/><TextEquiv><Unicode>FRANVAL. Il est vrai que c’est un remords cuisant</Unicode></TextEquiv></TextLine><TextLine id="tr_1776153202_tl_36" custom="readingOrder {index:35;}"><Coords points="1416,2861 2493,2883 2500,2820 1414,2806"/><Baseline points="1424,2839 1469,2836 1513,2836 1558,2839 1603,2839 1648,2839 1693,2839 1737,2839 1782,2839 1827,2842 1872,2842 1917,2842 1961,2842 2006,2845 2051,2845 2096,2845 2141,2848 2185,2848 2230,2851 2275,2854 2320,2857 2365,2857 2409,2857 2454,2860 2499,2860 2505,2860"/><TextEquiv><Unicode>pour moi. Ma chère femme, ma chère fille, pourrez-</Unicode></TextEquiv></TextLine><TextLine id="tr_1776153202_tl_37" custom="readingOrder {index:36;}"><Coords points="1407,2903 1435,2917 1550,2904 1602,2918 1669,2901 1725,2922 1750,2907 1839,2915 1839,2861 1821,2856 1786,2868 1729,2851 1622,2868 1557,2851 1407,2863"/><Baseline points="1415,2893 1460,2893 1505,2893 1549,2893 1594,2893 1639,2893 1684,2893 1728,2893 1773,2893 1818,2899 1842,2899"/><TextEquiv><Unicode>vous me pardonner?</Unicode></TextEquiv></TextLine><TextLine id="tr_1776153202_tl_38" custom="readingOrder {index:37;}"><Coords points="1453,2954 2516,2995 2513,2918 1452,2915"/><Baseline points="1460,2950 1505,2947 1549,2947 1594,2947 1639,2947 1684,2947 1728,2947 1773,2950 1818,2953 1863,2950 1908,2950 1952,2953 1997,2953 2042,2956 2087,2959 2132,2959 2176,2959 2221,2962 2266,2965 2311,2965 2356,2965 2400,2968 2445,2971 2490,2971 2517,2974"/><TextEquiv><Unicode>ADÈLE et AGATHE, l'embrassant. Nous sommes tes</Unicode></TextEquiv></TextLine><TextLine id="tr_1776153202_tl_39" custom="readingOrder {index:38;}"><Coords points="1402,3026 1470,3024 1481,3016 1507,3031 1518,3021 1540,3027 1564,3012 1578,3020 1589,3013 1606,3030 1631,3028 1631,2967 1616,2971 1600,2956 1592,2963 1575,2956 1525,2961 1487,2975 1427,2963 1402,2977"/><Baseline points="1409,3001 1454,3001 1499,3001 1543,3001 1588,3001 1633,3007"/><TextEquiv><Unicode>complices.</Unicode></TextEquiv></TextLine><TextLine id="tr_1776153202_tl_40" custom="readingOrder {index:39;}"><Coords points="1449,3066 2472,3105 2506,3038 1448,3021"/><Baseline points="1457,3054 1502,3054 1546,3054 1591,3054 1636,3054 1681,3054 1726,3057 1770,3057 1815,3060 1860,3060 1905,3060 1949,3063 1994,3063 2039,3066 2084,3066 2129,3066 2173,3069 2218,3069 2263,3072 2308,3072 2353,3075 2397,3075 2442,3075 2487,3075 2511,3078"/><TextEquiv><Unicode>FRANVAL. J’aurais dû m’occuper davantage de vos</Unicode></TextEquiv></TextLine><TextLine id="tr_1776153202_tl_41" custom="readingOrder {index:40;}"><Coords points="1403,3143 1442,3139 1479,3119 1490,3126 1515,3119 1532,3132 1547,3119 1590,3125 1589,3080 1575,3083 1560,3070 1540,3076 1526,3065 1505,3079 1490,3066 1483,3072 1469,3066 1448,3080 1425,3069 1402,3072"/><Baseline points="1409,3108 1454,3108 1499,3108 1543,3108 1588,3111 1591,3111"/><TextEquiv><Unicode>intérêts.</Unicode></TextEquiv></TextLine><TextLine id="tr_1776153202_tl_42" custom="readingOrder {index:41;}"><Coords points="1452,3172 2096,3192 2095,3143 2039,3129 1895,3149 1856,3121 1743,3118 1692,3140 1607,3122 1452,3142"/><Baseline points="1460,3165 1505,3162 1549,3162 1594,3165 1639,3165 1684,3165 1728,3165 1773,3168 1818,3168 1863,3171 1908,3171 1952,3171 1997,3174 2042,3174 2087,3177 2099,3180"/><TextEquiv><Unicode>ADÈLE. Nous t’en tenons quitte.</Unicode></TextEquiv></TextLine><TextLine id="tr_1776153202_tl_43" custom="readingOrder {index:42;}"><Coords points="1445,3231 2488,3255 2495,3177 1444,3195"/><Baseline points="1451,3219 1496,3216 1540,3219 1585,3219 1630,3222 1675,3222 1720,3222 1764,3222 1809,3222 1854,3225 1899,3225 1943,3228 1988,3228 2033,3228 2078,3228 2123,3228 2167,3231 2212,3228 2257,3228 2302,3231 2347,3231 2391,3231 2436,3231 2481,3234 2499,3234"/><TextEquiv><Unicode>FRANVAL. Savez-vous que nos biens vont être saisis,</Unicode></TextEquiv></TextLine><TextLine id="tr_1776153202_tl_44" custom="readingOrder {index:43;}"><Coords points="1402,3280 2107,3297 2106,3244 1400,3245"/><Baseline points="1409,3269 1454,3272 1499,3272 1543,3272 1588,3275 1633,3275 1678,3275 1723,3275 1767,3278 1812,3278 1857,3278 1902,3278 1946,3278 1991,3281 2036,3281 2081,3281 2111,3281"/><TextEquiv><Unicode>que cette maison va être vendue?</Unicode></TextEquiv></TextLine><TextLine id="tr_1776153202_tl_45" custom="readingOrder {index:44;}"><Coords points="1444,3340 2362,3343 2360,3291 1442,3298"/><Baseline points="1451,3332 1496,3329 1540,3329 1585,3329 1630,3329 1675,3329 1720,3329 1764,3332 1809,3332 1854,3332 1899,3332 1943,3335 1988,3335 2033,3335 2078,3332 2123,3332 2167,3332 2212,3332 2257,3332 2302,3332 2347,3335 2365,3338"/><TextEquiv><Unicode>AGATHE. Nous louerons un petit appartement.</Unicode></TextEquiv></TextLine><TextLine id="tr_1776153202_tl_46" custom="readingOrder {index:45;}"><Coords points="1445,3407 2496,3409 2451,3344 1444,3339"/><Baseline points="1451,3383 1496,3383 1540,3383 1585,3383 1630,3383 1675,3386 1720,3386 1764,3386 1809,3386 1854,3386 1899,3386 1943,3386 1988,3386 2033,3383 2078,3383 2123,3383 2167,3383 2212,3383 2257,3386 2302,3386 2347,3389 2391,3392 2436,3392 2481,3395 2499,3398"/><TextEquiv><Unicode>FRANVAL. Le produit de ma clientèle sera peut-être</Unicode></TextEquiv></TextLine><TextLine id="tr_1776153202_tl_47" custom="readingOrder {index:46;}"><Coords points="1395,3450 1982,3448 1982,3407 1961,3404 1395,3404"/><Baseline points="1403,3437 1448,3434 1493,3437 1537,3437 1582,3437 1627,3437 1672,3437 1717,3440 1761,3440 1806,3440 1851,3437 1896,3437 1941,3437 1985,3440 1988,3437"/><TextEquiv><Unicode>insuffisant pour nos besoins.</Unicode></TextEquiv></TextLine><TextLine id="tr_1776153202_tl_48" custom="readingOrder {index:47;}"><Coords points="1437,3504 2493,3527 2492,3456 2448,3452 1437,3462"/><Baseline points="1445,3487 1490,3490 1534,3490 1579,3490 1624,3490 1669,3490 1714,3490 1758,3490 1803,3490 1848,3490 1893,3487 1938,3487 1982,3487 2027,3487 2072,3484 2117,3487 2161,3487 2206,3490 2251,3493 2296,3496 2341,3499 2385,3502 2430,3502 2475,3505 2496,3508"/><TextEquiv><Unicode>AGATHE. Vous m’avez donné quelques talents, ils ne</Unicode></TextEquiv></TextLine><TextLine id="tr_1776153202_tl_49" custom="readingOrder {index:48;}"><Coords points="1395,3566 2338,3568 2338,3523 2190,3498 1395,3512"/><Baseline points="1403,3544 1448,3541 1493,3544 1537,3544 1582,3544 1627,3544 1672,3544 1717,3544 1761,3544 1806,3544 1851,3541 1896,3541 1941,3538 1985,3538 2030,3538 2075,3538 2120,3541 2164,3544 2209,3544 2254,3547 2299,3550 2341,3553"/><TextEquiv><Unicode>seront plus inutiles, je travaillerai pour vous.</Unicode></TextEquiv></TextLine><TextLine id="tr_1776153202_tl_50" custom="readingOrder {index:49;}"><Coords points="1437,3615 1969,3603 1969,3569 1937,3551 1889,3569 1864,3552 1685,3572 1664,3557 1634,3575 1437,3562"/><Baseline points="1445,3598 1481,3598 1525,3598 1570,3598 1615,3598 1660,3598 1705,3595 1749,3595 1794,3595 1839,3592 1884,3592 1929,3589 1973,3592"/><TextEquiv><Unicode>ADÈLE. Je ferai le ménage.</Unicode></TextEquiv></TextLine><TextLine id="tr_1776153202_tl_51" custom="readingOrder {index:50;}"><Coords points="1437,3667 2493,3694 2492,3636 2179,3604 1437,3615"/><Baseline points="1445,3652 1490,3649 1534,3649 1579,3649 1624,3649 1669,3646 1714,3646 1758,3646 1803,3643 1848,3643 1893,3643 1938,3643 1982,3646 2027,3646 2072,3649 2117,3652 2161,3655 2206,3658 2251,3661 2296,3661 2341,3664 2385,3667 2430,3670 2475,3670 2496,3670"/><TextEquiv><Unicode>AGATHE. Nous travaillerons ensemble. Oh! je ne</Unicode></TextEquiv></TextLine><TextLine id="tr_1776153202_tl_52" custom="readingOrder {index:51;}"><Coords points="1391,3716 1413,3710 1444,3724 1502,3713 1519,3727 1609,3698 1625,3715 1691,3715 1732,3708 1733,3674 1678,3673 1655,3659 1583,3674 1553,3660 1519,3673 1392,3667"/><Baseline points="1400,3702 1424,3702 1469,3699 1513,3699 1558,3699 1603,3699 1648,3696 1693,3696 1737,3699"/><TextEquiv><Unicode>serai plus triste.</Unicode></TextEquiv></TextLine><TextLine id="tr_1776153202_tl_53" custom="readingOrder {index:52;}"><Coords points="1437,3763 2127,3783 2127,3731 2068,3713 1834,3729 1758,3699 1685,3729 1648,3708 1437,3724"/><Baseline points="1445,3756 1490,3750 1534,3750 1579,3750 1624,3750 1669,3750 1714,3750 1758,3750 1803,3750 1848,3750 1893,3750 1938,3753 1982,3753 2027,3756 2072,3759 2117,3765 2129,3765"/><TextEquiv><Unicode>ADÈLE. Oui, ce sera une diversion.</Unicode></TextEquiv></TextLine><TextLine id="tr_1776153202_tl_54" custom="readingOrder {index:53;}"><Coords points="1431,3828 2486,3839 2485,3803 2413,3791 1430,3784"/><Baseline points="1439,3807 1484,3804 1528,3804 1573,3804 1618,3804 1663,3804 1708,3804 1752,3804 1797,3804 1842,3804 1887,3807 1932,3810 1976,3810 2021,3813 2066,3816 2111,3819 2156,3822 2200,3825 2245,3825 2290,3825 2335,3825 2379,3828 2424,3828 2469,3828 2487,3831"/><TextEquiv><Unicode>FRANVAL, les serrant dans ses bras. Nous verrons</Unicode></TextEquiv></TextLine><TextLine id="tr_1776153202_tl_55" custom="readingOrder {index:54;}"><Coords points="1378,3898 1507,3905 1616,3881 1835,3902 1873,3884 1973,3905 1972,3843 1940,3831 1745,3833 1688,3808 1620,3831 1414,3815 1378,3835"/><Baseline points="1385,3861 1430,3858 1475,3858 1519,3858 1564,3858 1609,3855 1654,3858 1699,3858 1743,3858 1788,3858 1833,3861 1878,3864 1923,3864 1967,3870 1976,3867"/><TextEquiv><Unicode>donc encore de beaux jours.</Unicode></TextEquiv></TextLine><TextEquiv><Unicode></Unicode></TextEquiv></TextRegion></Page></PcGts>