2946 4158
1555 122 1659 234 322
521 205 1578 293 « Villon, — dit Guillaume Colletet, l’un de ses bio¬
511 289 1582 343 raphes, — fut le premier, et, je crois, le seul des
484 341 1583 401 poètes français qui fit un métier de la rapine et du
479 388 1578 452 larcin ; ses rimes sont autant d’enseignements de
481 446 1586 504 ruses et de finesses pour y parvenir, et quiconque
481 495 1581 580 voudra vivre aux dépens d’autrui, n’a qu’à lire et qu‘à
481 553 1581 628 pratiquer ces mêmes enseignements. Mais, après cela,
476 611 1080 680 gare la hart (la pendaison) ! »
524 657 1578 723 Dans ses poésies, maître François, qui parle sou¬
479 716 1583 791 vent de ses désordres, les rejette presque toujours
479 780 1582 856 sur sa misère. Il prenait tout bonnement la cause
488 832 738 915 pour l’effet :
633 919 1216 998 Au temps qu’Alexandre régna,
645 982 1146 1043 Un hom, nommé Diomédès,
640 1039 1149 1092 Devant lui on lui amena...
639 1085 1253 1160 Comme un larron; car il fut des
642 1139 1187 1199 Écumeurs que voyons courir.
645 1187 1305 1253 Si fut mis devant le cadès (le juge),
639 1234 1106 1306 Pour être jugé à mourir.
642 1334 1233 1400 L’empereur si l’arraisonna (1) :
649 1391 1289 1461 « Pourquoi es-tu larron de mer ? »
649 1443 1174 1499 L'autre, réponse lui donna :
649 1489 1319 1545 « Pourquoi larron me fais nommer?
649 1533 1260 1595 » Pouree qu'on me voit écumer
639 1581 1392 1647 » En une petiote fuste (un petit navire)
639 1641 1257 1696 » Si comme toi me pusse armer,
633 1692 1253 1755 » Comme toi empereur je fusse.
639 1772 1322 1835 » Mais que veux-tu ? De ma fortune.
639 1842 1253 1892 » Contre qui ne puis bonnement,
633 1886 1232 1948 » Qui si durement m’infortune,
636 1925 1271 1990 » Me vient tout ce gouvernement.
639 1982 1134 2034 » Excuse-moi aucunement,
633 2025 1274 2089 » Et sache qu'en grand’ pauvreté
645 2080 1255 2141 » (Ce mot dit-on communément)
636 2123 1324 2191 » Ne gît pas trop grand' loyauté. »
649 2225 1189 2283 Quand l’empereur eut remiré
645 2277 1140 2331 De Diomédès tout le dit :
649 2329 1141 2386 « Ta fortune je te muerai,
639 2366 1301 2428 » Mauvaise en bonne! » ce lui dit.
649 2418 1191 2487 Si fit-il. Onc puis ne méprit
656 2473 1339 2529 Vers personne, mais fut vrai homme.
656 2517 1213 2579 Valère, pour vrai, nous l’écrit,
645 2572 1350 2631 Qui fut nommé le grand à Rome (2).
649 2671 1247 2739 Si Dieu m'eût donné rencontrer
647 2718 1422 2792 Un autre piteux (compatissant) Alexandre,
657 2776 1298 2840 Qui m’eût fait en bon heur entrer,
650 2821 1288 2892 Et lors qui m’eût vu condescendre
647 2868 1420 2940 A mal : être ars (brûlé) et mis en cendre,
647 2906 1141 2981 Jugé me fusse de ma voix.
643 2963 1215 3025 Nécessité fait gens méprendre,
645 3006 1240 3102 Et faim saillir le loup des bois.
528 3132 1588 3211 Cette belle raison ne parut pas tout à fait suffisante
480 3195 1586 3274 à messieurs du Châtelet, qui, à la suite d’une certaine
479 3251 1583 3323 piraterie, loin d’imiter le piteux Alexandre, condam¬
529 3415 1585 3495 (1) Lui parla ainsi : « Cette locution, dit M. Paul Lacroix,
479 3468 1590 3545 le dernier éditeur de Villon, en rappelle une autre, qui
480 3515 1583 3596 s'est conservée dans la langue populaire, et qui paraît être
483 3554 1588 3652 la traduction du verbe arraisonner: dire des raisons à
487 3612 728 3672 quelqu’un. »
519 3674 1589 3747 (1) Valère Maxime, à qui le poète fait allusion, ne dit pas
477 3726 1593 3796 un mot de cette anecdote. Elle se trouve dans un fragment
474 3779 1589 3895 de la République de Cicéron, conservé par Nonius Marcellus.
1665 218 2784 291 nèrent sans façon Villon-Diomédés à être pendu.
1669 266 2787 339 Échappé, — Dieu sait comme! — à cette première et
1666 331 2787 398 chaude alerte, il eut le talent de se faire emprisonner
1666 387 2791 443 une seconde fois à Meung-sur-Loire, et son arresta¬
1672 445 2797 501 tion eut lieu en vertu d'un mandat lancé contre lui
1675 502 2792 560 par le seigneur de la localité, messire Jacques Thi¬
1666 557 2795 611 baut d'Aussigny, évêque d'Orléans de 1452 à 1473. Il
1672 604 2792 664 va sans dire que maître François garda toute sa vie
1672 664 2790 721 une solide rancune au prélat. Ecoutons-le, par exem¬
1675 716 2529 787 ple, au début de son Grand Testament :
1809 821 2405 897 En l’an trentième de mon âge,
1816 892 2472 953 Que toutes mes hontes j’eus bues,
1816 937 2448 998 Ne du tout fol, encor ne sage (1),
1816 991 2443 1047 Nonobstant maintes peines eues,
1811 1037 2374 1102 Lesquelles j'ai toutes reçues
1824 1075 2501 1140 Sous la main Tibaut d’Aussigny...
1818 1137 2648 1189 S’évêque il est, signant (bénissant) les rues,
1821 1184 2418 1265 Qu'il soit le mien, je le regny !
1818 1277 2507 1358 Mon seigneur n'est, ni mon évêque ;
1818 1344 2501 1398 Sous lui n’ai bien, sinon en friche;
1809 1396 2518 1450 Foi ne lui dois, n’hommage avecque
1813 1440 2417 1495 Je ne suis son serf ni sa biche.
1813 1485 2572 1543 Pu m’a (il m‘a repu) d’une petite miche
1816 1534 2393 1590 Et de froide eau, tout un été.
1816 1582 2546 1658 Large ou étroit, moult me fut chiche...
1821 1631 2419 1696 Tel lui soit Dieu, qu'il m'a été !
1717 1728 2801 1800 L'eau froide surtout ! Voilà ce que Villon ne put
1685 1799 2795 1854 jamais pardonner à son juge. Et cela se conçoit : ses
1669 1849 2794 1910 habitudes de taverne avaient dû lui xspirer depuis
1672 1899 2794 1966 longtemps une profonde aversion pour le régime hy¬
1674 1961 2800 2032 drothérapique. Ailleurs, il revient encore sur ce cha¬
1682 2011 1810 2079 pitre :
1821 2087 2404 2179 Dieu merci et Jacques Thibaut
1830 2169 2526 2239 Qui tant d'eau froide m'a fait boire,
1816 2232 2452 2294 Et en bas lieu, non pas en haut,
1820 2269 2439 2332 Manger d’angoisse mainte poire ;
1827 2314 2466 2386 Enferré... Quand j'en ai mémoire,
1824 2365 2308 2434 Je pry pour lui et reliqua,
1820 2405 2528 2479 Que Dieu lui doint... et voire, voire,,
1823 2467 2369 2525 Ce que je pense... et cœtera.
1720 2572 2802 2642 Après une détention rigoureuse d’environ trois
1678 2622 2795 2702 mois, il fut sauvé par la clémence de Louis XI, qui,
1675 2697 2795 2754 pro Uablement, ne vit en lui qu’un bon compagnon,
1681 2745 2800 2808 un gaillard qui aimait à rire... et le cher prince avait
1682 2801 2808 2861 un faible pour les natures de cette trempe-là! Rien
1678 2856 2797 2916 de plus amusant que d'entendre notre bandit se con¬
1685 2906 2805 2971 fondre en témoignages de reconnaissance auprès de
1676 2954 2798 3057 son auguste libérateur, Loys, le bon roi de France !...
1814 3042 2474 3143 Auquel doint Dieu l’heur de Jacob,
1826 3120 2438 3191 De Salomon l’honneur et gloire ;
1830 3174 2438 3240 Quant de prouesse, il en a trop
1823 3220 2465 3292 De force aussi, par m'âme, voire !
1826 3271 2353 3351 En ce monde-ci transitoire,
1821 3325 2532 3391 Tant qu'il a de long et de lé (large),
1826 3370 2383 3444 Afin que de lui soit mémoire,
1828 3422 2342 3505 Vive autant que Mathusalé !
1723 3502 2792 3607 Ce dernier souhait, surtout, devait flatter singuliè¬
1675 3582 2421 3671 rement Sa Majesté très-chrétienne.
1714 3740 2797 3813 (1) C'est-à-dire : N'étant ni entièrement fou, ni sage en¬
1675 3804 1780 3858 core.
