2946 4158
1719 73 1838 162 288
1583 335 1915 438 Mosaïque.
942 545 1370 611 CONSEILS AUX FEMMES.
666 609 1705 669 Les grandes économies ne sont pas les plus avan¬
615 640 1695 717 tageuses, mais bien celles de détail qui se renouvel¬
610 713 1698 771 lent tous les jours et à chaque instant; aussi méri¬
610 768 1695 831 tent-elles plus particulièrement votre attention; les
611 828 1698 894 autres avertisseint assez d’elles-mêmes, tandis que
603 879 1697 940 celles-ci se négligent, parce qu’on n’y attache pas
606 927 1464 989 toute l’importance qu’elles ont réellement.
637 984 1691 1047 Songez que l’économie comme la prodigalité se
598 1023 1056 1095 changent en habitude
639 1083 1691 1161 Ne souffrez jamais que rien se perde chez vous, pas
592 1135 1100 1197 même une allumette......
646 1194 1686 1267 Si l’aneedote racontée à ce sujet par Addisson, dans
600 1246 1691 1322 son Spectateur, n'était pas si connue, je vous la rap¬
598 1309 1690 1371 porterais. C’est à elle que je dois la première réflexion
598 1367 1680 1426 que je fis sur la nécessité d’être économe : en effet,
591 1416 1676 1481 sans économie, on ne saurait être généreux et bien¬
596 1464 1683 1533 faisant à propos; on n’est que prodigue, et cela ne
595 1514 1050 1583 peut durer longtemps.
643 1572 1677 1640 Quelques-unes de vos économies auront des desti¬
588 1624 1677 1688 nations particulières, telles que des améliorations dans
595 1684 1675 1749 vos biens, etc.; mais je voudrais que celle que vous
588 1716 1676 1793 ferez sur l’entretien de votre toilette, passât tout
587 1785 1668 1859 entière au soulagement des malheureux. Quel moyer
587 1835 1669 1915 plus efficace de transformer en jouissance réelle une
585 1890 1675 1960 privation bien faible en elle-même ! Cette idée de
587 1945 1680 2028 changer la valeur d’un chapeau, d‘un châle, d'un
1800 551 2894 633 bijou, en acte de bienfaisance vous dégoûtera de la
1801 614 2890 690 parure et changera ce frivole plaisir en la plus noble
1794 664 2124 739 des jouissances.
2448 724 2780 790 AGLAÉ ADANSON
2072 848 2605 938 QUATRAIN SUR JEANNE D'ARG:
1863 938 2701 997 Comment accordes-tu, Vierge du ciel chérie,
1871 985 2737 1043 Ces yeux pleins de douceur et ce glaive irrité :
1868 1017 2686 1100 La douceur de mes yeux caresse ma patrie
1875 1078 2662 1155 Et ce glaive en fureur lui rend sa liberté.
2421 1128 2756 1219 Mlle DE GOURNAY.
1822 1234 2874 1327 La raison nous sert moins utilement alors qu’elle
1775 1323 2875 1386 nous side à conquérir la position désirée, que quand
1775 1366 2877 1434 elle nous apprend à nous contenter de celle que nous
1775 1414 1912 1489 avons.
2473 1480 2765 1559 DU CHARNAGE.
1815 1585 2877 1668 Il faut, pour maîtriser l’âme humaine, le poids du
1772 1644 2871 1714 malheur ou du travail, le travait qui est la forme mi¬
1772 1701 2761 1767 séricordieuse du malheur attaché à l’humanité.
2291 1761 2746 1834 SAINT-MARCH GIRARDIN.
1795 1855 2862 1952 La véritable science pour nous rendre heureux,
1763 1921 2820 2004 c’est d’aimer son devoir et d‘y chercher son plaisir.
2344 1978 2748 2070 Mme DE NOTTEligLE
1471 2126 1912 2175 REBUS
1223 3667 2120 3732 Paris, — de Tyrp. Morris et comp., rue Amelot, 66.
