2959 4075
1729 128 1811 221 222
661 213 1698 297 Il faut, pour une renoncule, douze ronds de pétales
624 281 1692 353 et quatre pour le bouton. On boule ces ronds, quel¬
619 334 1695 402 ques-uns très-creux, les autres moins. On enfile un
619 383 1699 461 des premiers qu'on relève et que l'on colle sur le
621 432 1696 508 cœur, dont on ne doit voir qu'un tout petit rond noir;
619 496 1692 575 les autres ronds s’enfilent, les plus creux d’abord ;
621 535 1692 613 a mesure que la fleur grossit, on croise moins les pé¬
617 586 1695 677 tales; ils doivent être alternés bien régulièrement et
619 649 1694 718 collés de plus bas en plus bas. Pour finir, on met une
621 713 1692 774 étoile taillée en papier vert lainé, c’est le calice. Le
621 759 1687 826 bouton se fait comme le commencement de la fleur¬
616 816 1688 872 on y met un calice également. Pour que la renoncule
616 861 1688 928 soit bien faite, il faut qu’elle soit plate en dessous et
606 912 1695 978 régulièrement bombée en dessus. Si le centre était
606 978 1402 1042 proéminent, la fleur serait défectueuse.
649 1007 1685 1085 La tige de la renoncule est assez forte, mais souple
606 1075 1688 1142 et bien ronde; elle doit avoir 15 à 18 centimètres de
601 1123 1685 1194 hauteur. On réunit à la fleur un bouton fleuri et un
609 1181 1684 1245 bouton fermé que l’on entoure d’une touffe de huit à
609 1234 1685 1296 dix feuilles, au-dessous de laquelle est une tige plus
604 1288 1683 1350 forte qui sert à planter la branche. On fait de très¬
609 1339 1684 1414 jolies renoncules en papier uni, jaune, rose, carmin
605 1395 797 1472 et grenat.
654 1429 1679 1518 57 et 58, PIED D'ALOUETTE. Les pétales de pied d’a¬
601 1506 1681 1570 louette se vendent découpés et coloriés. On peut les
601 1563 1690 1619 colorier soi-même, mais il y a peu d'économie à les
601 1612 800 1690 découper.
1447 1649 1612 1724 centimes.
694 1691 1448 1769 Une boîte contenant des pétales colo¬
729 1747 1597 1812 riés pour 3 branches » 75
691 1808 1600 1865 Une boîte de pétales blancs » 40
684 1861 1600 1925 Un paquet de cœurs de 2 douzaines. » 30
688 1912 1586 1980 Une douzaine de boutons. » 30
684 1969 1589 2029 Une grosse de feuilles en papier. » 60
695 2026 1474 2082 Une boite contenant tout ce qu'il faut
741 2081 1470 2138 pour une branche avec feuillage d'é¬
736 2130 1590 2195 toffe 1 75
1115 2184 1600 2294 Total 4 10
642 2284 1677 2353 On commence par faire un pli dans chacune des
594 2330 1670 2409 dents des ronds de pétales, au-dessus de la petite ou¬
601 2384 1677 2455 verture; et tout en faisant cette opération, on trie les
604 2439 1673 2504 pétales par grandeurs. Ensuite, on met un peu de
600 2503 1672 2568 colle autour du cœur, on enfile un des plus petits
593 2555 1668 2628 ronds de pétales, et on le presse du bas entre ses
595 2611 1673 2669 doigts, pour le coller et le plisser. On arrange un peu
597 2656 1677 2725 les pétales pour que les plis formés en collant soient
597 2714 1677 2784 aussi égaux que possible. On colle ainsi tous les petits
589 2760 1668 2824 ronds, puis on colle de la même manière sous les
595 2820 1665 2878 numéros 1, les dix-huit numéros 2; il reste six nu¬
593 2874 1673 2932 méros 1 simples. Les douze numéros 3 se collent
586 2925 1666 2993 sous douze numéros 18, dont six restent double.
589 2974 1668 3057 Enfin, les six numéros 4 se collent sous six numÉros
583 3029 1285 3093 3, et font des corolles quadruples,
632 3097 1664 3156 On tourne toutes les petites tiges en papier vert¬
593 3143 1662 3203 pâle. Pour monter, on met d’abord au haut de la
578 3198 1662 3260 branche douze boutons fermés, dont six verts et six de
578 3244 1665 3312 la couleur de la fleur. On les dispose en épis et l'on
590 3301 1660 3371 place au-dessous, trois par trois, contrariées, six des
593 3359 1664 3429 plus petites feuilles. On met ensuite trois petites
585 3408 1658 3477 fleurs, et l'on continue de placer de la même ma¬
589 3455 1665 3542 nière les feuilles et les fleurs, en allongeant un peu
591 3504 1664 3594 les tiges, afin que la branche s'élargisse par degrés;
582 3560 1657 3656 toutefois, il faut avoir soin de ne la pas faire trop
578 3607 1666 3714 large. Les six ou huit feuilles qui restent (il en faut
576 3665 1668 3789 en tout 3 douzaines) se mettent au-dessous des fleurs.
1790 210 2868 285 Si l'on voulait faire le pied d'alouette d'après na¬
1789 283 2868 341 ture, il faudrait bien choisir son modèle, car toutes
1786 323 2868 387 les branches de pied d’alouette ne sont pas parfaites.
1784 379 2861 448 Ceci, du reste, peut s’appliquer à la plupart des fleurs.
1826 433 2868 497 59 à 63. DESSIN ET PATSON D'UNE CASAQUE DE PoupÉE.
1784 486 2861 552 que l'on fait en taffetas brodé, soit en fine soutache,
1778 535 2309 608 soit au point de chaînette.
1826 591 2864 653 64, CROQUIS D'UNE MANCHE A BOUILLON, dont tu verras
1781 644 2871 714 très-bien l'effet sur la gravure de ce jour; dans le
1784 702 2859 764 bouillonné qui remonte à la saignée, on peut placer
1786 756 2859 815 un ruban, ainsi que dans celui qui sert de poignet.
1830 811 2857 867 65, BOITE A GANTS, ornée de fleurs en cuir; ces fleurs
1777 852 2856 926 sont toujours appréciées, et l’on a raison, car l‛on
1781 914 2856 976 fait ainsi de bien jolies choses, telles que des enca¬
1781 966 2853 1036 drements de glaces, de tableaux, d’écrans, et enfin,
1778 1012 2854 1086 la b îte dont tu vois le dessin et dont les dimen¬
1784 1070 2861 1136 sions sont de 11 centimètres de largeur, sur 10 de
1781 1120 2853 1189 hauteur; l'épaisseur du couvercle est de 3 centi¬
1781 1187 2859 1248 mètres; le dessus et es quatre faces sont ornés de
1777 1237 2861 1318 liserons et de violettes; le bois de la boîte est du hêtre;
1778 1292 2856 1350 on donne aux fleurs la Dirance du hêtre, en les ver¬
1764 1342 2859 1403 nissant; l'intérieur est doublé de moire. Les patrons
1773 1401 2859 1465 de toutes les autres fleurs peuvent servir aux fleurs
1766 1451 1943 1507 en cuir.
1816 1491 2602 1566 66, PANTOUFLE en tapisserie par signes.
1812 1553 2849 1634 67, GIDECIÈRE DE CHASSE, au crochet ou au filet. Ce
1771 1612 2846 1662 travail se fait en trois parties : le dos et les deux mor¬
1771 1669 2848 1728 ceaux de devant. Le dos doit avoir 28 centim. de hau¬
1774 1721 2856 1769 teur et 35 de large à l'endroit le plus grand; pour les
1769 1771 2848 1837 devants, l'un, celui du haut, a 12 centim.; sa patte
1767 1841 2844 1898 retombe sur celui du bas, qui doit avoir 25 centimè¬
1766 1880 2848 1946 tres. Je t'engage à faire cet ouvrage soit au filet
1771 1933 2842 1991 brodé, soit au crochet avec de la ficelle fine, choisis¬
1769 1987 2845 2041 sant un dessin analogue à l'emploi; notre lièvre pour¬
1771 2040 2848 2108 rait être, je crois, avantageusement remplacé par un
1769 2094 2845 2157 tFophée de chasse surmonté des initiales du chasseur.
1769 2146 2844 2202 Avant de te mettre à l’œuvre, aie soin de bien cal¬
1764 2202 2841 2262 culer les grosseurs de la ficelle et celles de tes lon¬
1774 2248 2838 2314 gueurs, afin que le tout s’accorde. Fais la gibecière
1769 2304 2830 2367 plutôt grande que petite. Autour de la patte du hau
1763 2361 2845 2420 tu feras une petite dentelle de 5 à 6 centimètres au
1758 2420 2842 2474 crochet ou au filet, suivant le travail. Dans tous les
1759 2467 2842 2534 cas, il faudra toujours un transparent ou de même
1759 2522 2835 2585 nuance ou de couleur tranchante; pour cet ouvrage,
1759 2576 2835 2627 la moire sera, bien entendu, remplacée par quelque
1759 2627 2838 2687 chose de plus solide, le cuir. La frange du bas est
1763 2687 2831 2732 aussi en ficelle, faite au crochet ou au filet. La ban¬
1763 2732 2845 2788 doulière, comme tout le reste, est recouverte de cro¬
1763 2786 2835 2848 chet ou de filet; elle est formée par un cuir de 6 à
1755 2841 2845 2898 3 centimètres de largeur. Pour faire cet ouvrage, il
1759 2895 2842 2958 faut douze pelotes de ficelle d’Alsace très-brillante,
1756 2950 2831 3000 un moule d’un millimètre, et une navette propor¬
1756 2996 2837 3068 tionnée au moule; ceci est pour le filet, autrement le
1756 3060 2833 3113 crochet doit être approprié à la grosseur de la ficelle.
1854 3160 2726 3230 EXPLICATION DE LA GRAVURE DE MODES
1800 3269 2834 3337 Toilette de jeune fille. — Double jupe de foulard
1759 3316 2833 3375 rayé en travers ; casaque de mousseline avec semis
1748 3376 2834 3438 de pois, ornée au bas des basques, et au basdes man¬
1756 3424 2833 3487 ches, d'un double volant festonné avec tête également
1754 3480 2838 3540 festonnée; col pareil. Coiffure en cheveux avec ruban
1755 3536 2830 3620 de velours séparant les deux bandeaux; gants mi¬
1745 3583 2248 3661 longs en peau de Suède.
1804 3650 2834 3721 Toilette de jeune femme. — Robe de grenadine an¬
1755 3696 2831 3797 glaise; une large bande de taffetas et trois velours for¬
