2907 4318
1323 243 1422 324 25
920 463 1835 622 LE PROGRÈS MUSICAL.
676 650 2029 743 CATALOGUES GÉNÉRAUX DU PROGRÈS MUSICAL.
1319 777 1444 854 No 1.
246 853 1318 962 Nous ne saurions trop recommander aux abonnées de
211 947 1321 996 nous désigner, dans chacune de leurs demandes, les noms
211 992 1314 1060 des auteurs dont elles désirent les ouvrages, aussi bien pour
211 1040 1324 1112 la musique de nos catalogues, que pour toute celle que
206 1090 1324 1159 nous livrons avec 66 pour cent de remise, c’est-à-dire au
211 1136 618 1212 tiers du prix marqué.
246 1213 1326 1306 A cause du 1er janvier 1857, époque à laquelle nous
217 1296 1324 1353 composons un catalogue nouveau, il nous sera impossible
211 1336 1309 1393 de donner ce mois-ci des explications détaillées sur cha¬
214 1390 1309 1446 cune des œuvres qui y sont contenues. Mais la princi-
211 1432 1318 1500 pale partie de notre prochaine REVUE sera consacrée à
211 1484 1318 1543 l’explication de ces nouvelles productions, afin que nos lec¬
206 1537 1367 1611 trices puissent avoir une idée générale du mérite et du ca¬
1414 885 2533 974 ractère de chaque morceau avant de nous en adresser la
1415 945 1596 1014 demande.
1454 1001 2526 1080 Cependant, nous dirons déjà que c’est à MM. les éditeurs
1410 1055 2509 1141 LEDUC, PATÉ, BONOLDI, PETIT, etc., que nous devons d'a¬
1415 1107 2517 1186 voir pu enrichir notre catalogue du premier de- l’an d’un
1412 1156 2519 1227 choix aussi varié de jolis morceaux de piano, de danse et
1415 1213 2511 1281 de chant : nocturnes élégants, mélodies sans paroles, bar¬
1415 1264 2512 1329 caroles, duos pour piano et violon, morceaux à quatre
1407 1313 2504 1377 mains, quadrilles nouveaux, polkas, valses, varsovianas.
1407 1353 2519 1436 schottichs, mazurkas, rédowas, romances et chansonnettes
1404 1397 2519 1474 parfaitement choisies dont on trouvera tous les titres et
1400 1447 2512 1530 les noms des auteurs à la page de notre journal qui con¬
1399 1495 2512 1577 tient la liste de ces oeuvres remarquables, auxquelles nous
1400 1554 2101 1619 prédisons un long et brillant succès.
827 1719 1335 1838 ÉDUCATION
1409 1737 1882 1845 MUSIGALE.
408 1968 1099 2046 MADEMOISELLE SONTAG.
251 2064 1304 2153 C’est une singulière et triste position que celle
201 2126 1306 2209 d’une actrice, fût-elle arrivée par sa beauté, sa grâce
201 2190 1294 2244 et son talent, au plus haut degré de la faveur pu¬
201 2226 1297 2303 blique. La rampe de feu devant laquelle elle exhale
201 2288 1299 2362 les pathétiques accounts qui enthousiasment la foule,
202 2354 1297 2415 sépare pour elle le monde idéal du monde réel. Elle
202 2399 1299 2474 peut tout obtenir en restant dans son empire, assise
194 2462 1281 2521 sur son trône d’ivoire et d‘or ; fleurs, couronnes, poè
192 2516 1296 2581 mes, sonnets, hommages de toutes sortes, en toutas
194 2568 1296 2627 langues, de toute forme. Mais qu’elle essaie de fran¬
197 2625 1291 2679 chir la limite de son domaine de toiles peintes, qu’elle
201 2676 1292 2747 se présente dans un salon, ce n’est plus l’actrice cé-
199 2718 1299 2789 lèbre, c’est la femme que l’on reçoit. Le masque est
201 2782 1282 2853 tombé, l’illusion s’envole; aussi, quelle réserve in¬
195 2841 1289 2912 sultante, quelle politesse glacée établissent aussitôt
197 2898 1286 2955 une ligne de démarcation entre l’artiste et les grandes
197 2947 1286 3006 dames qui le soir même effeuillaient leurs bouquets
194 2999 1282 3063 sous ses pas ! Ceci est une leçon sévère pour les jeu¬
197 3045 1282 3112 nes filles qui parfois se sont logé dans la cervella cer¬
194 3095 1289 3176 tains rêves de gloire, dont elles ne devinaient pas les
192 3151 640 3227 amères conséquences.
234 3205 1286 3281 Il faut pourtant admettre de rares exceptions; le
192 3257 1274 3345 public a vu quelques artistes célèbres passer succes¬
185 3331 1274 3392 sivement de la scène au salon et du salon à la scéne
185 3368 1282 3448 Mais le nombre en est si restreint, qu’il ne fait que
197 3417 1277 3501 justifier notre opinion à cet égard. Nous citerons,
185 3486 1277 3571 parmi ces exceptions, mademoiselle Sontag, dont la
185 3537 1259 3611 conduite éminemment morale était, bien avant l’épo¬
184 3574 1277 3655 que de son mariage, l’objet des remarques les plus
174 3626 1270 3705 avantageuses, et qui dut plus tard, à son titre d’am¬
177 3692 1277 3769 bassadrice, un accueil qu’aucune autre n’eut pu obte¬
175 3751 1270 3822 nir, même en ne s’écartant jamais des routes de la
179 3793 699 3857 convenance et du devoir.
217 3860 1321 3948 Henriette Sontag est née à Coblentz, le 3 janvier
1400 1968 2492 2047 1809, d’une honnête famille d‘artistes, de fortune mé¬
1395 2037 2490 2116 diocre. Sa vocation musicale ne fut pas longue à se
1397 2101 2502 2160 développer; dès l’âge le plus tendre elle commença à
1392 2150 2487 2223 gazouiller harmonieusement, de sorte que son ber-
1395 2211 2490 2280 ceau était comme un nid où les pleurs et les va-
1393 2266 2489 2325 gissements de l’enfance étaient remplacés par des
1395 2319 2490 2386 gammes et des vocalises naturelles. A sept ans, elle
1388 2364 2484 2430 faisait déjà l’admiration de toute la ville; les voisins,
1388 2408 2489 2494 les amis de la maison, auxquels se joignaient la no-
1388 2472 2489 2546 blesse et les autorités, se réunissaient pour l’admirer;
1388 2536 2474 2588 elle était charmante à voir, délicieuse a entendre.
1388 2581 2489 2647 Jolie tête rose et blanche, sous de beaux cheveux
1393 2632 2480 2703 blonds, voix nette, claire et perlée; comme elle était
1383 2688 2480 2758 toute petite, on la posait sur une table, et c’était un
1388 2748 2480 2807 gracieux spectacle de voir cette belle enfant chanter
1382 2797 2482 2868 ainsi joyeusement, sans effort, et presque sans la
1382 2843 2029 2903 conscience de ce qu’elle faisait.
1424 2886 2474 2964 Un voyageur qui, plus tard, l’admira dans tout l‘é¬
1380 2937 2480 3023 clat de sa gloire et de ses triomphes, se rappelle lui
1375 3023 2484 3087 avoir entendu chanter de la sorte le grand air de la
1375 3068 2479 3126 Flüte enchantée, de Mozart, « Reine de la nuit, » les
1375 3119 2477 3176 bras pendants, le regard distrait, et suivant sur la
1375 3173 2469 3242 fenêtre une mouche qui bourdonnait, un papillon qui
1373 3227 1862 3304 voltigeait sur les fleurs.
1420 3267 2465 3345 Ses parents ne commirent pas la faute commune
1373 3326 2462 3400 aux familles à qui le ciel accorde un enfant doué de
1373 3387 2470 3456 talents extraordinaires ; ils n’abusèrent pas des forces
1370 3436 2465 3506 du petit prodige et ne la fatiguèrent pas prématuré¬
1370 3501 2463 3557 ment, renonçant au parti qu’ils en auraient pu tirer
1363 3550 2457 3618 de suite, car déjà les directeurs des théâtres d’Al¬
1363 3599 2457 3683 lemagne se disputaient la jeune Henriette Sontag.
1367 3663 2462 3729 A l’âge de onze ans, elle joua à Darmstadt un rôle
1361 3699 2453 3785 écrit pour elle, la Petite fille du Danube ; mais ses
1372 3774 2453 3827 parents, bien inspirés, ne voulurent pas qu’elle s’é¬
1361 3823 2453 3889 puisât par l’exécution, et perdit ainsi un temps pré¬
1361 3882 2457 3963 cieux pour l’étude. Elle entra au Conservatoire de
