2822 3966
1638 73 1725 168 94
573 127 1621 224 jockey auquel est attachée une large pagode un peu
572 220 1623 272 froncée; le bord intérieur est terminé par une petite
570 264 1614 317 ruche de ruban de satin blanc comme la doublure:
565 324 1609 383 des boutons en métal ferment le devant du corsage
568 357 1622 419 Les sous-manches sont formées par trois gros bouillons
569 407 1609 475 de tûlle, point d'esprit. — Le chapeau en crêpe brode
566 464 1614 528 de chenille est, sur l'un des côtés, orné d'une touffé
566 513 788 585 de plumes.
610 568 1599 639 Ce détail t'indique que nous parlons ici d'une toi¬
566 625 1613 683 lette de jeune femme, laquelle, avec de très-petites
560 672 1609 739 modifications, pourrait servir pour jeune fille. A côté
566 728 1611 785 dé cette toilette, on en trouve une de toute jeune
562 780 1597 841 personne, se composant d'une robe de gros de Chine,
562 837 1590 894 dont le corsage; sans basques, est orné simple
553 885 1602 944 ment d'un effilé sévillien. Les sous-manches et le col
548 935 1598 988 sont en broderie au plumetis ; le petit châle qu'elle va
549 985 1597 1049 mettre sur ses épaules est en taffetas complètement
548 1040 1592 1099 recouvert de volants de même étoffé, hauts de 10 cen¬
548 1086 1584 1151 timètres ; ces volants, découpés à l'emporte-pièce
540 1138 1601 1202 sont ornés d'un gland grelot à chaque creux de feston.
585 1183 1599 1251 La toilette de première communiante se compose
541 1211 1590 1298 d'une robe de mousseline à deux jupes avec ourlet de
545 1284 1594 1349 15 centimètres ; le corsage montant est plissé à petits
545 1345 1594 1404 plis plats et recouvert par un fichu Marie-Antoinette
534 1403 1589 1468 dont les bouts retombent de chaque côté de la jupe.
537 1438 1585 1521 Le bouillon des manches est suivi de deux volants qui
538 1504 1588 1557 sont, comme le fichu, bordés de deux plis et terminés
534 1552 1566 1609 par une garniture de mousseline brodée ; les sous
528 1597 1572 1670 manches sont également en mousseline avec bouil¬
532 1643 1576 1721 lonné servant de poignets. Une ruche de tulle entoure
534 1696 1588 1775 le cou ; le voile en tulle, à coins arrondis, est garni¬
529 1752 1036 1810 d’une toute petite frange.
797 1846 1309 1924 Coiffure de communiante.
565 1940 1586 2033 Les cheveux, arrangés de la manière la plus simple,
517 2005 1577 2065 sont recouverts d'un voile de tulle, fixé de chaque
520 2034 1572 2135 côté de la tête, et assez peu tendu, afin que la jeune
516 2084 1582 2175 fille puisse, se baisser au moment de la communion.
773 2164 1312 2285 Coiffure de jeune personne.
552 2264 1577 2371 La ligne du milieu s'étend jusqu'au versant de la
516 2332 1573 2431 tête, où une raie, tirée en angle aigu, détermine le
513 2378 1155 2450 point de séparation des cheveux.
550 2423 1572 2515 Ces raies à l'Impératrice, et qui caractérisent la
508 2489 1558 2574 coiſſure du moment, se font aisément à l'aide du sépa¬
508 2544 1560 2650 rateur Croisat, dont nous avons offert le dessin dans
509 2589 1011 2671 notre numéro de janvier.
549 2642 1546 2744 Les cheveux une fois bien divisés, tout devient fa¬
499 2696 1564 2790 cile. La chevelure est disposée, par derrière, en une
499 2745 1554 2849 torsade entrecoupée de velours, qui se termine par
499 2808 1545 2886 des bouts flottants, et, par devant, la partie qui avoi¬
496 2858 1556 2950 sine la raie forme un bandeau plat sur lequel on pose
492 2919 1549 2992 un velours ; ensuite on relève les cheveux des tempes
493 2968 1558 3052 en bandeaux crêpés et fuyants, qui permettent de
492 3020 1553 3122 placer sur le devant de petits nœuds de velours ou du
492 3060 582 3143 jais.
809 3160 1248 3251 TRICOT. FOLEMBRAY.
536 3235 1552 3343 Mets un nombre de mailles divisible par 12, plus 3
497 3286 825 3373 pour les lisières.
538 3342 1528 3450 1er roon à Tendroit. — 2 unies, 1 rétrécie X, 1 je
495 3389 1538 3501 tée, 1 unie, i jetée, Prétrécie surjetée, I unie. 1 ré¬
491 3452 1538 3570 trécie (1 jetée, 1 unie, 1 rétrécia, 2 fois) X, 1 jetée
492 3500 662 3562 2 unies.
1764 168 2740 257 2° TOUR à l'envers. — 3 unies X, 1 jetée, l'rétrécie
1707 233 2747 333 1 unie, 1 jelée, 3 ensemble, 1 jetée, 8 unies, 1jetée,
1707 277 2123 342 1 rétrécie, 1 unie X.
1755 320 2745 436 3e Tour à l'endroit. — 9 unies X, 1 rétrécie, 1 je¬
1700 371 2199 462 tée, 10 unies X, 4 unies.
1753 419 2747 509 4e Town à l'envers. — 2 unies X, (1 jetée, 1 rétré¬
1699 495 2735 595 cie, 1 unie, 3 fois), 1' rétrécie; 1 jetée, 1 une X.
1706 523 1859 594 2 unies.
1741 581 2748 658 5e Tour à l'endroit. — 3 unies X, 1 jetée, 3' ensem¬
1695 639 2748 751 ble, (1 jetée, 1 unie, 1 rétrécie, 2 fois), 1 jetée
1696 687 1908 751 3 unies X.
1739 745 2744 845 6e Tour à l'envers. — 7 unies X, 4 jetée, l'rétré¬
1692 797 2210 861 cie, 10 unies X, 6 unies.
1735 855 2743 931 7° TOUR à l'endroit. — 2 unies X, 1 rétrécie (1 jetée,
1688 895 2744 1005 1 unie, 1 rétrécie 2 fois), 1 jetée, 1 unie. 1 jetéé,
1699 952 2451 1017 1 rétrécie surjetée, 1 unie X, 2 unies.
1732 1000 2745 1082 8e Tour à l'envers. — 1 unie, 1 rétrécie X, 1 jetée,
1691 1058 2739 1166 3 unies (1 jetée, 1 rétrécie, 1 unie 2 fois), 1 jetée;
1682 1094 2353 1168 3 ensemble X, 1 rétrécie, 1 unie.
1739 1155 2728 1264 9° Tour à l'endroit. — 3 unies X, 1 rétrécie, 1 je¬
1687 1198 2019 1268 tée, 10 unies X.
1724 1241 2727 1338 10e Tour à l'envers. — 2 unies X, 1 jetée, 1 rétré¬
1679 1320 2735 1414 cie, 1 unie, l' rétrécie , 1 jetée, 1 une (1 jetée; 1 rétrè¬
1676 1359 2267 1439 cie, 1 unie 2 fois) X, 2 unies.
1723 1404 2733 1500 l'1e Tour à l'endroit. — 1 unie; 1 rétrécie X,
1683 1471 2735 1548 1 jetée, 1 unie, 1 rétrécie, I jetée 3 unies, 1 jetée
1675 1529 2675 1592 3 ensemble, 1 jetée, 1 unie, 1 rétrécie X, 3 unies.
1720 1568 2736 1666 12e Tour à l'envers. — 13 unies X, 1 jetée, 1' ré¬
1671 1630 2422 1687 trécie, 10 unies X, 1 jetée, 1 rétrécié.
1717 1668 2723 1756 13° Tour à l'endroit. — 2 unies X (1 jetée, 1 rétré¬
1674 1733 2723 1828 cie surjetée, l'unie 2 fois), 1 rétrécie, 1 jetée, 1 unie,
1675 1789 2626 1859 1 jetée, 1’ rétrécie surjetée, I unie X, 2 unies.
1720 1841 2721 1916 14e Tour à l'envers. — 1 unie, 1 rétrécie X, l'jetée,
1663 1891 2724 1981 3 unies, 1'jetée, 3 ensemble (1 jetée, 1 unie, 1 rétré¬
1667 1930 2269 1999 cie 2 fois) X, 1 jetée, 3 unies.
1716 1980 2711 2057 15e Tour à l'endroit. — 4 unies X, 1 jetée, 1 rétré¬
1658 2037 2334 2102 cie surjetée, 10 unies X, 9 unies.
1706 2089 2723 2167 16e TOUR à l'envers. — 2 unies X, 1 jetée, l'rétrécie,
1658 2145 2715 2247 1 unie, 1 rétrécie (i jetée, l'unie, i rétrée 2 fois),
1659 2191 2194 2267 1 jetée, 1 unie X, 2 unies.
1700 2239 2708 2318 17e Tour à l'endroit. — 3 unies X (1 jetée, 1 rétré¬
1654 2288 2704 2410 cie surjetée, 1 unie 2 fois) 1 jetée, 3 ensemble, 1 je
1651 2349 1971 2414 tée, 3 unies X.
1699 2407 2702 2477 18e TOUR à l'envers. — 6 unies X, 1 rétrécie, 1 je
1654 2451 2160 2533 tée, 10 unies X, 7 unies.
1700 2512 2698 2589 195 roon à l'endroit. — 2 unies X, 1 rétrécie, 1 je¬
1654 2553 2707 2666 tée, 1 unie (1'jetée, i rétrécie surjetée; 1 unié 3 fois)
1655 2607 1887 2675 X, 2 unies.
1699 2667 2700 2732 205 TOUR à l'envers. — 1 unie, 4 rétrécie X (1 je¬
1649 2706 2708 2794 tée, 1 unie, 1 rétrécie 2 fois), 1 jetée, 3 unies,
1659 2775 2501 2838 1 jetée, 3 ensemble X, 1 rétrécie, 1 unie.
1710 2825 2704 2903 21e Town à l'endroit. — 10 unies X, 1 jetée, 1 ré¬
1646 2866 2379 2938 trécie surjetée, 10 unies X', 3 unies.
1703 2927 2694 2997 22e Tour à l'envers. — 2 unies, 1 retrécie X, 1 je¬
1646 2985 2696 3060 tée, l'unie, 1 rétrécie, i jetée, 1 unie, I jetée. 1 ré¬
1647 3037 2704 3107 trécie, 1 unie, i rétrécia, 1 jetée, 1' unie. 1 rétréeie
1647 3077 1889 3152 X, 2 unies.
1684 3119 2690 3207 23e Tour à l'endroit. — 3 unies X, 1'jetée, 3 en¬
1646 3194 2698 3264 semble, 1 jetée, 3 unies (1 jetée) f retrécie surjetée,
1642 3244 1980 3302 1 unie 2 fois) X.
1700 3294 2695 3369 24e TOUR à l'envers. — 1 rétrécie X, 1 jetée, 10
1642 3337 2241 3430 unies, 1 rétrécie X, 13 unies.
1679 3398 2312 3511 Recommence au premier tour.
2638 3549 2676 3626 .
