<?xml version="1.0" encoding="UTF-8" standalone="yes"?><PcGts xmlns="http://schema.primaresearch.org/PAGE/gts/pagecontent/2013-07-15"><Metadata><Creator>prov=READ-COOP:name=TrHtr:version=2.43.0:model_id=51170:date=20_05_2026_17:41</Creator><Created>2026-05-12T17:15:45.279069</Created><LastChange>2026-06-20T13:24:22.477+02:00</LastChange><TranskribusMetadata docId="14756063" pageId="115166732" pageNr="189" userId="187713" imgUrl="https://files.transkribus.eu/Get?fileType=view&amp;id=CANDCHVIYNGEWUFLPQPVWJJQ" imageId="97254270"/></Metadata><Page imageFilename="115166732.jpg" imageWidth="2897" imageHeight="4318"><ReadingOrder><OrderedGroup><RegionRefIndexed index="0" regionRef="tr_1778599010"/><RegionRefIndexed index="1" regionRef="tr_1778599008"/><RegionRefIndexed index="2" regionRef="r"/></OrderedGroup></ReadingOrder><TextRegion id="tr_1778599010" custom="readingOrder {index:0;} structure {score:0.99; type:page-number;}"><Coords points="1199,189 1325,189 1325,263 1199,263"/><TextLine id="tr_1778599010_tl_1" custom="readingOrder {index:1;}"><Coords points="1204,259 1228,265 1243,259 1269,263 1279,257 1288,265 1306,267 1305,199 1287,200 1275,188 1264,189 1258,184 1222,187 1214,194 1203,194"/><Baseline points="1212,247 1257,247 1301,250 1310,247"/><TextEquiv><Unicode>171</Unicode></TextEquiv></TextLine><TextEquiv><Unicode></Unicode></TextEquiv></TextRegion><TextRegion id="tr_1778599008" custom="readingOrder {index:1;} structure {score:0.99; type:paragraph;}"><Coords points="124,284 1237,269 1238,3904 78,3904"/><TextLine id="tr_1778599008_tl_1" custom="readingOrder {index:1;}"><Coords points="169,350 1188,351 1217,290 167,300"/><Baseline points="176,334 191,331 235,334 280,331 325,331 370,331 415,331 459,331 504,334 549,334 594,334 639,334 683,334 728,334 773,334 818,337 863,337 907,334 952,334 997,334 1042,334 1086,334 1131,334 1176,331 1221,331"/><TextEquiv><Unicode>Si l’on veut bien faire avec nous une enjambée de</Unicode></TextEquiv></TextLine><TextLine id="tr_1778599008_tl_2" custom="readingOrder {index:2;}"><Coords points="130,404 1211,393 1211,344 130,351"/><Baseline points="137,391 140,391 185,391 229,388 274,388 319,388 364,388 409,388 453,388 498,391 543,391 588,391 633,391 677,391 722,394 767,394 812,394 857,394 901,394 946,391 991,391 1036,394 1080,391 1125,391 1170,391 1215,385"/><TextEquiv><Unicode>six mois et se transporter à Paris, dans un apparte¬</Unicode></TextEquiv></TextLine><TextLine id="tr_1778599008_tl_3" custom="readingOrder {index:3;}"><Coords points="130,455 1218,447 1218,408 130,420"/><Baseline points="137,444 146,444 191,441 235,441 280,441 325,441 370,441 415,444 459,444 504,447 549,447 594,447 639,447 683,447 728,447 773,450 818,447 863,447 907,447 952,447 997,447 1042,447 1086,447 1131,447 1176,447 1221,441"/><TextEquiv><Unicode>ment plus que modeste, mais d’une excessive pro¬</Unicode></TextEquiv></TextLine><TextLine id="tr_1778599008_tl_4" custom="readingOrder {index:4;}"><Coords points="133,516 1224,520 1224,471 1116,452 133,467"/><Baseline points="140,504 185,498 229,495 274,498 319,498 364,498 409,498 453,501 498,501 543,504 588,501 633,504 677,504 722,504 767,504 812,504 857,504 901,504 946,504 991,504 1036,504 1080,504 1125,504 1170,501 1215,501 1227,504"/><TextEquiv><Unicode>preté, on y verra, assis dans un vieux fauteuil, un</Unicode></TextEquiv></TextLine><TextLine id="tr_1778599008_tl_5" custom="readingOrder {index:5;}"><Coords points="130,564 994,586 1215,568 1215,523 129,516"/><Baseline points="137,549 182,552 226,552 271,552 316,555 361,555 406,552 450,558 495,558 540,558 585,561 630,561 674,561 719,558 764,561 809,561 854,561 898,561 943,561 988,558 1033,558 1078,558 1122,558 1167,558 1212,555 1218,555"/><TextEquiv><Unicode>homme au regard profond et triste, et, debout à ses</Unicode></TextEquiv></TextLine><TextLine id="tr_1778599008_tl_6" custom="readingOrder {index:6;}"><Coords points="130,612 1215,622 1215,578 1099,568 130,571"/><Baseline points="137,606 182,606 226,609 271,609 316,609 361,612 406,612 450,612 495,612 540,612 585,615 630,615 674,615 719,615 764,615 809,615 854,615 898,615 943,615 988,615 1033,615 1078,615 1122,615 1167,615 1212,615 1218,615"/><TextEquiv><Unicode>côtés, une femme de quelques années plus âgée que</Unicode></TextEquiv></TextLine><TextLine id="tr_1778599008_tl_7" custom="readingOrder {index:7;}"><Coords points="130,672 1212,697 1211,625 130,626"/><Baseline points="137,659 182,659 226,662 271,665 316,665 361,665 406,665 450,665 495,665 540,665 585,665 630,665 674,668 719,668 764,668 809,668 854,668 898,668 943,668 988,671 1033,668 1078,671 1122,671 1167,671 1212,671 1215,671"/><TextEquiv><Unicode>cet homme, et dont les yeux sont arrêtés sur lui avec</Unicode></TextEquiv></TextLine><TextLine id="tr_1778599008_tl_8" custom="readingOrder {index:8;}"><Coords points="135,729 1109,748 1219,738 1219,694 134,675"/><Baseline points="143,713 188,716 232,716 277,716 322,716 367,716 412,716 456,719 501,719 546,719 591,719 636,719 680,719 725,719 770,722 815,722 860,722 904,722 949,722 994,722 1039,725 1083,725 1128,725 1173,725 1218,731 1221,731"/><TextEquiv><Unicode>une ineffable douceur : cet homme est Parmentier;</Unicode></TextEquiv></TextLine><TextLine id="tr_1778599008_tl_9" custom="readingOrder {index:9;}"><Coords points="133,778 386,776 424,792 458,778 549,796 579,777 643,794 628,730 238,744 177,726 133,747"/><Baseline points="140,770 185,770 229,773 274,770 319,770 364,770 409,770 453,770 498,770 543,770 588,770 633,773 645,773"/><TextEquiv><Unicode>cette femme est sa sœur.</Unicode></TextEquiv></TextLine><TextLine id="tr_1778599008_tl_10" custom="readingOrder {index:10;}"><Coords points="177,821 1215,845 1214,781 177,791"/><Baseline points="185,821 229,824 274,824 319,821 364,821 409,824 453,824 498,824 543,824 588,827 633,824 677,824 722,827 767,827 812,827 857,827 901,827 946,827 991,830 1036,827 1080,827 1125,830 1170,830 1215,830 1218,830"/><TextEquiv><Unicode>« Les as-tu vus, tous? demandait mademoiselle</Unicode></TextEquiv></TextLine><TextLine id="tr_1778599008_tl_11" custom="readingOrder {index:11;}"><Coords points="134,889 617,892 615,849 547,832 474,849 394,831 339,846 133,839"/><Baseline points="140,877 185,874 229,877 274,874 319,874 364,877 409,877 453,877 498,880 543,877 588,877 618,880"/><TextEquiv><Unicode>Parmentier à son frère.</Unicode></TextEquiv></TextLine><TextLine id="tr_1778599008_tl_12" custom="readingOrder {index:12;}"><Coords points="180,943 1207,953 1214,894 178,889"/><Baseline points="188,925 232,925 277,928 322,928 367,928 412,931 456,931 501,931 546,931 591,931 636,931 680,931 725,934 770,934 815,934 860,934 904,934 949,934 994,934 1039,934 1083,934 1128,934 1173,934 1218,934 1221,931"/><TextEquiv><Unicode>— Est-ce qu'on les peut aborder? répondait Parmen¬</Unicode></TextEquiv></TextLine><TextLine id="tr_1778599008_tl_13" custom="readingOrder {index:13;}"><Coords points="133,990 1217,1006 1217,958 1000,941 133,948"/><Baseline points="140,985 185,982 229,982 274,982 319,982 364,982 409,985 453,985 498,985 543,982 588,985 633,988 677,988 722,988 767,988 812,988 857,988 901,988 946,988 991,988 1036,988 1080,988 1125,991 1170,991 1215,991 1218,991"/><TextEquiv><Unicode>tier; passer au de travers vingt laquais préposés, non</Unicode></TextEquiv></TextLine><TextLine id="tr_1778599008_tl_14" custom="readingOrder {index:14;}"><Coords points="130,1049 1211,1062 1211,1009 1135,994 130,984"/><Baseline points="137,1036 182,1039 226,1039 271,1039 316,1039 361,1039 406,1039 450,1039 495,1039 540,1042 585,1042 630,1042 674,1042 719,1042 764,1042 809,1042 854,1042 898,1042 943,1042 988,1042 1033,1042 1078,1045 1122,1045 1167,1045 1212,1045 1215,1045"/><TextEquiv><Unicode>à ouvrir, mais à défendre la porte du cabinet de leur</Unicode></TextEquiv></TextLine><TextLine id="tr_1778599008_tl_15" custom="readingOrder {index:15;}"><Coords points="130,1117 1218,1124 1217,1060 129,1055"/><Baseline points="137,1089 182,1089 226,1089 271,1092 316,1092 361,1092 406,1092 450,1092 495,1095 540,1095 585,1095 630,1095 674,1095 719,1095 764,1095 809,1095 854,1095 898,1095 943,1095 988,1095 1033,1095 1078,1095 1122,1098 1167,1098 1212,1101 1221,1101"/><TextEquiv><Unicode>maître, dans vos habits râpés flairant un solliciteur,</Unicode></TextEquiv></TextLine><TextLine id="tr_1778599008_tl_16" custom="readingOrder {index:16;}"><Coords points="123,1154 1211,1157 1181,1109 123,1118"/><Baseline points="131,1143 176,1146 220,1146 265,1146 310,1146 355,1146 400,1146 444,1146 489,1146 534,1146 579,1146 624,1149 668,1149 713,1149 758,1149 803,1149 848,1149 892,1149 937,1149 982,1149 1027,1152 1072,1152 1116,1152 1161,1152 1206,1152 1215,1152"/><TextEquiv><Unicode>augmentant d’insolence à mesure que vous vous faites</Unicode></TextEquiv></TextLine><TextLine id="tr_1778599008_tl_17" custom="readingOrder {index:17;}"><Coords points="130,1206 1224,1217 1208,1161 130,1153"/><Baseline points="137,1194 182,1200 226,1200 271,1200 316,1200 361,1200 406,1200 450,1200 495,1200 540,1200 585,1200 630,1200 674,1203 719,1203 764,1203 809,1203 854,1203 898,1203 943,1203 988,1206 1033,1206 1078,1206 1122,1206 1167,1206 1212,1206 1227,1209"/><TextEquiv><Unicode>humble et poli ; crois-tu que ce soit chose aisée? Sauf</Unicode></TextEquiv></TextLine><TextLine id="tr_1778599008_tl_18" custom="readingOrder {index:18;}"><Coords points="123,1253 1218,1271 1218,1215 123,1208"/><Baseline points="131,1251 176,1251 220,1251 265,1254 310,1254 355,1254 400,1254 444,1254 489,1257 534,1254 579,1254 624,1257 668,1257 713,1257 758,1260 803,1260 848,1260 892,1257 937,1260 982,1260 1027,1260 1072,1260 1116,1260 1161,1260 1206,1260 1221,1257"/><TextEquiv><Unicode>M. de Malherbe, auquel un tiers généreux s’est chargé</Unicode></TextEquiv></TextLine><TextLine id="tr_1778599008_tl_19" custom="readingOrder {index:19;}"><Coords points="130,1320 1208,1334 1208,1273 130,1273"/><Baseline points="137,1304 182,1304 226,1304 271,1307 316,1307 361,1307 406,1307 450,1307 495,1310 540,1310 585,1310 630,1310 674,1310 719,1310 764,1313 809,1313 854,1313 898,1313 943,1313 988,1313 1033,1313 1078,1313 1122,1313 1167,1313 1212,1316"/><TextEquiv><Unicode>de faire tenir mon Mémoire sur le solanum tuberosum,</Unicode></TextEquiv></TextLine><TextLine id="tr_1778599008_tl_20" custom="readingOrder {index:20;}"><Coords points="130,1362 1208,1370 1208,1334 1084,1320 130,1323"/><Baseline points="137,1358 182,1358 226,1361 271,1361 316,1361 361,1361 406,1361 450,1361 495,1364 540,1364 585,1364 630,1364 674,1364 719,1364 764,1367 809,1367 854,1367 898,1367 943,1367 988,1367 1033,1367 1078,1367 1122,1367 1167,1367 1212,1370 1215,1367"/><TextEquiv><Unicode>et qui plusieurs fois a bien voulu me donner audience.</Unicode></TextEquiv></TextLine><TextLine id="tr_1778599008_tl_21" custom="readingOrder {index:21;}"><Coords points="133,1430 1218,1430 1218,1387 1121,1378 133,1373"/><Baseline points="140,1421 146,1418 191,1415 235,1415 280,1415 325,1415 370,1415 415,1412 459,1418 504,1418 549,1418 594,1418 639,1418 683,1421 728,1421 773,1421 818,1421 863,1418 907,1421 952,1421 997,1418 1042,1418 1086,1421 1131,1418 1176,1421 1221,1418"/><TextEquiv><Unicode>je ne suis parvenu près d’aucun d‘entre eux; encore</Unicode></TextEquiv></TextLine><TextLine id="tr_1778599008_tl_22" custom="readingOrder {index:22;}"><Coords points="133,1477 1218,1479 1185,1428 133,1425"/><Baseline points="140,1469 185,1466 229,1466 274,1469 319,1469 364,1469 409,1469 453,1469 498,1472 543,1469 588,1472 633,1472 677,1472 722,1472 767,1472 812,1472 857,1472 901,1472 946,1472 991,1472 1036,1472 1080,1472 1125,1472 1170,1472 1215,1475 1221,1475"/><TextEquiv><Unicode>M. de Malherbe lui-même, voilà quinze jours que je</Unicode></TextEquiv></TextLine><TextLine id="tr_1778599008_tl_23" custom="readingOrder {index:23;}"><Coords points="135,1530 1208,1544 1208,1496 1074,1477 135,1492"/><Baseline points="143,1516 188,1519 232,1519 277,1522 322,1522 367,1522 412,1522 456,1522 501,1522 546,1522 591,1522 636,1522 680,1522 725,1522 770,1522 815,1522 860,1522 904,1525 949,1522 994,1525 1039,1525 1083,1525 1128,1525 1173,1525 1212,1522"/><TextEquiv><Unicode>ne l'ai pu voir ! Et cependant, fit-il, debout et s'ani¬</Unicode></TextEquiv></TextLine><TextLine id="tr_1778599008_tl_24" custom="readingOrder {index:24;}"><Coords points="123,1579 1215,1588 1177,1536 122,1528"/><Baseline points="131,1570 176,1573 220,1573 265,1573 310,1573 355,1573 400,1573 444,1573 489,1573 534,1573 579,1573 624,1573 668,1576 713,1576 758,1576 803,1576 848,1576 892,1576 937,1576 982,1576 1027,1576 1072,1579 1116,1579 1161,1579 1206,1579 1218,1579"/><TextEquiv><Unicode>mant, la famine devient imminente, et voilà six mois</Unicode></TextEquiv></TextLine><TextLine id="tr_1778599008_tl_25" custom="readingOrder {index:25;}"><Coords points="135,1629 1208,1637 1170,1590 134,1584"/><Baseline points="143,1621 188,1624 232,1624 277,1624 322,1624 367,1624 412,1624 456,1627 501,1627 546,1627 591,1627 636,1627 680,1627 725,1627 770,1630 815,1630 860,1630 904,1630 949,1630 994,1630 1039,1630 1083,1633 1128,1633 1173,1633 1212,1633"/><TextEquiv><Unicode>de perdus, et chaque heure qui s’achève décuple la va¬</Unicode></TextEquiv></TextLine><TextLine id="tr_1778599008_tl_26" custom="readingOrder {index:26;}"><Coords points="130,1687 1008,1712 1203,1692 1203,1641 129,1631"/><Baseline points="137,1675 182,1678 226,1678 271,1678 316,1678 361,1678 406,1678 450,1681 495,1681 540,1681 585,1681 630,1681 674,1681 719,1681 764,1681 809,1684 854,1684 898,1684 943,1684 988,1684 1033,1684 1078,1684 1122,1687 1167,1687 1206,1684"/><TextEquiv><Unicode>leur de l’heure qui la suit! Dire qu’il n’est pas de lati¬</Unicode></TextEquiv></TextLine><TextLine id="tr_1778599008_tl_27" custom="readingOrder {index:27;}"><Coords points="130,1743 1215,1750 1186,1691 130,1687"/><Baseline points="137,1728 182,1728 226,1728 271,1731 316,1731 361,1731 406,1731 450,1731 495,1731 540,1734 585,1734 630,1734 674,1734 719,1734 764,1734 809,1737 854,1737 898,1737 943,1737 988,1737 1033,1740 1078,1737 1122,1740 1167,1740 1212,1740 1218,1740"/><TextEquiv><Unicode>tude en France où déjà la pomme de terre ne pourrait</Unicode></TextEquiv></TextLine><TextLine id="tr_1778599008_tl_28" custom="readingOrder {index:28;}"><Coords points="126,1790 1211,1801 1211,1753 1138,1747 126,1745"/><Baseline points="134,1782 179,1782 223,1785 268,1785 313,1785 358,1788 403,1785 447,1785 492,1785 537,1785 582,1788 627,1788 671,1788 716,1788 761,1791 806,1791 851,1791 895,1791 940,1791 985,1791 1030,1791 1075,1794 1119,1794 1164,1794 1209,1794 1215,1797"/><TextEquiv><Unicode>fleurir !... Que n’ai-je seulement trouvé à emprunter</Unicode></TextEquiv></TextLine><TextLine id="tr_1778599008_tl_29" custom="readingOrder {index:29;}"><Coords points="130,1850 1211,1855 1210,1804 129,1800"/><Baseline points="137,1836 182,1839 226,1839 271,1839 316,1839 361,1839 406,1839 450,1839 495,1842 540,1839 585,1842 630,1842 674,1842 719,1842 764,1845 809,1845 854,1845 898,1845 943,1845 988,1845 1033,1845 1078,1845 1122,1848 1167,1848 1212,1851 1215,1851"/><TextEquiv><Unicode>quelque argent pour acheter ou louer un champ !...</Unicode></TextEquiv></TextLine><TextLine id="tr_1778599008_tl_30" custom="readingOrder {index:30;}"><Coords points="126,1904 1210,1919 1174,1861 124,1853"/><Baseline points="134,1890 179,1890 223,1890 268,1893 313,1893 358,1893 403,1893 447,1893 492,1896 537,1896 582,1896 627,1896 671,1896 716,1896 761,1896 806,1896 851,1899 895,1899 940,1899 985,1899 1030,1899 1075,1902 1119,1902 1164,1902 1209,1905 1212,1905"/><TextEquiv><Unicode>Mais si ma voix ne peut arriver jusqu’aux puissants,</Unicode></TextEquiv></TextLine><TextLine id="tr_1778599008_tl_31" custom="readingOrder {index:31;}"><Coords points="123,1947 1211,1962 1211,1922 1096,1906 123,1901"/><Baseline points="131,1943 176,1943 220,1946 265,1946 310,1946 355,1946 400,1946 444,1946 489,1946 534,1949 579,1949 624,1949 668,1949 713,1949 758,1949 803,1949 848,1952 892,1952 937,1952 982,1952 1027,1952 1072,1955 1116,1955 1161,1955 1206,1955 1215,1955"/><TextEquiv><Unicode>les riches, auprès desquels il m’a été plus facile de</Unicode></TextEquiv></TextLine><TextLine id="tr_1778599008_tl_32" custom="readingOrder {index:32;}"><Coords points="123,2014 1203,2030 1211,1970 122,1951"/><Baseline points="131,1997 176,1997 220,1997 265,2000 310,2000 355,2000 400,2000 444,2000 489,2000 534,2003 579,2003 624,2003 668,2003 713,2003 758,2003 803,2003 848,2006 892,2006 937,2006 982,2006 1027,2006 1072,2006 1116,2006 1161,2009 1206,2009 1215,2009"/><TextEquiv><Unicode>me faire introduire, dès qu’ils ont eu compris de quoi</Unicode></TextEquiv></TextLine><TextLine id="tr_1778599008_tl_33" custom="readingOrder {index:33;}"><Coords points="126,2061 1203,2077 1182,2020 126,2013"/><Baseline points="134,2048 179,2051 223,2051 268,2048 313,2054 358,2054 403,2054 447,2054 492,2057 537,2054 582,2054 627,2057 671,2057 716,2057 761,2057 806,2060 851,2060 895,2060 940,2060 985,2060 1030,2060 1075,2060 1119,2060 1164,2060 1206,2057"/><TextEquiv><Unicode>il s’agissait, m’ont ou ri au nez ou tourné le dos, mê¬</Unicode></TextEquiv></TextLine><TextLine id="tr_1778599008_tl_34" custom="readingOrder {index:34;}"><Coords points="126,2111 1206,2130 1206,2077 1134,2067 126,2061"/><Baseline points="134,2105 179,2105 223,2105 268,2105 313,2105 358,2108 403,2108 447,2108 492,2108 537,2111 582,2108 627,2111 671,2111 716,2111 761,2111 806,2111 851,2111 895,2111 940,2111 985,2111 1030,2114 1075,2114 1119,2114 1164,2114 1209,2117"/><TextEquiv><Unicode>lant à des paroles sans suite les épithètes d’idéaliste,</Unicode></TextEquiv></TextLine><TextLine id="tr_1778599008_tl_35" custom="readingOrder {index:35;}"><Coords points="123,2169 1211,2173 1211,2129 123,2112"/><Baseline points="131,2156 176,2159 220,2159 265,2159 310,2159 355,2161 400,2159 444,2161 489,2161 534,2161 579,2164 624,2161 668,2161 713,2164 758,2164 803,2164 848,2164 892,2164 937,2164 982,2164 1027,2164 1072,2167 1116,2167 1161,2167 1206,2170 1215,2167"/><TextEquiv><Unicode>d’utopiste, de cerveau brûlé, d’homme dangereux qui</Unicode></TextEquiv></TextLine><TextLine id="tr_1778599008_tl_36" custom="readingOrder {index:36;}"><Coords points="124,2227 1203,2240 1201,2182 1116,2176 123,2169"/><Baseline points="131,2209 176,2209 220,2209 265,2212 310,2212 355,2212 400,2212 444,2212 489,2215 534,2215 579,2215 624,2215 668,2215 713,2215 758,2218 803,2218 848,2218 892,2218 937,2218 982,2218 1027,2218 1072,2218 1116,2221 1161,2221 1206,2218 1209,2215"/><TextEquiv><Unicode>les voulait induire en des spéculations folles; qui me¬</Unicode></TextEquiv></TextLine><TextLine id="tr_1778599008_tl_37" custom="readingOrder {index:37;}"><Coords points="124,2288 780,2278 778,2226 123,2229"/><Baseline points="131,2260 176,2263 220,2263 265,2263 310,2266 355,2266 400,2266 444,2266 489,2266 534,2266 579,2269 624,2269 668,2269 713,2269 758,2269 782,2269"/><TextEquiv><Unicode>naçait l'intégrité de leurs écus !</Unicode></TextEquiv></TextLine><TextLine id="tr_1778599008_tl_38" custom="readingOrder {index:38;}"><Coords points="242,2320 1211,2336 1181,2283 242,2288"/><Baseline points="250,2314 295,2317 340,2317 385,2320 430,2320 474,2320 519,2320 564,2320 609,2320 653,2323 698,2323 743,2323 788,2323 833,2323 877,2323 922,2323 967,2326 1012,2326 1057,2326 1101,2326 1146,2329 1191,2329 1215,2326"/><TextEquiv><Unicode>Son Excellence le ministre t’a-t-il au moins</Unicode></TextEquiv></TextLine><TextLine id="tr_1778599008_tl_39" custom="readingOrder {index:39;}"><Coords points="118,2378 1200,2389 1199,2353 1073,2331 118,2330"/><Baseline points="125,2368 170,2368 215,2368 259,2371 304,2371 349,2371 394,2371 438,2371 483,2374 528,2374 573,2374 618,2374 662,2374 707,2376 752,2376 797,2376 842,2379 886,2379 931,2379 976,2379 1021,2379 1066,2379 1110,2379 1155,2379 1200,2376 1203,2376"/><TextEquiv><Unicode>donné quelque parole d’espoir? fit mademoiselle Par¬</Unicode></TextEquiv></TextLine><TextLine id="tr_1778599008_tl_40" custom="readingOrder {index:40;}"><Coords points="118,2439 145,2428 184,2429 189,2435 223,2430 231,2436 245,2430 296,2447 296,2396 252,2394 231,2381 202,2393 177,2386 141,2393 118,2388"/><Baseline points="125,2421 170,2421 215,2421 259,2421 298,2424"/><TextEquiv><Unicode>mentier.</Unicode></TextEquiv></TextLine><TextLine id="tr_1778599008_tl_41" custom="readingOrder {index:41;}"><Coords points="167,2488 1200,2500 1199,2464 1110,2436 166,2444"/><Baseline points="173,2472 217,2475 262,2475 307,2475 352,2478 397,2478 441,2478 486,2481 531,2481 576,2481 621,2484 665,2484 710,2484 755,2484 800,2484 845,2484 889,2484 934,2487 979,2487 1024,2487 1069,2487 1113,2487 1158,2487 1203,2484"/><TextEquiv><Unicode>— M. de Malherbe m’a promis de s’employer au¬</Unicode></TextEquiv></TextLine><TextLine id="tr_1778599008_tl_42" custom="readingOrder {index:42;}"><Coords points="120,2551 1114,2565 1206,2555 1206,2504 119,2480"/><Baseline points="128,2532 173,2526 217,2526 262,2526 307,2526 352,2526 397,2529 441,2532 486,2532 531,2535 576,2535 621,2535 665,2535 710,2535 755,2538 800,2538 845,2538 889,2538 934,2538 979,2541 1024,2541 1069,2541 1113,2541 1158,2541 1203,2544 1209,2544"/><TextEquiv><Unicode>près de Sa Majesté, afin que j'obtienne un coin de</Unicode></TextEquiv></TextLine><TextLine id="tr_1778599008_tl_43" custom="readingOrder {index:43;}"><Coords points="120,2595 1206,2606 1206,2555 1163,2548 120,2555"/><Baseline points="128,2580 173,2580 217,2580 262,2580 307,2580 352,2583 397,2583 441,2583 486,2586 531,2586 576,2586 621,2586 665,2589 710,2589 755,2589 800,2589 845,2591 889,2591 934,2591 979,2591 1024,2591 1069,2591 1113,2591 1158,2594 1203,2594 1209,2594"/><TextEquiv><Unicode>terre pour mon expérience ; et en me faisant cette</Unicode></TextEquiv></TextLine><TextLine id="tr_1778599008_tl_44" custom="readingOrder {index:44;}"><Coords points="120,2649 1204,2664 1204,2621 1092,2598 120,2595"/><Baseline points="128,2639 173,2633 217,2633 262,2633 307,2633 352,2636 397,2636 441,2636 486,2639 531,2639 576,2639 621,2639 665,2639 710,2639 755,2642 800,2642 845,2642 889,2642 934,2642 979,2645 1024,2645 1069,2645 1113,2645 1158,2645 1203,2642 1206,2642"/><TextEquiv><Unicode>promesse, M. de Malherbe croyait sincèrement la te¬</Unicode></TextEquiv></TextLine><TextLine id="tr_1778599008_tl_45" custom="readingOrder {index:45;}"><Coords points="118,2700 1201,2711 1164,2656 118,2653"/><Baseline points="125,2684 170,2687 215,2690 259,2690 304,2690 349,2690 394,2690 438,2690 483,2693 528,2693 573,2693 618,2693 662,2693 707,2693 752,2696 797,2696 842,2696 886,2696 931,2696 976,2696 1021,2699 1066,2699 1110,2699 1155,2699 1200,2699 1203,2699"/><TextEquiv><Unicode>nir, j’en ai la conviction; mais il ne pouvait s’occuper</Unicode></TextEquiv></TextLine><TextLine id="tr_1778599008_tl_46" custom="readingOrder {index:46;}"><Coords points="118,2751 1186,2771 1201,2711 116,2699"/><Baseline points="125,2738 170,2738 215,2741 259,2741 304,2741 349,2744 394,2744 438,2744 483,2747 528,2747 573,2747 618,2747 662,2747 707,2747 752,2747 797,2750 842,2750 886,2750 931,2747 976,2750 1021,2750 1066,2753 1110,2753 1155,2753 1200,2753 1206,2756"/><TextEquiv><Unicode>de moi, toute affaire cessante; d’autres soins seront</Unicode></TextEquiv></TextLine><TextLine id="tr_1778599008_tl_47" custom="readingOrder {index:47;}"><Coords points="120,2804 1124,2831 1200,2819 1200,2772 119,2751"/><Baseline points="128,2792 173,2792 217,2792 262,2795 307,2795 352,2795 397,2798 441,2798 486,2801 531,2801 576,2801 621,2801 665,2801 710,2804 755,2804 800,2804 845,2804 889,2804 934,2804 979,2804 1024,2806 1069,2804 1113,2806 1158,2806 1203,2804"/><TextEquiv><Unicode>survenus, il aura oublié et mon mémoire et ses pro¬</Unicode></TextEquiv></TextLine><TextLine id="tr_1778599008_tl_48" custom="readingOrder {index:48;}"><Coords points="122,2862 145,2852 176,2862 206,2852 232,2853 243,2862 276,2860 274,2815 261,2818 228,2809 223,2816 199,2816 173,2806 163,2815 153,2808 119,2804"/><Baseline points="128,2842 173,2842 217,2845 262,2848 280,2848"/><TextEquiv><Unicode>messes.</Unicode></TextEquiv></TextLine><TextLine id="tr_1778599008_tl_49" custom="readingOrder {index:49;}"><Coords points="174,2895 1182,2930 1206,2877 173,2852"/><Baseline points="182,2893 226,2896 271,2899 316,2902 361,2902 406,2905 450,2905 495,2908 540,2908 585,2908 630,2908 674,2911 719,2911 764,2911 809,2911 854,2911 898,2911 943,2911 988,2911 1033,2914 1078,2914 1122,2914 1167,2914 1209,2917"/><TextEquiv><Unicode>— Peut-être ! qui sait ? N’est-ce pas à l’instant où</Unicode></TextEquiv></TextLine><TextLine id="tr_1778599008_tl_50" custom="readingOrder {index:50;}"><Coords points="115,2957 1193,2975 1164,2921 115,2909"/><Baseline points="122,2950 167,2950 212,2950 256,2953 301,2953 346,2956 391,2956 435,2959 480,2962 525,2962 570,2962 615,2962 659,2962 704,2962 749,2965 794,2965 839,2965 883,2965 928,2965 973,2965 1018,2965 1063,2968 1107,2968 1152,2968 1197,2965"/><TextEquiv><Unicode>la situation semble désespérée, que le secours arrive?</Unicode></TextEquiv></TextLine><TextLine id="tr_1778599008_tl_51" custom="readingOrder {index:51;}"><Coords points="122,3017 1192,3032 1190,2982 1127,2972 120,2961"/><Baseline points="128,3004 173,3004 217,3004 262,3007 307,3010 352,3010 397,3013 441,3013 486,3013 531,3013 576,3016 621,3019 665,3016 710,3019 755,3019 800,3019 845,3019 889,3019 934,3022 979,3019 1024,3022 1069,3019 1113,3022 1158,3022 1194,3019"/><TextEquiv><Unicode>La propagation de ta solanée promet trop de bien¬</Unicode></TextEquiv></TextLine><TextLine id="tr_1778599008_tl_52" custom="readingOrder {index:52;}"><Coords points="112,3068 1197,3094 1179,3033 112,3019"/><Baseline points="119,3051 164,3054 209,3057 253,3060 298,3060 343,3063 388,3063 432,3063 477,3066 522,3066 567,3069 612,3069 656,3072 701,3072 746,3072 791,3072 836,3072 880,3072 925,3072 970,3075 1015,3075 1060,3075 1104,3072 1149,3075 1194,3078 1200,3078"/><TextEquiv><Unicode>faits pour que le succès ne vienne pas enfin couronner</Unicode></TextEquiv></TextLine><TextLine id="tr_1778599008_tl_53" custom="readingOrder {index:53;}"><Coords points="122,3122 153,3116 171,3131 194,3122 216,3129 249,3116 285,3130 297,3123 340,3134 340,3082 312,3087 296,3075 272,3083 242,3071 203,3084 182,3072 163,3079 138,3068 119,3072"/><Baseline points="128,3105 173,3105 217,3108 262,3111 307,3114 343,3117"/><TextEquiv><Unicode>tes efforts.</Unicode></TextEquiv></TextLine><TextLine id="tr_1778599008_tl_54" custom="readingOrder {index:54;}"><Coords points="187,3159 1203,3198 1163,3144 187,3131"/><Baseline points="194,3153 238,3159 283,3162 328,3165 373,3168 418,3171 462,3174 507,3174 552,3177 597,3177 642,3177 686,3180 731,3180 776,3180 821,3180 865,3180 910,3180 955,3183 1000,3183 1045,3183 1089,3183 1134,3183 1179,3183 1206,3186"/><TextEquiv><Unicode>— N'est-ce pas, ma sœur? s'écria Parmentier, une</Unicode></TextEquiv></TextLine><TextLine id="tr_1778599008_tl_55" custom="readingOrder {index:55;}"><Coords points="123,3225 1188,3261 1177,3195 122,3174"/><Baseline points="131,3210 176,3207 220,3210 265,3210 310,3213 355,3219 400,3219 444,3222 489,3225 534,3228 579,3228 624,3231 668,3231 713,3234 758,3234 803,3234 848,3237 892,3237 937,3237 982,3237 1027,3237 1072,3237 1116,3237 1161,3239 1191,3242"/><TextEquiv><Unicode>foi vive illuminant ses fraits. Excellente créature,</Unicode></TextEquiv></TextLine><TextLine id="tr_1778599008_tl_56" custom="readingOrder {index:56;}"><Coords points="120,3274 1189,3299 1188,3261 1092,3246 119,3228"/><Baseline points="128,3257 173,3260 217,3260 262,3260 307,3263 352,3266 397,3269 441,3272 486,3275 531,3278 576,3281 621,3284 665,3284 710,3284 755,3284 800,3287 845,3287 889,3287 934,3290 979,3290 1024,3290 1069,3293 1113,3293 1158,3293 1191,3290"/><TextEquiv><Unicode>ajouta-t-il, que les privations inhérentes à toute pour¬</Unicode></TextEquiv></TextLine><TextLine id="tr_1778599008_tl_57" custom="readingOrder {index:57;}"><Coords points="123,3325 1196,3355 1175,3297 122,3275"/><Baseline points="131,3308 176,3311 220,3314 265,3314 310,3314 355,3317 400,3320 444,3320 489,3326 534,3326 579,3329 624,3332 668,3335 713,3335 758,3338 803,3338 848,3341 892,3341 937,3344 982,3344 1027,3344 1072,3347 1116,3344 1161,3347 1197,3350"/><TextEquiv><Unicode>suite acharnée d’un but quelconque ne fatiguent</Unicode></TextEquiv></TextLine><TextLine id="tr_1778599008_tl_58" custom="readingOrder {index:58;}"><Coords points="134,3382 1192,3418 1190,3353 131,3332"/><Baseline points="140,3365 185,3365 229,3365 274,3368 319,3368 364,3371 409,3371 453,3374 498,3377 543,3380 588,3380 633,3380 677,3386 722,3386 767,3389 812,3389 857,3392 901,3395 946,3395 991,3395 1036,3398 1080,3398 1125,3398 1170,3401 1197,3404"/><TextEquiv><Unicode>point; dont mes humeurs sombres, mes angoisses,</Unicode></TextEquiv></TextLine><TextLine id="tr_1778599008_tl_59" custom="readingOrder {index:59;}"><Coords points="126,3431 1192,3458 1190,3418 1113,3405 124,3379"/><Baseline points="134,3416 179,3416 223,3416 268,3416 313,3419 358,3419 403,3422 447,3425 492,3428 537,3428 582,3431 627,3431 671,3434 716,3437 761,3437 806,3440 851,3440 895,3443 940,3443 985,3446 1030,3446 1075,3449 1119,3449 1164,3452 1194,3449"/><TextEquiv><Unicode>mes accès de désespoir ne sauraient altérer la séré¬</Unicode></TextEquiv></TextLine><TextLine id="tr_1778599008_tl_60" custom="readingOrder {index:60;}"><Coords points="123,3474 1190,3510 1189,3466 122,3431"/><Baseline points="131,3466 176,3469 220,3469 265,3469 310,3469 355,3472 400,3472 444,3475 489,3478 534,3481 579,3481 624,3484 668,3484 713,3487 758,3487 803,3490 848,3493 892,3493 937,3496 982,3496 1027,3499 1072,3499 1116,3502 1161,3502 1194,3505"/><TextEquiv><Unicode>nité d’âme et la tendresse, tu es la source vivifiante</Unicode></TextEquiv></TextLine><TextLine id="tr_1778599008_tl_61" custom="readingOrder {index:61;}"><Coords points="122,3538 1181,3579 1189,3510 120,3496"/><Baseline points="128,3520 173,3523 217,3523 262,3523 307,3523 352,3526 397,3526 441,3529 486,3532 531,3532 576,3535 621,3538 665,3538 710,3541 755,3541 800,3544 845,3547 889,3547 934,3550 979,3550 1024,3553 1069,3553 1113,3553 1158,3556 1194,3559"/><TextEquiv><Unicode>où le voyageur accablé reprend force et courage. Oh!</Unicode></TextEquiv></TextLine><TextLine id="tr_1778599008_tl_62" custom="readingOrder {index:62;}"><Coords points="115,3596 1194,3632 1192,3575 1145,3559 113,3539"/><Baseline points="122,3586 167,3580 212,3580 256,3580 301,3580 346,3580 391,3580 435,3583 480,3586 525,3586 570,3586 615,3589 659,3592 704,3595 749,3595 794,3598 839,3598 883,3601 928,3604 973,3604 1018,3607 1063,3607 1107,3610 1152,3613 1197,3616"/><TextEquiv><Unicode>je t’aime, vois-tu, mon Angélique la bien nommée,</Unicode></TextEquiv></TextLine><TextLine id="tr_1778599008_tl_63" custom="readingOrder {index:63;}"><Coords points="120,3653 1197,3683 1157,3621 119,3596"/><Baseline points="128,3637 173,3634 217,3634 262,3634 307,3634 352,3634 397,3637 441,3637 486,3637 531,3640 576,3640 621,3643 665,3643 710,3646 755,3649 800,3649 845,3652 889,3655 934,3655 979,3658 1024,3661 1069,3661 1113,3664 1158,3670 1200,3667"/><TextEquiv><Unicode>je t'aime de ne point railler ma persévérance; je</Unicode></TextEquiv></TextLine><TextLine id="tr_1778599008_tl_64" custom="readingOrder {index:64;}"><Coords points="113,3700 1196,3736 1194,3683 1146,3677 112,3650"/><Baseline points="119,3684 164,3690 209,3690 253,3690 298,3690 343,3690 388,3690 432,3690 477,3690 522,3693 567,3693 612,3696 656,3696 701,3699 746,3702 791,3702 836,3702 880,3705 925,3708 970,3711 1015,3714 1060,3714 1104,3714 1149,3717 1194,3723 1200,3723"/><TextEquiv><Unicode>t’aime à cause de ta foi dans l’œuvre que je poursuis,</Unicode></TextEquiv></TextLine><TextLine id="tr_1778599008_tl_65" custom="readingOrder {index:65;}"><Coords points="118,3747 1190,3787 1189,3731 116,3698"/><Baseline points="125,3738 170,3741 215,3744 259,3747 304,3747 349,3747 394,3747 438,3747 483,3747 528,3747 573,3750 618,3750 662,3750 707,3750 752,3753 797,3753 842,3756 886,3759 931,3762 976,3765 1021,3765 1066,3765 1110,3768 1155,3771 1194,3774"/><TextEquiv><Unicode>et de ta vaillance à me défendre et à défondre ma</Unicode></TextEquiv></TextLine><TextLine id="tr_1778599008_tl_66" custom="readingOrder {index:66;}"><Coords points="122,3831 723,3813 1152,3852 1186,3784 119,3762"/><Baseline points="128,3798 173,3795 217,3798 262,3801 307,3801 352,3804 397,3804 441,3804 486,3804 531,3804 576,3807 621,3804 665,3804 710,3807 755,3807 800,3810 845,3810 889,3813 934,3816 979,3819 1024,3822 1069,3822 1113,3822 1158,3822 1191,3825"/><TextEquiv><Unicode>pauvre solanée quand besoin est! Tiens, je me sens</Unicode></TextEquiv></TextLine><TextEquiv><Unicode></Unicode></TextEquiv></TextRegion><TextRegion id="r" custom="readingOrder {index:2;} structure {type:paragraph;}"><Coords points="1255,3898 1290,260 2443,268 2443,3898"/><TextLine id="r_tl_1" custom="readingOrder {index:1;}"><Coords points="1294,347 2400,328 2314,271 1294,293"/><Baseline points="1301,331 1328,331 1373,331 1418,331 1463,331 1508,331 1552,331 1597,331 1642,331 1687,331 1731,331 1776,331 1821,331 1866,331 1911,331 1955,334 2000,334 2045,334 2090,331 2135,331 2179,328 2224,328 2269,328 2314,325 2359,325 2403,325"/><TextEquiv><Unicode>rempli d’une ardeur nouvelle. Qui sait?... disais¬</Unicode></TextEquiv></TextLine><TextLine id="r_tl_2" custom="readingOrder {index:2;}"><Coords points="1302,409 2411,405 2411,353 2307,337 1302,343"/><Baseline points="1310,388 1340,388 1385,388 1430,388 1475,388 1519,391 1564,388 1609,391 1654,391 1699,391 1743,391 1788,388 1833,388 1878,391 1923,391 1967,391 2012,391 2057,391 2102,388 2147,388 2191,385 2236,385 2281,385 2326,385 2371,385 2415,385"/><TextEquiv><Unicode>tu tout à l'heure : eh bien, oui, qui sait si le silence</Unicode></TextEquiv></TextLine><TextLine id="r_tl_3" custom="readingOrder {index:3;}"><Coords points="1302,455 2393,444 2299,395 1302,409"/><Baseline points="1310,444 1322,441 1367,444 1412,444 1457,444 1502,447 1546,447 1591,447 1636,447 1681,447 1726,447 1770,444 1815,444 1860,444 1905,444 1949,444 1994,444 2039,444 2084,444 2129,444 2173,444 2218,444 2263,444 2308,441 2353,441 2397,438"/><TextEquiv><Unicode>de M. de Malherbe ne renferme point l'encourage¬</Unicode></TextEquiv></TextLine><TextLine id="r_tl_4" custom="readingOrder {index:4;}"><Coords points="1300,518 2397,516 2388,444 1300,458"/><Baseline points="1307,501 1352,501 1397,501 1442,501 1487,501 1531,501 1576,501 1621,504 1666,501 1711,501 1755,501 1800,501 1845,501 1890,501 1935,501 1979,501 2024,501 2069,501 2114,501 2159,501 2203,501 2248,501 2293,501 2338,498 2382,501 2400,501"/><TextEquiv><Unicode>ment et l’espoir? Il me semble que s’il n’eût obtenu</Unicode></TextEquiv></TextLine><TextLine id="r_tl_5" custom="readingOrder {index:5;}"><Coords points="1302,574 2396,577 2396,514 2353,509 1302,517"/><Baseline points="1310,558 1355,558 1400,558 1445,558 1490,558 1534,561 1579,561 1624,561 1669,558 1714,561 1758,558 1803,558 1848,555 1893,555 1938,555 1982,555 2027,555 2072,555 2117,558 2161,558 2206,558 2251,558 2296,558 2341,558 2385,558 2400,561"/><TextEquiv><Unicode>que de ces paroles qui interdisent tout effort ultérieur,</Unicode></TextEquiv></TextLine><TextLine id="r_tl_6" custom="readingOrder {index:6;}"><Coords points="1302,625 2400,621 2372,568 1302,574"/><Baseline points="1310,615 1355,615 1400,615 1445,615 1490,615 1534,615 1579,618 1624,615 1669,615 1714,618 1758,615 1803,615 1848,615 1893,612 1938,612 1982,612 2027,612 2072,612 2117,612 2161,612 2206,615 2251,615 2296,615 2341,615 2385,615 2403,615"/><TextEquiv><Unicode>il m'en eût informé, sachant de quel prix sont pour</Unicode></TextEquiv></TextLine><TextLine id="r_tl_7" custom="readingOrder {index:7;}"><Coords points="1305,679 2400,693 2400,622 1305,628"/><Baseline points="1313,668 1358,668 1403,671 1448,668 1493,668 1537,671 1582,671 1627,671 1672,671 1717,671 1761,671 1806,671 1851,668 1896,668 1941,668 1985,668 2030,668 2075,665 2120,665 2164,668 2209,668 2254,668 2299,668 2344,668 2388,668 2403,671"/><TextEquiv><Unicode>moi les jours; non, non, M. de Malherbe, cet homme</Unicode></TextEquiv></TextLine><TextLine id="r_tl_8" custom="readingOrder {index:8;}"><Coords points="1300,735 2393,733 2372,682 1300,680"/><Baseline points="1307,725 1352,725 1397,725 1442,725 1487,725 1531,725 1576,728 1621,728 1666,728 1711,728 1755,725 1800,725 1845,725 1890,725 1935,725 1979,725 2024,725 2069,722 2114,722 2159,722 2203,725 2248,722 2293,722 2338,725 2382,725 2397,725"/><TextEquiv><Unicode>bienfaisant, ce ministre intègre, cet esprit juste, ce</Unicode></TextEquiv></TextLine><TextLine id="r_tl_9" custom="readingOrder {index:9;}"><Coords points="1305,791 2349,792 2349,744 2294,727 1305,733"/><Baseline points="1313,785 1322,782 1367,779 1412,779 1457,779 1502,782 1546,782 1591,782 1636,782 1681,782 1726,782 1770,782 1815,782 1860,782 1905,782 1949,782 1994,782 2039,782 2084,779 2129,779 2173,779 2218,779 2263,779 2308,779 2353,782"/><TextEquiv><Unicode>grand cœur, n'a oublié ni moi ni mon mémoire;</Unicode></TextEquiv></TextLine><TextLine id="r_tl_10" custom="readingOrder {index:10;}"><Coords points="1300,838 2400,839 2361,787 1300,794"/><Baseline points="1307,830 1352,830 1397,830 1442,833 1487,833 1531,836 1576,836 1621,836 1666,836 1711,839 1755,839 1800,839 1845,839 1890,839 1935,839 1979,839 2024,839 2069,836 2114,836 2159,836 2203,836 2248,836 2293,833 2338,836 2382,836 2403,833"/><TextEquiv><Unicode>attend l’occasion d’en parler à Sa Majesté. Chaque</Unicode></TextEquiv></TextLine><TextLine id="r_tl_11" custom="readingOrder {index:11;}"><Coords points="1301,906 2396,904 2394,854 2320,839 1300,847"/><Baseline points="1307,883 1352,883 1397,883 1442,883 1487,886 1531,886 1576,889 1621,889 1666,889 1711,889 1755,892 1800,895 1845,895 1890,895 1935,895 1979,895 2024,892 2069,892 2114,892 2159,892 2203,892 2248,889 2293,889 2338,889 2382,889 2400,892"/><TextEquiv><Unicode>chose a son heure à l'horloge des faits; souvent un</Unicode></TextEquiv></TextLine><TextLine id="r_tl_12" custom="readingOrder {index:12;}"><Coords points="1308,957 2403,958 2403,911 2313,894 1308,904"/><Baseline points="1316,943 1361,937 1406,937 1451,940 1496,940 1540,940 1585,943 1630,943 1675,943 1720,946 1764,946 1809,949 1854,949 1899,949 1943,949 1988,949 2033,949 2078,949 2123,949 2167,946 2212,946 2257,946 2302,946 2347,946 2391,946 2406,946"/><TextEquiv><Unicode>projet n'avorte que parce qu'il a devancé la minute</Unicode></TextEquiv></TextLine><TextLine id="r_tl_13" custom="readingOrder {index:13;}"><Coords points="1302,1016 2393,1011 2393,964 2341,953 1302,958"/><Baseline points="1310,991 1355,991 1400,991 1445,991 1490,991 1534,994 1579,994 1624,997 1669,997 1714,1000 1758,1000 1803,1003 1848,1003 1893,1003 1938,1003 1982,1003 2027,1003 2072,1003 2117,1006 2161,1003 2206,1003 2251,1003 2296,1003 2341,1000 2385,1000 2397,997"/><TextEquiv><Unicode>qui lui était départie; mon insuccès passé est le gage</Unicode></TextEquiv></TextLine><TextLine id="r_tl_14" custom="readingOrder {index:14;}"><Coords points="1304,1051 2394,1078 2393,1016 1302,1016"/><Baseline points="1310,1045 1355,1045 1400,1045 1445,1045 1490,1045 1534,1048 1579,1048 1624,1048 1669,1051 1714,1051 1758,1054 1803,1054 1848,1057 1893,1057 1938,1057 1982,1060 2027,1060 2072,1060 2117,1060 2161,1060 2206,1060 2251,1060 2296,1060 2341,1060 2385,1057 2397,1060"/><TextEquiv><Unicode>d'un succès prochain. Angélique, je retourne chez</Unicode></TextEquiv></TextLine><TextLine id="r_tl_15" custom="readingOrder {index:15;}"><Coords points="1302,1105 1402,1103 1474,1124 1543,1102 1605,1117 1656,1110 1648,1063 1616,1074 1593,1062 1536,1069 1519,1053 1430,1053 1363,1077 1340,1053 1302,1060"/><Baseline points="1310,1101 1355,1098 1400,1098 1445,1098 1490,1098 1534,1098 1579,1098 1624,1101 1660,1101"/><TextEquiv><Unicode>M. de Malherbe !</Unicode></TextEquiv></TextLine><TextLine id="r_tl_16" custom="readingOrder {index:16;}"><Coords points="1414,1160 2390,1182 2389,1124 1413,1105"/><Baseline points="1421,1149 1466,1152 1511,1152 1555,1152 1600,1155 1645,1155 1690,1152 1734,1155 1779,1155 1824,1158 1869,1158 1914,1161 1958,1161 2003,1164 2048,1167 2093,1167 2138,1170 2182,1170 2227,1170 2272,1170 2317,1170 2362,1170 2394,1173"/><TextEquiv><Unicode>Et si quelque raison fortuite t'empêchait d'en</Unicode></TextEquiv></TextLine><TextLine id="r_tl_17" custom="readingOrder {index:17;}"><Coords points="1304,1224 2394,1229 2393,1179 1302,1172"/><Baseline points="1310,1206 1355,1206 1400,1206 1445,1206 1490,1209 1534,1209 1579,1209 1624,1209 1669,1209 1714,1209 1758,1209 1803,1212 1848,1212 1893,1212 1938,1215 1982,1215 2027,1215 2072,1218 2117,1221 2161,1221 2206,1224 2251,1224 2296,1224 2341,1224 2385,1224 2397,1227"/><TextEquiv><Unicode>être reçu, ne te laisse point abattre, cher frère ; c'est</Unicode></TextEquiv></TextLine><TextLine id="r_tl_18" custom="readingOrder {index:18;}"><Coords points="1302,1271 2278,1290 2277,1241 2168,1229 1302,1224"/><Baseline points="1310,1263 1355,1260 1400,1263 1445,1260 1490,1263 1534,1263 1579,1263 1624,1263 1669,1263 1714,1263 1758,1263 1803,1266 1848,1266 1893,1266 1938,1266 1982,1269 2027,1269 2072,1272 2117,1272 2161,1275 2206,1278 2251,1278 2281,1278"/><TextEquiv><Unicode>que l’heure attendue n’aurait pas sonné encore.</Unicode></TextEquiv></TextLine><TextLine id="r_tl_19" custom="readingOrder {index:19;}"><Coords points="1352,1318 2385,1344 2383,1293 2345,1286 1351,1286"/><Baseline points="1358,1310 1403,1307 1448,1313 1493,1316 1537,1316 1582,1316 1627,1316 1672,1316 1717,1316 1761,1316 1806,1319 1851,1319 1896,1319 1941,1319 1985,1319 2030,1322 2075,1325 2120,1325 2164,1328 2209,1328 2254,1331 2299,1331 2344,1331 2388,1334"/><TextEquiv><Unicode>— D’ailleurs, si j’échouais de ce côté, poursuivit</Unicode></TextEquiv></TextLine><TextLine id="r_tl_20" custom="readingOrder {index:20;}"><Coords points="1304,1382 2388,1405 2386,1344 1302,1326"/><Baseline points="1310,1367 1355,1364 1400,1367 1445,1367 1490,1367 1534,1370 1579,1370 1624,1370 1669,1370 1714,1370 1758,1370 1803,1370 1848,1370 1893,1373 1938,1373 1982,1376 2027,1376 2072,1379 2117,1379 2161,1379 2206,1382 2251,1382 2296,1385 2341,1385 2385,1388 2391,1388"/><TextEquiv><Unicode>Parmentier, qui, ainsi que tous les chercheurs, avait</Unicode></TextEquiv></TextLine><TextLine id="r_tl_21" custom="readingOrder {index:21;}"><Coords points="1297,1427 2389,1454 2388,1405 2338,1391 1297,1399"/><Baseline points="1304,1418 1349,1418 1394,1421 1439,1421 1484,1421 1528,1421 1573,1421 1618,1421 1663,1421 1708,1424 1752,1424 1797,1424 1842,1424 1887,1427 1932,1427 1976,1427 2021,1427 2066,1430 2111,1433 2156,1433 2200,1436 2245,1436 2290,1436 2335,1439 2379,1439 2391,1442"/><TextEquiv><Unicode>ses chases d’abattement et d‘iellusion, tu sais qu’il me</Unicode></TextEquiv></TextLine><TextLine id="r_tl_22" custom="readingOrder {index:22;}"><Coords points="1294,1479 2385,1499 2357,1445 1293,1445"/><Baseline points="1301,1472 1346,1472 1391,1472 1436,1472 1481,1472 1525,1475 1570,1475 1615,1475 1660,1475 1705,1475 1749,1478 1794,1478 1839,1478 1884,1478 1929,1481 1973,1481 2018,1481 2063,1484 2108,1484 2153,1484 2197,1487 2242,1487 2287,1490 2332,1490 2376,1490 2388,1490"/><TextEquiv><Unicode>reste une autre démarche à tenter ; Armand et Mail¬</Unicode></TextEquiv></TextLine><TextLine id="r_tl_23" custom="readingOrder {index:23;}"><Coords points="1300,1546 2388,1547 2388,1500 2325,1494 1300,1488"/><Baseline points="1307,1522 1352,1525 1397,1525 1442,1525 1487,1528 1531,1528 1576,1528 1621,1528 1666,1528 1711,1531 1755,1528 1800,1531 1845,1531 1890,1531 1935,1534 1979,1531 2024,1534 2069,1534 2114,1537 2159,1537 2203,1540 2248,1540 2293,1540 2338,1543 2382,1543 2391,1543"/><TextEquiv><Unicode>loche ont été par moi convoqués ici, aujourd’hui, à</Unicode></TextEquiv></TextLine><TextLine id="r_tl_24" custom="readingOrder {index:24;}"><Coords points="1300,1593 2331,1611 2388,1609 2388,1559 1298,1546"/><Baseline points="1307,1576 1352,1579 1397,1579 1442,1579 1487,1582 1531,1582 1576,1585 1621,1582 1666,1582 1711,1582 1755,1585 1800,1585 1845,1585 1890,1588 1935,1588 1979,1588 2024,1588 2069,1588 2114,1591 2159,1591 2203,1591 2248,1597 2293,1594 2338,1594 2382,1594 2391,1597"/><TextEquiv><Unicode>cet effet; ce sera si peu peur chacun d’eux; je leur</Unicode></TextEquiv></TextLine><TextLine id="r_tl_25" custom="readingOrder {index:25;}"><Coords points="1300,1641 2350,1665 2378,1602 1298,1595"/><Baseline points="1307,1633 1352,1636 1397,1636 1442,1636 1487,1636 1531,1636 1576,1636 1621,1636 1666,1639 1711,1636 1755,1639 1800,1639 1845,1642 1890,1642 1935,1642 1979,1642 2024,1642 2069,1642 2114,1645 2159,1645 2203,1645 2248,1648 2293,1648 2338,1648 2382,1645"/><TextEquiv><Unicode>montrerai si clairement que, se rendant à ma de¬</Unicode></TextEquiv></TextLine><TextLine id="r_tl_26" custom="readingOrder {index:26;}"><Coords points="1294,1692 2385,1718 2392,1660 1293,1652"/><Baseline points="1301,1687 1346,1690 1391,1690 1436,1690 1481,1690 1525,1690 1570,1690 1615,1693 1660,1693 1705,1693 1749,1693 1794,1693 1839,1696 1884,1696 1929,1696 1973,1696 2018,1696 2063,1699 2108,1699 2153,1699 2197,1699 2242,1702 2287,1702 2332,1702 2376,1702 2397,1702"/><TextEquiv><Unicode>mande, ils attachent leur nom à un fait immortel,</Unicode></TextEquiv></TextLine><TextLine id="r_tl_27" custom="readingOrder {index:27;}"><Coords points="1302,1752 2400,1768 2399,1716 1301,1703"/><Baseline points="1310,1743 1355,1743 1400,1743 1445,1743 1490,1743 1534,1743 1579,1746 1624,1743 1669,1746 1714,1746 1758,1746 1803,1749 1848,1749 1893,1749 1938,1749 1982,1749 2027,1749 2072,1752 2117,1752 2161,1752 2206,1752 2251,1755 2296,1755 2341,1755 2385,1755 2403,1758"/><TextEquiv><Unicode>qu’il n’est pas possible qu’à eux deux ils ne trouvent</Unicode></TextEquiv></TextLine><TextLine id="r_tl_28" custom="readingOrder {index:28;}"><Coords points="1302,1812 2341,1828 2393,1818 2393,1772 1301,1752"/><Baseline points="1310,1797 1355,1797 1400,1797 1445,1797 1490,1797 1534,1797 1579,1797 1624,1797 1669,1800 1714,1800 1758,1800 1803,1800 1848,1803 1893,1803 1938,1803 1982,1803 2027,1803 2072,1803 2117,1803 2161,1806 2206,1806 2251,1809 2296,1806 2341,1809 2385,1809 2397,1809"/><TextEquiv><Unicode>la modique somme qui me permette de cultiver le</Unicode></TextEquiv></TextLine><TextLine id="r_tl_29" custom="readingOrder {index:29;}"><Coords points="1305,1868 2385,1873 2385,1825 2255,1817 1305,1810"/><Baseline points="1313,1857 1358,1851 1403,1851 1448,1851 1493,1851 1537,1854 1582,1854 1627,1854 1672,1854 1717,1854 1761,1854 1806,1857 1851,1857 1896,1857 1941,1857 1985,1857 2030,1860 2075,1860 2120,1860 2164,1860 2209,1863 2254,1863 2299,1863 2344,1863 2388,1860"/><TextEquiv><Unicode>précieux tubercule. Pourquoi mon brave Cistac n’est-</Unicode></TextEquiv></TextLine><TextLine id="r_tl_30" custom="readingOrder {index:30;}"><Coords points="1302,1911 2375,1924 2361,1871 1302,1868"/><Baseline points="1310,1905 1355,1908 1400,1905 1445,1905 1490,1908 1534,1908 1579,1908 1624,1908 1669,1911 1714,1911 1758,1908 1803,1911 1848,1911 1893,1911 1938,1911 1982,1914 2027,1911 2072,1914 2117,1914 2161,1914 2206,1914 2251,1917 2296,1917 2341,1917 2379,1914"/><TextEquiv><Unicode>il pas à Paris! En Allemagne, il me faisait de l'anta¬</Unicode></TextEquiv></TextLine><TextLine id="r_tl_31" custom="readingOrder {index:31;}"><Coords points="1302,1976 2388,1988 2377,1924 1302,1930"/><Baseline points="1310,1955 1355,1958 1400,1958 1445,1961 1490,1961 1534,1961 1579,1961 1624,1961 1669,1961 1714,1964 1758,1964 1803,1961 1848,1961 1893,1964 1938,1964 1982,1964 2027,1964 2072,1964 2117,1967 2161,1967 2206,1967 2251,1967 2296,1970 2341,1967 2385,1970 2391,1973"/><TextEquiv><Unicode>gonisme, sans doute, mais c’était sous l’influence de</Unicode></TextEquiv></TextLine><TextLine id="r_tl_32" custom="readingOrder {index:32;}"><Coords points="1302,2023 2374,2028 2354,1977 1302,1976"/><Baseline points="1310,2012 1355,2012 1400,2012 1445,2012 1490,2012 1534,2012 1579,2012 1624,2015 1669,2015 1714,2015 1758,2018 1803,2018 1848,2018 1893,2015 1938,2018 1982,2018 2027,2018 2072,2018 2117,2018 2161,2021 2206,2021 2251,2021 2296,2021 2341,2021 2376,2018"/><TextEquiv><Unicode>la prison et de l’exil; aujourd’hui, l‘évidence lui crè¬</Unicode></TextEquiv></TextLine><TextLine id="r_tl_33" custom="readingOrder {index:33;}"><Coords points="1302,2071 2379,2089 2379,2038 2302,2025 1302,2021"/><Baseline points="1310,2063 1355,2066 1400,2066 1445,2066 1490,2066 1534,2066 1579,2069 1624,2069 1669,2069 1714,2069 1758,2069 1803,2069 1848,2069 1893,2069 1938,2072 1982,2072 2027,2072 2072,2072 2117,2072 2161,2072 2206,2075 2251,2075 2296,2078 2341,2078 2382,2078"/><TextEquiv><Unicode>verait les yeux, et il s’y rendrait ! C’est pour midi que</Unicode></TextEquiv></TextLine><TextLine id="r_tl_34" custom="readingOrder {index:34;}"><Coords points="1294,2135 2374,2147 2382,2094 1293,2072"/><Baseline points="1301,2129 1346,2120 1391,2120 1436,2120 1481,2120 1525,2120 1570,2120 1615,2120 1660,2120 1705,2120 1749,2123 1794,2123 1839,2123 1884,2123 1929,2126 1973,2123 2018,2126 2063,2126 2108,2123 2153,2129 2197,2126 2242,2129 2287,2129 2332,2132 2376,2135 2385,2138"/><TextEquiv><Unicode>j’ai donné rendez-vous à ces messieurs ; si je tardais,</Unicode></TextEquiv></TextLine><TextLine id="r_tl_35" custom="readingOrder {index:35;}"><Coords points="1300,2187 2135,2188 2133,2139 1298,2147"/><Baseline points="1307,2167 1352,2173 1397,2173 1442,2173 1487,2173 1531,2173 1576,2173 1621,2173 1666,2173 1711,2173 1755,2176 1800,2176 1845,2176 1890,2176 1935,2176 1979,2176 2024,2176 2069,2179 2114,2182 2138,2179"/><TextEquiv><Unicode>qu’ils aient l’obligeance de m’attendre. »</Unicode></TextEquiv></TextLine><TextLine id="r_tl_36" custom="readingOrder {index:36;}"><Coords points="1335,2237 2382,2245 2356,2182 1335,2193"/><Baseline points="1343,2224 1388,2224 1433,2227 1478,2227 1522,2227 1567,2227 1612,2227 1657,2227 1702,2227 1746,2230 1791,2230 1836,2227 1881,2227 1926,2230 1970,2230 2015,2230 2060,2233 2105,2233 2150,2233 2194,2233 2239,2236 2284,2236 2329,2236 2374,2236 2385,2236"/><TextEquiv><Unicode>Parmentier s'était éloigné depuis quelques instants</Unicode></TextEquiv></TextLine><TextLine id="r_tl_37" custom="readingOrder {index:37;}"><Coords points="1297,2294 2375,2310 2374,2248 1295,2245"/><Baseline points="1304,2278 1349,2281 1394,2281 1439,2281 1484,2281 1528,2281 1573,2281 1618,2281 1663,2281 1708,2281 1752,2281 1797,2284 1842,2284 1887,2284 1932,2284 1976,2284 2021,2287 2066,2287 2111,2287 2156,2287 2200,2287 2245,2290 2290,2290 2335,2290 2379,2293 2382,2290"/><TextEquiv><Unicode>déjà, lorsque sa sœur, restée rêveuse, fut tirée de</Unicode></TextEquiv></TextLine><TextLine id="r_tl_38" custom="readingOrder {index:38;}"><Coords points="1287,2339 2375,2350 2375,2310 2283,2295 1287,2296"/><Baseline points="1295,2332 1340,2335 1385,2335 1430,2335 1475,2332 1519,2332 1564,2335 1609,2335 1654,2335 1699,2335 1743,2335 1788,2335 1833,2335 1878,2338 1923,2338 1967,2338 2012,2338 2057,2341 2102,2341 2147,2341 2191,2341 2236,2341 2281,2341 2326,2344 2371,2341 2379,2341"/><TextEquiv><Unicode>ses pensées par l’arrivée, non de ceux que Par¬</Unicode></TextEquiv></TextLine><TextLine id="r_tl_39" custom="readingOrder {index:39;}"><Coords points="1287,2386 2382,2417 2382,2360 2334,2354 1287,2356"/><Baseline points="1295,2385 1340,2388 1385,2388 1430,2388 1475,2388 1519,2388 1564,2388 1609,2388 1654,2388 1699,2388 1743,2388 1788,2388 1833,2391 1878,2391 1923,2391 1967,2391 2012,2391 2057,2394 2102,2394 2147,2394 2191,2394 2236,2394 2281,2394 2326,2397 2371,2397 2385,2400"/><TextEquiv><Unicode>mentier lui avait annoncés, mais d'un étranger qui</Unicode></TextEquiv></TextLine><TextLine id="r_tl_40" custom="readingOrder {index:40;}"><Coords points="1287,2443 2375,2464 2374,2412 2299,2403 1287,2386"/><Baseline points="1295,2436 1340,2439 1385,2442 1430,2442 1475,2442 1519,2442 1564,2439 1609,2442 1654,2442 1699,2442 1743,2442 1788,2442 1833,2445 1878,2445 1923,2445 1967,2445 2012,2445 2057,2445 2102,2448 2147,2448 2191,2448 2236,2448 2281,2451 2326,2451 2371,2448 2379,2451"/><TextEquiv><Unicode>demandait son frère avec tant de vivacité et un ac¬</Unicode></TextEquiv></TextLine><TextLine id="r_tl_41" custom="readingOrder {index:41;}"><Coords points="1294,2505 2382,2512 2381,2473 2280,2457 1293,2465"/><Baseline points="1301,2493 1346,2493 1391,2493 1436,2496 1481,2496 1525,2496 1570,2496 1615,2496 1660,2496 1705,2496 1749,2496 1794,2499 1839,2499 1884,2499 1929,2499 1973,2499 2018,2499 2063,2502 2108,2502 2153,2502 2197,2502 2242,2502 2287,2502 2332,2505 2376,2505 2385,2505"/><TextEquiv><Unicode>cent si fort gascon, qu’elle n’hésita pas une minute</Unicode></TextEquiv></TextLine><TextLine id="r_tl_42" custom="readingOrder {index:42;}"><Coords points="1287,2567 2375,2563 2350,2509 1287,2502"/><Baseline points="1295,2547 1340,2550 1385,2547 1430,2547 1475,2550 1519,2550 1564,2547 1609,2550 1654,2550 1699,2550 1743,2550 1788,2550 1833,2553 1878,2553 1923,2553 1967,2553 2012,2553 2057,2556 2102,2556 2147,2556 2191,2556 2236,2556 2281,2556 2326,2556 2371,2556 2379,2559"/><TextEquiv><Unicode>à reconnaître en lui ce Cistac dont venait de lui parler</Unicode></TextEquiv></TextLine><TextLine id="r_tl_43" custom="readingOrder {index:43;}"><Coords points="1287,2617 2372,2616 2339,2562 1287,2567"/><Baseline points="1295,2597 1340,2600 1385,2600 1430,2600 1475,2600 1519,2603 1564,2600 1609,2603 1654,2603 1699,2603 1743,2606 1788,2603 1833,2606 1878,2606 1923,2606 1967,2606 2012,2606 2057,2606 2102,2606 2147,2606 2191,2606 2236,2609 2281,2609 2326,2609 2371,2609 2376,2606"/><TextEquiv><Unicode>son frère, et dont, au reste, il l'avait déjà entretenue</Unicode></TextEquiv></TextLine><TextLine id="r_tl_44" custom="readingOrder {index:44;}"><Coords points="1290,2679 1345,2660 1537,2660 1558,2670 1590,2660 1609,2670 1609,2618 1576,2607 1478,2625 1434,2612 1387,2627 1327,2613 1290,2625"/><Baseline points="1298,2651 1343,2654 1388,2651 1433,2654 1478,2654 1522,2654 1567,2654 1612,2657"/><TextEquiv><Unicode>plus d’une fois.</Unicode></TextEquiv></TextLine><TextLine id="r_tl_45" custom="readingOrder {index:45;}"><Coords points="1330,2707 2356,2715 2356,2654 1330,2678"/><Baseline points="1337,2702 1382,2705 1427,2705 1472,2705 1516,2705 1561,2708 1606,2705 1651,2708 1696,2708 1740,2708 1785,2711 1830,2711 1875,2711 1920,2711 1964,2711 2009,2711 2054,2711 2099,2711 2144,2711 2188,2711 2233,2714 2278,2714 2323,2714 2359,2711"/><TextEquiv><Unicode>« En effet, ze souis Cistac, fit le Gascon sur l’obser¬</Unicode></TextEquiv></TextLine><TextLine id="r_tl_46" custom="readingOrder {index:46;}"><Coords points="1290,2768 2372,2786 2371,2733 2270,2718 1290,2724"/><Baseline points="1298,2753 1343,2759 1388,2759 1433,2759 1478,2759 1522,2759 1567,2759 1612,2759 1657,2759 1702,2759 1746,2759 1791,2762 1836,2765 1881,2765 1926,2765 1970,2765 2015,2765 2060,2762 2105,2765 2150,2765 2194,2768 2239,2768 2284,2768 2329,2768 2374,2768 2376,2768"/><TextEquiv><Unicode>vation de mademoiselle Parmentier; vous ne vous</Unicode></TextEquiv></TextLine><TextLine id="r_tl_47" custom="readingOrder {index:47;}"><Coords points="1288,2823 2359,2823 2357,2779 2267,2769 1287,2776"/><Baseline points="1295,2812 1340,2812 1385,2812 1430,2812 1475,2815 1519,2812 1564,2812 1609,2815 1654,2815 1699,2815 1743,2815 1788,2815 1833,2815 1878,2815 1923,2818 1967,2815 2012,2815 2057,2818 2102,2818 2147,2818 2191,2818 2236,2818 2281,2818 2326,2821 2362,2818"/><TextEquiv><Unicode>trompel point, mademoiselle; Cistac, tout frais dé¬</Unicode></TextEquiv></TextLine><TextLine id="r_tl_48" custom="readingOrder {index:48;}"><Coords points="1286,2883 2371,2891 2361,2830 1286,2822"/><Baseline points="1293,2866 1337,2866 1382,2866 1427,2866 1472,2866 1516,2866 1561,2866 1606,2866 1651,2866 1696,2866 1740,2866 1785,2869 1830,2869 1875,2869 1920,2869 1964,2869 2009,2869 2054,2872 2099,2872 2144,2872 2188,2872 2233,2875 2278,2875 2323,2875 2368,2878 2374,2878"/><TextEquiv><Unicode>barqué de la ville d’Agen, célèbre par ses pruneaux</Unicode></TextEquiv></TextLine><TextLine id="r_tl_49" custom="readingOrder {index:49;}"><Coords points="1287,2932 1319,2925 1381,2943 1439,2927 1472,2941 1548,2928 1604,2945 1627,2925 1674,2930 1674,2887 1637,2878 1287,2887"/><Baseline points="1295,2917 1340,2920 1385,2923 1430,2920 1475,2920 1519,2920 1564,2920 1609,2920 1654,2920 1678,2920"/><TextEquiv><Unicode>et sa magistrature.</Unicode></TextEquiv></TextLine><TextLine id="r_tl_50" custom="readingOrder {index:50;}"><Coords points="1330,2972 2368,2988 2367,2924 1329,2934"/><Baseline points="1337,2971 1382,2971 1427,2974 1472,2974 1516,2974 1561,2974 1606,2974 1651,2974 1696,2974 1740,2977 1785,2974 1830,2977 1875,2977 1920,2977 1964,2977 2009,2980 2054,2980 2099,2983 2144,2983 2188,2983 2233,2983 2278,2983 2323,2983 2368,2983 2371,2983"/><TextEquiv><Unicode>— Ma foi, poursuivit-il, acceptant le siége que lui</Unicode></TextEquiv></TextLine><TextLine id="r_tl_51" custom="readingOrder {index:51;}"><Coords points="1287,3043 2331,3050 2364,2989 1286,2981"/><Baseline points="1295,3024 1340,3027 1385,3030 1430,3030 1475,3030 1519,3027 1564,3027 1609,3027 1654,3027 1699,3030 1743,3030 1788,3030 1833,3030 1878,3033 1923,3033 1967,3033 2012,3033 2057,3033 2102,3033 2147,3033 2191,3033 2236,3033 2281,3036 2326,3036 2368,3036"/><TextEquiv><Unicode>offrait Angélique, après avoir employé les six mois</Unicode></TextEquiv></TextLine><TextLine id="r_tl_52" custom="readingOrder {index:52;}"><Coords points="1287,3100 2361,3091 2350,3043 1287,3044"/><Baseline points="1295,3081 1340,3081 1385,3081 1430,3081 1475,3081 1519,3081 1564,3081 1609,3081 1654,3084 1699,3084 1743,3084 1788,3084 1833,3084 1878,3087 1923,3087 1967,3087 2012,3087 2057,3087 2102,3087 2147,3087 2191,3087 2236,3087 2281,3087 2326,3084 2365,3084"/><TextEquiv><Unicode>qui se sont écoulés depuis notre retour en France à</Unicode></TextEquiv></TextLine><TextLine id="r_tl_53" custom="readingOrder {index:53;}"><Coords points="1276,3142 2346,3145 2312,3093 1276,3104"/><Baseline points="1284,3135 1319,3138 1364,3135 1409,3135 1454,3135 1499,3135 1543,3135 1588,3138 1633,3135 1678,3138 1723,3138 1767,3141 1812,3138 1857,3138 1902,3141 1946,3141 1991,3141 2036,3141 2081,3141 2126,3141 2170,3138 2215,3138 2260,3135 2305,3135 2350,3132"/><TextEquiv><Unicode>me remettre des miasmes de la prison, de ces infà¬</Unicode></TextEquiv></TextLine><TextLine id="r_tl_54" custom="readingOrder {index:54;}"><Coords points="1283,3199 2353,3199 2353,3144 1283,3152"/><Baseline points="1290,3189 1325,3192 1370,3192 1415,3192 1460,3192 1505,3192 1549,3189 1594,3189 1639,3192 1684,3192 1728,3192 1773,3195 1818,3195 1863,3195 1908,3195 1952,3192 1997,3192 2042,3192 2087,3189 2132,3189 2176,3189 2221,3189 2266,3186 2311,3186 2356,3183"/><TextEquiv><Unicode>mes pommes de terre, de... Vous protestez contre le</Unicode></TextEquiv></TextLine><TextLine id="r_tl_55" custom="readingOrder {index:55;}"><Coords points="1276,3246 2356,3243 2324,3194 1277,3212"/><Baseline points="1284,3245 1328,3245 1373,3245 1418,3245 1463,3245 1508,3245 1552,3245 1597,3248 1642,3245 1687,3245 1731,3245 1776,3245 1821,3245 1866,3245 1911,3245 1955,3245 2000,3242 2045,3242 2090,3242 2135,3239 2179,3237 2224,3239 2269,3237 2314,3234 2359,3239"/><TextEquiv><Unicode>mot infâme? fit-il à un mouvement d’Angélique; je</Unicode></TextEquiv></TextLine><TextLine id="r_tl_56" custom="readingOrder {index:56;}"><Coords points="1286,3310 2345,3300 2354,3253 1287,3254"/><Baseline points="1293,3299 1325,3299 1370,3299 1415,3299 1460,3299 1505,3299 1549,3299 1594,3299 1639,3302 1684,3302 1728,3299 1773,3299 1818,3299 1863,3296 1908,3296 1952,3296 1997,3293 2042,3293 2087,3290 2132,3290 2176,3290 2221,3290 2266,3290 2311,3290 2356,3293"/><TextEquiv><Unicode>vois ce que c'est, Parmentier vous a convertie. Bien !</Unicode></TextEquiv></TextLine><TextLine id="r_tl_57" custom="readingOrder {index:57;}"><Coords points="1283,3377 2313,3359 2349,3294 1284,3308"/><Baseline points="1290,3359 1322,3353 1367,3356 1412,3356 1457,3356 1502,3356 1546,3353 1591,3353 1636,3353 1681,3350 1726,3350 1770,3350 1815,3350 1860,3350 1905,3347 1949,3347 1994,3344 2039,3344 2084,3341 2129,3341 2173,3341 2218,3341 2263,3341 2308,3341 2353,3341"/><TextEquiv><Unicode>je respecterai votre aveuglement. Donc, après m’être</Unicode></TextEquiv></TextLine><TextLine id="r_tl_58" custom="readingOrder {index:58;}"><Coords points="1276,3430 2349,3400 2349,3355 2202,3346 1277,3373"/><Baseline points="1284,3407 1322,3410 1367,3410 1412,3410 1457,3407 1502,3407 1546,3404 1591,3404 1636,3404 1681,3404 1726,3401 1770,3401 1815,3398 1860,3398 1905,3398 1949,3398 1994,3395 2039,3395 2084,3395 2129,3395 2173,3395 2218,3395 2263,3398 2308,3395 2353,3395"/><TextEquiv><Unicode>également débarrassé de tout ce qui, en moi, pou¬</Unicode></TextEquiv></TextLine><TextLine id="r_tl_59" custom="readingOrder {index:59;}"><Coords points="1286,3473 2341,3465 2350,3398 1286,3430"/><Baseline points="1293,3460 1322,3460 1367,3460 1412,3460 1457,3460 1502,3457 1546,3454 1591,3454 1636,3454 1681,3452 1726,3449 1770,3452 1815,3449 1860,3449 1905,3449 1949,3446 1994,3446 2039,3446 2084,3446 2129,3446 2173,3446 2218,3446 2263,3449 2308,3449 2353,3452"/><TextEquiv><Unicode>vait rappeler le garçon perruquier, car à Francfort,</Unicode></TextEquiv></TextLine><TextLine id="r_tl_60" custom="readingOrder {index:60;}"><Coords points="1279,3528 2343,3517 2354,3460 1279,3471"/><Baseline points="1287,3523 1325,3517 1370,3514 1415,3514 1460,3511 1505,3508 1549,3505 1594,3505 1639,3505 1684,3502 1728,3502 1773,3499 1818,3499 1863,3499 1908,3499 1952,3499 1997,3496 2042,3496 2087,3499 2132,3499 2176,3499 2221,3502 2266,3502 2311,3502 2356,3502"/><TextEquiv><Unicode>j'ai été garçon perruquier; c'est assez drôle, n'est-il</Unicode></TextEquiv></TextLine><TextLine id="r_tl_61" custom="readingOrder {index:61;}"><Coords points="1284,3586 2060,3550 2356,3578 2324,3509 1286,3536"/><Baseline points="1293,3571 1328,3568 1373,3565 1418,3562 1463,3562 1508,3559 1552,3559 1597,3556 1642,3556 1687,3556 1731,3553 1776,3553 1821,3550 1866,3550 1911,3550 1955,3553 2000,3550 2045,3550 2090,3553 2135,3553 2179,3556 2224,3556 2269,3556 2314,3559 2359,3562"/><TextEquiv><Unicode>pas vrai? un futur magistrat! Après avoir, en un</Unicode></TextEquiv></TextLine><TextLine id="r_tl_62" custom="readingOrder {index:62;}"><Coords points="1283,3629 2356,3621 2346,3575 2063,3553 1283,3592"/><Baseline points="1290,3622 1328,3622 1373,3619 1418,3616 1463,3613 1508,3610 1552,3610 1597,3610 1642,3607 1687,3607 1731,3607 1776,3604 1821,3604 1866,3604 1911,3604 1955,3604 2000,3604 2045,3604 2090,3607 2135,3607 2179,3610 2224,3610 2269,3610 2314,3613 2359,3616"/><TextEquiv><Unicode>mot, repris les allures qui conviennent au successeur</Unicode></TextEquiv></TextLine><TextLine id="r_tl_63" custom="readingOrder {index:63;}"><Coords points="1271,3679 2356,3673 2339,3625 2059,3608 1271,3633"/><Baseline points="1278,3672 1284,3672 1328,3672 1373,3670 1418,3667 1463,3664 1508,3664 1552,3661 1597,3661 1642,3658 1687,3658 1731,3658 1776,3661 1821,3658 1866,3658 1911,3658 1955,3658 2000,3658 2045,3661 2090,3661 2135,3664 2179,3664 2224,3667 2269,3667 2314,3667 2359,3670"/><TextEquiv><Unicode>désigné de mon père, je me suis dit ceci : monsû</Unicode></TextEquiv></TextLine><TextLine id="r_tl_64" custom="readingOrder {index:64;}"><Coords points="1283,3738 2356,3733 2356,3683 2083,3664 1283,3679"/><Baseline points="1290,3723 1334,3723 1379,3720 1424,3720 1469,3717 1513,3714 1558,3714 1603,3711 1648,3711 1693,3711 1737,3708 1782,3708 1827,3708 1872,3708 1917,3711 1961,3711 2006,3714 2051,3714 2096,3714 2141,3717 2185,3720 2230,3723 2275,3723 2320,3720 2359,3723"/><TextEquiv><Unicode>Cistac, est-ce que le cœur ne vous pousse pas un peu</Unicode></TextEquiv></TextLine><TextLine id="r_tl_65" custom="readingOrder {index:65;}"><Coords points="1283,3788 2353,3785 2353,3734 1283,3747"/><Baseline points="1290,3774 1325,3777 1370,3774 1415,3774 1460,3771 1505,3768 1549,3765 1594,3765 1639,3765 1684,3762 1728,3762 1773,3762 1818,3765 1863,3765 1908,3765 1952,3768 1997,3768 2042,3771 2087,3771 2132,3774 2176,3774 2221,3777 2266,3774 2311,3774 2356,3771"/><TextEquiv><Unicode>vers le septentrion? est-ce qu'à Paris vous n'avez pas</Unicode></TextEquiv></TextLine><TextLine id="r_tl_66" custom="readingOrder {index:66;}"><Coords points="1276,3861 1544,3824 2349,3831 2336,3783 1276,3785"/><Baseline points="1284,3831 1322,3831 1367,3828 1412,3825 1457,3825 1502,3822 1546,3822 1591,3819 1636,3819 1681,3819 1726,3819 1770,3819 1815,3819 1860,3819 1905,3822 1949,3822 1994,3825 2039,3825 2084,3828 2129,3828 2173,3828 2218,3828 2263,3825 2308,3822 2353,3825"/><TextEquiv><Unicode>un ami qu'il vous réjouirait de revoir et d'embrasser?</Unicode></TextEquiv></TextLine><TextEquiv><Unicode></Unicode></TextEquiv></TextRegion></Page></PcGts>