2897 4318
1240 210 1339 284 141
162 293 1245 363 aurait dit un cimetière. C’était une ruche alors, pleine
160 350 1253 419 de bourdonnements et même de chansons. Bien fol en
165 402 1256 462 effet eût été celui qui aurait cru les Kernevel sans
165 466 1248 529 tenanciers ou sans vassaux. Ils en avaient, et beau¬
172 513 1255 574 coup. Ces vassaux seulement étaient si pauvres que
169 570 1253 633 leurs seigneurs n’en pouvaient rien tirer que du res¬
177 637 1260 693 pect, et pour cultiver les terres du baron les paysans
172 679 1255 739 ne manquaient que de charrues. Ce jour-là, c’était le
165 731 1256 791 dimanche : tous les habitants du manoir s’étaient
177 784 1263 844 rendus, en une seule troupe, fidèle et recueillie, au
165 837 1256 895 service divin, dans le bourg le plus proche, car de¬
180 892 1249 956 puis vingt années le maître n’entretenait plus de cha-
177 949 1256 1011 pelle. Les braves gens étaient de retour à cette heure
165 1000 1251 1051 de midi. Ils avaient bien songé à passer sans jeûne le
172 1050 1255 1120 jour de fête et de sainte réjouissance. Mais désespé¬
177 1103 1260 1162 rant sans doute d’y parvenir, ils avaient pris le parti
175 1171 1255 1222 de tromper par quelques joies innocentes les légitimes
180 1211 1260 1278 désirs de leurs estomacs. Ils jouaient à la soule et ils
184 1267 1253 1328 chantaient... comme des cigales...... auraient-ils pu
184 1326 576 1381 imiter les fourmis ?
225 1358 1253 1424 On joue à la soule, en Bretagne, depuis Tonan Mé¬
177 1425 1253 1486 riades pour le moins, et nous avancerions volontiers
184 1478 1253 1538 que le grand roi lui-même fut l’inventeur du jeu na¬
180 1526 1260 1585 tional, aussi national vraiment que la bouillie de
177 1585 1251 1641 sarrasin. Mais la soule n’est point un jeu sans dan¬
190 1647 1260 1705 ger, lorsque l’amour-propre un peu rude des joueurs
184 1692 1251 1746 vient à s’aiguillonner, et souvent, pour une balle vail
187 1740 1263 1804 lamment conquise, il y a plus d’une tête cassée. De sa
192 1800 1257 1860 voix aussi douce à des oreilles de Bretons que le mur¬
185 1855 1256 1911 mure de la Letha, mademoiselle Marguerite de Ker¬
187 1907 1264 1976 nevel pria bientôt ses chers serviteurs de terminer la
195 1956 325 2024 partie.
233 1998 1255 2072 Mademoiselle de Kernevel était une blanche per¬
184 2066 1263 2123 sonne de dix-neuf ans, ce qui certes est un âge sans
190 2121 1263 2186 pareil. Elle avait des yeux brillants et doux, le pur
192 2172 1266 2231 miroir d’une belle âme apparemment. Ses cheveux
192 2226 1266 2294 châtain clair, si riches et si épais qu’elle n’en pouvait
195 2276 1264 2331 relever qu’une partie, encadraient son visage de la
195 2325 1261 2393 plus gracieuse façon du monde. Sa taille était élé¬
188 2392 1268 2453 gante : on ne pouvait lui reprocher peut-être qu’un
190 2444 1260 2500 peu d’embonpoint. Mais ce léger défaut charmait les
191 2501 1263 2560 yeux du chevalier, et puis Marguerite ne perdait rien
190 2545 1263 2605 à ressembler à la déesse Hébé plutôt qu’à une syl¬
191 2599 1261 2654 phide. Avec tout celà, d’ailleurs, elle laissait échapper
190 2651 1264 2707 d’elle-même comme un parfum de noblesse et de
183 2699 1263 2766 fine bonté; elle possédait enfin cette intime majesté
183 2756 1263 2826 du cœur, le plus rare des dons naturels. Telle qu’elle
191 2809 1256 2875 était alors, Marguerite devait passer pour fort belle.
191 2861 1148 2928 et je vous le dis en vérité, elle n’en savait rien.
230 2918 1263 2973 Ses paysans, qui l’adoraient, se turent aussitôt qu’elle
188 2963 1266 3040 eut parlé. Il y avait là, dans cette grande cour presque
199 3015 1263 3086 vide, quelques misérables tas de paille provenant de
190 3071 1267 3141 la dernière récolte : ils s’y assurent en silence, car le
199 3115 1266 3194 Bas-Breton converse peu; il crie, il chante, il s’agite
195 3169 1266 3246 ou il rumine. Les robustes mères prirent place sur le
190 3231 1267 3296 seuil de leurs portes et regardèrent jouer les pelits
202 3285 1263 3362 enfants. Auprès d’elles, le plus instruit de tous les
203 3330 1261 3413 hommes du canton, une sorte de bon sorcier, prit un
198 3382 1266 3463 livre de prières écrit en bas-breton : les pères alors se
200 3431 1266 3506 rapprochèrent, et tout le monde écouta pieusement
200 3490 1264 3572 la lecture. La demoiselle rentra dans la maison : et
191 3536 1264 3622 ce demi-silence, troublé seulement par le nasillement
190 3599 1266 3679 monotone du liseur malhabile, aurait pu durer ainsi
188 3649 1260 3734 jusqu’au coucher du soleil. Mais tout à coup, un
187 3709 1260 3780 marmot roux et trapu qui chevauchait sur le mur,
191 3754 1263 3855 poussa un grand cri. Hommes et femmes levèrent
1342 274 2421 382 les yeux d’un seul mouvement, et, par la grande
1343 355 2415 434 porte toujours ouverte, faute de battants, qu’aperçu¬
1345 419 2421 488 rent-ils? Deux étrangers, deux Français sans doute!...
1336 464 2422 541 Il y avait cinq ans au moins qu’on n’en avait vu à
1335 517 1531 586 Kernevel.
1376 554 2423 652 Le maître du manoir entra dans la cour avec ses
1342 616 2418 705 deux hôtes. Le premier procureur ou le clerc mar¬
1342 672 2425 749 chait sur ses pas. Le second le suivait à quelque dis¬
1345 742 2421 805 tance en examinant les lieux. Or, le bon chevalier
1341 788 2432 850 avait, en cet instant, la mine rébarbative, ce qui ne
1342 837 2432 904 lui était point arrivé depuis le dernier accroc qu’il
1346 907 2426 957 avail fait à son manteau rouge, six ou huit mois au¬
1349 948 2423 1021 paravant. Sa pensée se trouvait être en effet fort com¬
1357 1015 2427 1073 plexe : «Mon frère est mort, se disait-il en soupirant.
1349 1061 2433 1126 Mais pourquoi le second procureur a-t-il des culottes
1343 1111 2430 1178 de satin bleu? » L’œil de loup-cervier de celui des
1349 1174 2426 1231 vassaux qui savait lire reconnut des hommes de loi
1342 1216 2421 1290 dans les deux étrangers ; il le dit à voix basse autour
1342 1281 2421 1336 de lui. Tous les paysans inquiets se leverent et le pre¬
1347 1319 2432 1395 mier procureur, qui venait de prendre le devant, recula
1347 1377 2418 1441 de peur en apercevant une rangée de visages basanés
1350 1433 2421 1496 qui lui montraient les dents. Son compagnon, au con¬
1350 1495 2430 1563 traire, s’arrêta complaisamment devant la troupe sau¬
1347 1536 2426 1600 vage ; il se mit à sourire. Le souriere est chose com¬
1346 1601 2433 1669 municative : ces bonnes gens s’étaient déridés déjà,
1350 1649 2430 1728 lorsque le baron de Kernevel, sortant de sa rêverie,
1345 1706 2434 1767 rappela ce personnage singulier, qui semblait mener
1342 1757 2433 1817 si galamment la procédure, ce procureur qui portait
1347 1817 2437 1871 un gentilhomme sous la doublure de sa robe noire et
1350 1872 2433 1941 qui, dans ce moment même, tout en examinant en
1350 1920 2425 1983 connaisseur les vassaux du baron, s’occupait à sau-
1350 1962 2436 2065 poudrer de fin tabac d’Espagne son solennel et vilain
1342 2020 1474 2078 rabat.
1390 2057 2426 2137 M. de Kernevel introduisit lui-même les deux étran¬
1353 2141 2418 2204 gers dans une salle basse, en les avertissant qu’il y
1349 2194 2436 2261 avait eu autrefois des marches pour y descendre, et
1357 2243 2427 2302 qu’alors on n’y trébuchait point sur le seuil. Cette
1353 2295 2426 2359 pièce, grande et froide d’aspect, était en outre pres¬
1356 2354 2436 2423 que nue. Il n’y avait aucun autre meuble que des
1357 2407 2430 2456 chaises, une table de bois couverte d’un mauvais ta¬
1358 2445 2436 2520 pis, et d’immenses chenets dans la cheminée. Le plus
1353 2508 2437 2579 vieux des procureurs se retourna vers son compagnon
1347 2567 2425 2627 et lui fit une moue significative ; mais les yeux de
1347 2609 2426 2678 celui-ci avaient déjà trouvé à s’employer beaucoup
1350 2667 2434 2723 mieux qu’à inventorier le mobilier de l’appartement.
1357 2710 2418 2785 Car la nouvelle habitante de cette demeure qu’il y
1347 2771 2426 2838 rencontra lui sembla du premier coup quelque chose
1346 2822 2426 2894 de bien différent de ce qu’il y avait vu jusque-là. Lors-
1347 2876 2433 2939 qu’ils étaient entrés, elle avait souri silencieusement
1349 2923 2433 3002 à son oncle; son regard étant alors tombé sur le jeune
1350 2983 2427 3052 homme, d’un geste rapide elle arrangea son voile de
1353 3033 2422 3094 façon à le ramener à moitié sur son visage; sa taille res¬
1347 3094 2430 3157 sortait gracieusement en dépit du corset mesquin qui
1345 3137 2418 3214 l’emprisonnait, et sa robe était trop courte pour ca¬
1353 3203 2426 3251 cher deux pieds mignons qu’elle avait appuyés sur la
1347 3242 2423 3304 barre de la table. Elle ne voulait décidément ni lever
1350 3295 2423 3358 les yeux, ni parler. Les deux hommes de loi se tai¬
1350 3356 2421 3427 saient de même ; le chevalier, épuisé par sa course et
1360 3392 2426 3476 par son émotion, s’était laissé tomber lourdement sur
1357 3457 1582 3527 une chaise.
1394 3484 2426 3602 « Mon pauvre frère! murmurait-il... mais pourquoi
1347 3550 1855 3632 ce jeune procureur? »
1402 3598 2417 3688 Le jeune homme qui préoccupait si fort le bon sci¬
1349 3658 2423 3731 gneur, commençait aussi à embarrasser étrangement
1351 3726 2426 3788 Marguerite. Elle n’avait pu s’empêcher de prendre à
1353 3773 2417 3864 travers son voile quelque connaissance de sa per¬
