2822 3966
1563 54 1658 154 180
487 159 1561 230 ses héquilles, et, quittant le dos du chien, au lieu
487 222 1564 272 d'attendre comme à l'ordinaire, en s'aidant de la table
486 268 1553 340 ou du mur, que Miquelon lui rendît un appui indis¬
496 325 1564 392 pensable, il lui suffit de l'autre béquille pour aller ra¬
496 377 1563 434 masser elle-même celle que le chien tenait déjà entre
496 419 1557 491 ses pattes et roulait de notre côté. L'aïeule fit un geste
492 484 1563 539 d'étonnement auquel je répondis des yeux. Emilienne
496 518 1550 604 revint s’asseoir près du foyer sans faire aucune ob¬
494 585 1565 649 servation sur ce qu'elle venait de marcher pour la
503 635 1557 714 première fois avec une seule béquille. Avant de sor¬
492 681 1561 767 tir, je serrai les mains de la grand’mère entre les
494 758 687 817 miennes.
536 790 1557 864 « Je reviendrai demain, lui dis-je; je reviendrai
487 846 1553 918 tous les jours jusqu’à la première communion d’Emi¬
496 906 673 975 tienne ».
529 942 1561 1008 Et mon cœur battait vite! Je ne saurais peindre
481 1005 1015 1077 l’émotion que j’Éprouvais.
529 1053 1561 1121 Le lendemain et les jours suivants, la même scène
481 1119 1561 1174 se renouvela : il vint un moment où je ne pus me
487 1170 900 1232 contenir d’avantage.
529 1221 1556 1280 « Emilienne, je sais tout! ô mon enfant, voyez
487 1272 1557 1329 donc, en laissant ici une de vos béquilles, jusqu’où
487 1321 1563 1391 vous pourriez aller dans la rue : je vous suivrai; je
484 1382 1269 1433 serai là si vous avez besoin d'une aide.
533 1424 1553 1491 » — J’irai ju- qu’à la chapelle des Carmes, dit l’en¬
487 1474 1553 1545 fant avec une assurance incroyable. Demain, je n’au¬
484 1545 1319 1595 rai même plus besoin de l'autre béquille.
533 1595 1549 1654 »— Voyons ! dit la grand'mère toute pâle d’anxiété.»
533 1647 1459 1695 Et moi je répétai aussi : « Voyons! voyons! »
524 1690 1557 1761 L’épreuve commença : Emilienne prit le devant et
476 1741 1556 1813 je la suivis avec la grand’mère. Je ne sais si quelqu’un
476 1791 1557 1848 s’étonna de me voir dans les rues en compagnie de la
484 1866 1554 1916 pauvre vieille. Les passants ne m’importaient guère;
479 1909 1554 1973 j’avais autre chose en tête qu’un sot organeil. Je ne
484 1950 1561 2018 voyais rien que l'enfant qui marchait devant nous, et
484 2014 1561 2074 qui, de temps en temps, se retournait vers son aïeule
476 2059 1552 2115 et moi avec l'expression d'une joie triomphante. Nous
476 2113 1556 2169 arrivâmes ainsi à la chapelle et nous allâmes nous
484 2166 1552 2236 prosterner ensemble devant Notre-Dame de Bon-Se¬
481 2222 1554 2278 cours. Comme je priai du fond de mon cœur! La
484 2274 1552 2331 Brélivet, le front collé sur les dalles, sanglotait sans
484 2326 1092 2394 pouvoir prononcer une parole.
518 2368 1545 2434 Le lendemain était le jour tant désiré. La cérémo¬
476 2438 1549 2489 nie avait lieu à l’église paroissiale, beaucoup plus éloi¬
479 2483 1559 2550 gnée de la maison de la paralytique que ne l'était la
487 2539 1561 2589 chapelle des Carmes, et pourtant tout se passa comme
481 2589 1561 2653 Emilienne l'avait dit. L'enfant n'eut d'autre appui
481 2647 1561 2712 que le bras de sa grand mère pour aller à l’église
480 2686 1552 2754 Saint-Louis et pour en revenir. Les voisines se te¬
481 2753 1554 2810 naient aux fenêtres ou suivaient 1. petite fille avec des
481 2802 1552 2868 exclamations naïves. Miquelon seul paraissait inquiet
469 2863 1552 2916 au départ et ne voulait pas laisser l’enfant s'éloigner
469 2910 1552 2972 sans les béquilles qui l'avaient aidée jusque-là;
469 2959 1563 3016 il bondissait en traçant mille cercles autour de sa
469 3012 1552 3075 jeune maîtresse, mordait le bas du jupon de la Brélivet,
479 3068 1554 3132 et s'obstinait à les ramener toutes deux au logis pour
486 3120 1549 3184 y prendre ce qui lui semblait nécessaire. Il fallut ren¬
475 3167 1548 3231 fermer le prudent Miquelon. Pour moi, j'étais comme
479 3229 1559 3282 ivre d'allégresses; et, le soir même, dans une lettre
476 3280 1542 3342 toute p eine du bonheur que je ressentais, je racon¬
484 3342 1561 3399 tai à ma famille l'heureux événement dont je venais
481 3376 763 3453 d’être témoin.
525 3438 1559 3528 N'avez-vous jamais fait une remarque à propos de
479 3497 1557 3566 toutes les correspondances? Un jour, une lettre d'ami
476 3556 1550 3620 nous annonce une heureuse nouvelle; nous répon¬
476 3605 1556 3696 dons avec gaieté, et voilà, que lorsque nos félicita¬
1640 137 2710 220 tions arrivent, un accident est survenu, et ce sont des
1643 207 2710 271 consolations qu'il faudrait offrir. Un intervalle de
1643 250 2710 329 quelques heures suffit pour changer entièrement les
1643 305 2713 382 situations et faire autant de paroles pénibles de nos
1643 364 2710 424 discours les plus enjoués, les mieux en rapport avec
1639 419 2708 479 les idées exprimées dans la lettre à laquelle nous ve¬
1640 472 2710 540 nons de répondre. Je devais reconnaître une fois de
1640 521 2708 581 plus cette triste vérité, quand une de mes sœurs
1647 571 2710 634 m'écrivit la semaine suivante pour me demander des
1643 624 2603 684 explications sur la guéison subite d’Emilienne.
1689 683 2708 741 En effet, le lendemain de la communion, la petite
1640 737 2708 804 fille était Revenue très-fatiguée de la messe d'actions
1643 789 2705 843 de grâces et il lui avait fallu se mettre au lit. La fati¬
1643 839 2702 904 gue se dissipa dans la nuit, mais lorsque l’enfant vou¬
1643 891 2710 953 lut retourner à l'école, impossible de faire dix pas
1643 953 2710 1004 sans s'aider au moins d'une béquille. Cela dura trois
1635 994 2701 1064 jours; puis, la faiblesse augmenta, redevint ce qu’elle
1640 1049 2686 1108 était auparavant et l’autre béquille fut reprise. —
1635 1107 2708 1167 Emilienne pleura beaucoup; la grand'mère ne se
1635 1157 2715 1220 montra pas moins affligée, mais elle l’était surtout de
1637 1209 2710 1277 la crainte qu'elle avait de voir la foi d’Emilienne
1628 1261 2195 1326 ébranlée par cette rechute.
1677 1312 2713 1372 Je venais de recevoir un ordre d’embarquement, et
1640 1370 2706 1442 je me préparais à un voyage qui devait durer qua¬
1635 1432 2701 1480 torze mois. La Brélivet m'avoua qu'elle n’osait inter¬
1628 1474 2708 1534 roger la paralytique sur les sentiments qu'elle désirait
1637 1529 2710 1587 le plus connaître; et, cédant aux instances de la bonne
1637 1584 2710 1648 femme, je promis de faire parler Emilienne. Cette
1632 1644 2713 1692 mission me coûtait à remplir. J'ai vu des hommes
1636 1685 2705 1749 qui se croient de sages moralistes, des modèles de
1635 1739 2705 1799 courage et de fermeté parce qu'ils prennent brave¬
1635 1801 2708 1852 ment leur parti de tous les malheurs qui frappent le
1635 1844 2710 1907 prochain sans les atteindre; mais je ne suis pas de ces
1640 1904 2713 1953 hommes et je ne me sens à l’aise que pour consoler
1640 1950 2710 2005 des chagrins dont je souffre moi-même ou dont j’ai
1635 2001 2715 2055 souflert. Ce fut donc avec un embarras véritable
1635 2052 2715 2109 qu’après avoir remis à l'enfant un présent que lui
1635 2119 2710 2160 envoyait ma sœur, j’allai m’asseoir devant elle, de
1632 2165 2713 2228 l'autre côté du foyer. Une de ses petites béquilles était
1637 2210 2701 2275 sous son bras, l'autre à ses pieds, et je ne pouvais y
1632 2274 2716 2338 arrêter les yeux sans me sentir le cœur gros et bien
1633 2320 1971 2391 près des larmes.
1677 2372 2705 2436 Ne sachant comment m’y prendre, j’allai directe¬
1635 2430 1914 2492 ment au fait.
1685 2474 2717 2536 « Emilienne, demandai-je d'une voix tremblante,
1637 2530 2713 2589 avez-vous prié Notre-Dame de Bon-Secours depuis la
1635 2581 2214 2644 messe d'actions de grâces? »
1674 2644 2710 2693 L'enfant mit sa tète sur ses genoux et sanglota
1637 2691 2701 2753 quelques instants avant de pouvoir répondre. Pour¬
1643 2749 2720 2807 quoi me ferais-je plus maître de moi-même que je ne
1635 2796 2716 2859 le suis réellement. J’avais pris une des mains de la
1635 2859 2445 2919 petite fille et je l'arrosai de mes pleurs.
1685 2902 2710 2959 La pauvre Emilienne vit mon chagrin et trouva
1635 2957 2715 3021 dans son bon cœur plus de courage que je n'en avais.
1677 3011 2716 3072 « J'ai pleuré aujourd’hui pour la dernière fois,
1635 3064 2721 3113 dit-elle, car je ne veux affliger ni vous ni ma bonne
1637 3113 1889 3182 grand'mère.
1677 3165 2716 3231 » — Le moyen de ne pas affliger votre grand'mère,
1635 3234 2716 3294 repris-je, c'est de prier toujours la Sainte-Vierge avec
1643 3279 2716 3358 confiance et de ne pas marmurer contre les desseins
1635 3335 1866 3407 de Dieu. »
1682 3382 2721 3456 J'allais continuer, mais je m'arrêtai court devant le
1635 3442 2508 3512 regard étonné que me jeta la paralytique.
1689 3495 2719 3573 « Murmurer ! dit-elle; prier avec moins de con¬
1640 3544 2723 3615 fiance ! oh! non, je ne ferai jamais cela, bien que j'aie
1636 3611 2229 3695 commis une grande faute. »
