2822 3966
1571 64 1681 149 114
506 126 1555 228 L'enfant ne s’éveillait pas, et la mère n’était point re¬
511 223 648 278 venue.
562 240 1568 321 « Que faire? se demanda Antoine, décidé à attendre
506 319 1573 386 toute la nuit s’il le fallait, mais craignant bien que ce
507 365 1569 429 ne fût inutile. Il avait peur aussi que l’enfant ne
508 416 1567 480 s’éveillât et ne prît épouvante en ne trouvant point
508 463 1559 532 sa mère auprès d’elle. Une idée lui traversa subi-
520 516 1569 583 tement l’esprit. — Je suis seul en ce monde, se
520 585 1563 641 dit-il, bien que j’aie une famille. Je me trouve
511 616 1571 696 condamné à la solitude, et je n’ai précisément pas
511 691 1565 752 ce que j’aimerais le plus, un être qui au retour
518 751 1556 802 m’accueille avec joie et pour l’amour de qui je tra-
520 795 1569 846 vaille. Qui sait si Dieu n’a pas voulu me prendre en
511 837 1563 903 pitié en mettant sur mon passage ce petit être faible
518 899 1556 947 qui a besoin d’être secouru, et si la bonne action que
503 943 1561 1001 je puis faire en faveur de cet enfant abandonné ne me
503 986 1549 1046 sera pas largement payée par la tendresse et la re-
503 1037 830 1103 connaissance? »
535 1082 1555 1147 Il songea à sa mère, qui l’avait tant aimé; il son¬
503 1141 1564 1199 gea à ses sœurs Dorothée et Charlotte; et, prenant
500 1195 1555 1251 le berceau sous son bras, avec autant de précaution
503 1247 1542 1302 que s’il eût eu l’habitude des fonctions de la pater-
500 1304 1542 1369 nité, il l’emporta en toute hâte. Les bornes de ce ré¬
494 1355 1552 1408 cit ne nous permettent pas d’énumérer les excla¬
495 1403 1552 1467 mations, les si, les mais de dame Geneviève qui se
492 1454 1552 1529 lamentait d’avoir à remplir avec un gobelet de lait le
496 1513 1552 1567 métier de nourrice, ni les éloges qu’elle faisait de la
490 1568 1545 1619 charmante figure et de la gentillesse de l’enfant. Au
494 1612 1549 1669 demeurant, dame Geneviève finit par s’habituer à sa
491 1666 1545 1713 charge nouvelle et même par en être tellement satis¬
487 1711 1546 1778 faite, qu’elle ne se lassait pas de s’extasier sur l’enfant
491 1769 1545 1828 et eût voulu se persuader à elle-même que c’était sa
488 1821 1537 1875 propre fille. Pour donner un nom à la petite on cher-
490 1874 1545 1934 cha sur l’almanach la sainte du jour où elle avait été
483 1927 1471 1980 recueillie, on trouva au 10 juillet Sainte Félicité.
520 1973 1546 2037 En conséquence, la petite fut appelée Félicité; et
482 2020 1541 2086 comme si le bonheur entrait dans la maison avec
480 2074 1540 2138 mademoiselle Félicité, de ce jour le peintre sentit
482 2125 860 2188 doubler son talent.
528 2176 1532 2249 « Je suis tranquille en vous quittant, lui dit Jean de
479 2226 1532 2304 Troy qui se rendait à Rome, où il mourut en 1751 ;
475 2284 1541 2355 vous êtes à présent un artiste consommé, et je vous
469 2350 1534 2412 certifie que vous tiendrez votre place à l’Académie
467 2383 897 2452 royale de peinture.»
1703 135 2701 231 « Attendez-moi, je vous prie, seigneur chevalier.
1651 211 2701 298 lui dit courtoisement le capitaine, il signor Luggipardo,
1651 259 2699 338 qui durant toute la traversée lui avait témoigné beau¬
1651 315 2699 389 coup d’égards. Je veux avoir l’honneur de vous con-
1654 365 2708 444 duire moi-même au palais de Son Excellence le
1660 418 2712 500 Grand-Maître; et sitôt que j’en aurai fini avec les
1647 469 2198 538 derniers ordres à donner...
1687 526 2707 606 — C’est bien, dit le chevalier. Avec mes crayons et
1647 585 2707 659 mon calepin j’ai toujours de quoi m’occuper. Vous
1643 621 2241 684 me trouverez à cette place. »
1687 692 2707 754 Il montra un bloc de bois sur lequel il s’assit pour
1646 727 2701 803 dessiner quelques-unes de ces figures de Maltais et de
1643 790 2707 864 Maltaises si vives, si colorées, si originales avec leurs
1643 842 2705 901 chapeaux en cône, leurs vestes bariolées, leur coiffes
1648 897 2689 958 plates et leurs jupes d’un ton éclatant. Du ciel bru¬
1640 943 2696 999 meux sons lequel il avait vécu, il se trouvait trans¬
1646 997 2696 1056 porté au sein d’une atmosphère lumineuse et embra¬
1642 1050 2700 1119 sée, et rien de ce qu’il voyait maintenant, visages,
1643 1100 2703 1164 costumes, pays, rien ne ressemblait à ce qu’il avait
1647 1145 2693 1227 toujours vu. C’était l’avant-goût de l‘Orient. Tout en¬
1642 1210 2705 1270 tier à son œuvre, l’étranger ne remarquait pas que
1642 1251 2689 1326 deux ou trois fois une jeune femme, couverte d’une
1640 1314 2695 1379 mante à l’espagnole et suivie d’une négresse qui te¬
1643 1368 2688 1427 nait dans ses bras un petit garçon, avait passé der¬
1638 1415 2695 1478 rière lui et s’était arrêtée en s‘abritant sous son large
1640 1459 2700 1526 parasol de soie blanche. L’artiste ne se retourna qu’à
1639 1521 2699 1588 un cri joyeux poussé par le petit garçon. Apercevant
1627 1584 2696 1635 alors la mère, en qui tout dénotait une femme de
1638 1622 2689 1686 qualité, il se leva et la salua avec empressement, tan¬
1630 1683 2696 1748 dis que la dame rougissait d’être surprise en flagrant
1638 1722 1992 1788 délit de curiosité.
1671 1774 2691 1842 Le capitaine avait rejoint l’étranger et l‘emmena en
1630 1824 1860 1909 lui disant :
1670 1867 2695 1954 « Vous ne vous doutez pas, monsieur, du nom et
1628 1935 2687 2008 du rang de la personne qui vient d’échanger un salut
1623 2004 2692 2067 avec vous. C’est dona Carmen de Herrera. Son mari,
1628 2045 2689 2106 général espagnol, est mort dans l’île de Malte, et dona
1622 2092 2695 2163 Carmen a voulu y rester pour ne pas s’éloigner du
1623 2143 2682 2210 mausolée de marbre qu’elle a fait élever dans une de
1615 2186 2689 2267 nos églises. Cette jeune veuve est très-adonnée aux
1615 2237 1941 2308 bonnes œuvres.
1689 2291 2682 2371 — Il est donc dans la destinée humaine, dit l’étran¬
1620 2359 2682 2433 ger, que la plupart de ceux qui s’aiment soient sépa¬
1620 2409 1945 2465 rés ici-bas!...»
1664 2442 2682 2524 Puis il garda tristement le silence jusqu’à ce qu’il
1612 2520 2673 2582 fût arrivé au palais du Grand-Maître. Là, en présence
1620 2563 2681 2628 du chapitre assemblé, il fut reçu chevalier de justice,
1616 2622 2681 2688 conformément à son ancienne noblesse, et, mettant
1611 2672 2673 2752 ses mains sur le missel, il fit sa profession en ces
1614 2713 1788 2783 termes :
1652 2814 2674 2865 « Je, Antoine de Favray, fais vœu et promesse à
1608 2862 2658 2920 » Dieu Tout-Puissant et à la bienheureuse Sainte-
1604 2912 2666 2979 » Marie toujours vierge, mère de Dieu, et à Saint¬
1601 2970 2673 3022 » Jean-Baptiste, de rendre dorénavant, moyennant la
1600 3027 2677 3084 » grâce de Dieu, une vraie obéissance au supérieur
1599 3074 2662 3126 » qu’il lui plaira de me donner et sera choisi par no-
1597 3124 2670 3194 » tre religion, de vivre sans propre et de garder la
1599 3165 1874 3244 » chasteté. »
1639 3236 2448 3326 Le frère servant qui l’assistait répondit :
1640 3338 2652 3385 « Nous vous reconnaissons pour serviteur de mes-
1601 3384 2648 3446 » sieurs les pauvres malades, et consacré à la dé-
1595 3434 2233 3511 » fense de l’église catholique. »
1640 3493 2648 3581 Oui, c’était Antoine de Favray, à la fois chevalier
1596 3558 2654 3658 de Malte et peintre; Antoine de Favray, qu’un ordre
959 2487 1035 2554 III
510 2590 1529 2660 Un vaisseau parti de Marseille allait, après avoir
472 2642 1529 2712 doublé la Sicile, atteindre l’ile de Malte et toucher au
471 2701 1520 2764 port de La Vallette, capitale moderne de cette île. Déjà
464 2763 1520 2821 apparaissaient, se découpant sur un ciel toujours pur
464 2805 1524 2874 et ardent, les dômes, les coupoles, les Tours des églises,
464 2865 1525 2923 celles de Saint-Jean surtout, qui renfermait avec fierté
457 2904 1524 2971 les tombeaux des chevaliers les plus célèbres, ces nobles
459 2961 1525 3034 défenseurs de la Croix, et était décorée des dépouilles
452 3016 1526 3080 arrachées aux Musulmans. Le vaisseau entra dans le
457 3067 1517 3137 grand port, et bientôt ses passagers eurent mis pied
457 3109 612 3173 à terre.
494 3168 1517 3235 Sur le pont s’était établi un homme au visage noble
457 3227 1510 3290 et plein de dignité. Cet homme était rêveur et prome¬
453 3266 1518 3354 nait son regard autour de lui avec une expression qui
444 3320 1517 3397 ne ressemblait en rien à l’impatiente curiosité des
457 3372 1516 3450 voyageurs ordinaires. Quand il dut descendre, il
444 3430 1509 3519 tourna lentement la tête en arrière, comme pour en¬
445 3468 1509 3569 voyer un dernier regret à la France, puis il suivit ses
447 3521 912 3608 compagnons de voyage.
