2840 4318
1193 178 1278 276 69
93 276 1207 358 elle traduit, en quelque sorte, dans le rude idiome
93 361 1211 406 des trouvères, amolli, civilisé par ses soins, les
96 400 1210 471 rhythmes élégants et sonores, les fantaisies plus
96 460 1196 521 musicales que poétiques des troubadours méridio¬
96 512 224 580 naux.
141 570 1210 631 Ouvrons, à présent, le recueil des chansons du roi
96 626 1194 686 de Navarre, et puissions-nous y glaner avec bon-
93 679 233 757 heur!
141 733 1203 799 Sa plus grande joie, nous apprend-il tout d’abord,
102 786 1206 847 est de penser à sa dame, de la contempler, malgré
93 838 1201 898 l’absence, avec les yeux du cœur. L’expression est de
106 900 684 974 lui, comme vous allez voir :
201 1005 861 1063 Douce dame, tout autre pensement,
205 1061 1048 1115 Quand pense à vous, oublie en mon courage ;
205 1111 977 1165 Dès que vous vis des yeux premièrement,
201 1161 931 1207 Jamais Amour de moi ne fut sauvage :
208 1172 1211 1275 Ainçois (au contraire) m’a plus travaillé que devant.
208 1249 984 1302 Pour ce, vois bien que guérison n’attend
357 1296 826 1363 Qui m’assoage (soulage),
272 1331 925 1408 Fors seul de vous mirer (regarder)
237 1404 772 1462 Des yeux du cœur en penser.
153 1502 1211 1564 S’il chante, c’est pour dissiper son ennui. Jason
117 1560 1207 1618 lui-même n’a pas tant souffert à la recherche de la
117 1613 355 1682 toison d’or :
269 1705 1182 1781 Pour conforter ma pesance (l’ennui qui me pèse)
357 1767 603 1829 Fais un son ;
276 1813 787 1889 Bon sera, s’il m’en avance :
357 1869 559 1930 Car Jason,
279 1908 761 1979 Cil qui conquist la toison,
282 1964 780 2039 N’eut si griève pénitence !
159 2047 1224 2155 A tout, en ce monde, il préfère un regard de sa
117 2125 269 2201 dame :
279 2220 814 2298 Madame a tell’ connaissance,
362 2277 598 2337 Tell'raison,
279 2326 782 2389 Que j’y ai mis ma fiance...
272 2382 831 2454 Mieux aim’ que nul autre don
279 2427 782 2499 Un regard qu’elle me lance.
159 2496 1210 2588 Se rappeler sa douce image, prononcer son nom,
123 2583 1218 2640 c’est bien plus pour lui que de posséder même le
112 2630 1214 2694 royaume de France. Et pourtant, on a dit que c’était
112 2690 1148 2764 le plus beau de tous, après le royaume des cieux!
272 2782 821 2853 Mieux aime sa remembrance,
361 2846 647 2905 Son doux nom,
279 2886 793 2951 Que le royaume de France,
357 2945 634 3004 Mort-Mahom!
166 3038 1218 3105 Mort-Måhom! Traduisez : Par la mort de Mahomet!
123 3091 1211 3154 Mahomet était la bête noire de nos pieux ancêtres, et
127 3146 1208 3217 le juron ci-dessus revient fréquemment sous la plume
123 3204 675 3278 des auteurs du moyen âge.
166 3247 1206 3310 L’ingratitude de celle qu’il aime ferait mourir Thi-
123 3310 1211 3374 baut; mais l’espérance que tant de rigueurs finiront
130 3362 1203 3430 peut-être un jour, le soutient au milieu de ses péni-
117 3413 436 3491 bles épreuves :
208 3489 807 3581 Garir me faut, ou mourir..........
205 3560 978 3638 Et ce mien mal dont je n’ose me plaindre,
199 3617 1030 3688 Est au-dessus de toute poesté (1) (puissance).
208 3675 1051 3730 Mourir en veuil ; mais quand me vient devant
166 3819 552 3887 (1) Du latin potestas.
1377 289 2085 379 L’espérance de la grand’joie atteindre,
1376 340 1950 417 Lors me conforte.
1334 442 2385 525 Il faut absolument qu’il fasse encore une chanson
1299 503 2387 592 pour se consoler,— ce qui ne veut pas dire que cette
1296 560 2375 633 unique chanson ne sera point suivie de plusieurs au¬
1293 619 2383 693 tres, de beaucoup d’autres. On sait ce que c’est qu’une
1299 668 2382 730 promesse de poète! — Lorsqu’il ne chante point, en
1291 722 2390 785 effet, les innombrables chagrins que sa dame lui
1291 768 2392 840 cause le forcent incontinent de répandre des larmes...
1293 822 2390 913 et mieux vaut chanter que pleurer, la chose est évi¬
1286 879 1443 962 dente:
1437 963 1901 1045 Une chanson encor veuil
1437 1030 1935 1097 Faire, pour moi conforter :
1437 1083 1948 1139 Pour celle dont je me deuil
1444 1132 1986 1186 Veuil mon chant renouveler.
1437 1175 2149 1243 Pour ce, ai talent (envie) de chanter;
1437 1232 2039 1285 Car quand je ne chant’, mi ceil
1450 1281 1975 1358 Tournent souvent en plorer.
1440 1373 2006 1437 Simple et franche sans orgueil
1437 1429 2120 1497 Cuidai (je pensai) ma dame trover;
1437 1482 1972 1544 Moult me fut de bel accueil,
1437 1532 2139 1590 Mais ce fut pour moi grever (peiner).
1440 1587 2079 1639 Si (tellement) sont à li mi penser,
1450 1633 2047 1696 Que la nuit, dans mon sommeil,
1450 1679 1928 1762 Va mon cœur merci crier.
1447 1756 1937 1847 En dormant et en veillant,
1444 1824 1935 1904 Est mon cœur tojors à li;
1444 1875 1851 1941 Et li prie doucement,
1444 1916 1969 2000 Comme à sa dame, merci...
1444 1992 1877 2084 Hélas ! s’il ne li sovient
1444 2046 2039 2144 De moi, mort suis sans faillir...
1447 2137 1969 2238 Chanson, dis-lui sans mentir
1452 2216 2036 2273 Qu’un regard le cœur me tient,
1447 2262 1950 2351 Que lui vis faire au partir.
1348 2344 2400 2438 Deux ou trois pages plus loin, Thibaut veut imiter
1298 2428 2393 2495 le rossignol et mourir en chantant. On prétendait au-
1299 2477 2400 2542 trefois qu’un rossignol, dont un habile musicien par¬
1309 2538 2407 2601 venait à imiter les modulations, s’animait si fort pour
1299 2588 2401 2648 soutenir cette lutte musicale, qu’il finissait par se
1296 2638 2397 2701 rompre un vaisseau et tomber mort aux pieds de son
1306 2701 1528 2782 vainqueur.
1447 2774 1902 2850 Le rossignol chante tant,
1444 2827 2337 2921 Que mort chet (il tombe) de l’arbre jus (en bas);
1444 2893 2197 2958 Si belle mort ne vit nus (nul, personne),
1447 2935 1930 3002 Tant douce ne si plaisant.
1401 2987 2152 3047 Ainsi je meurs, en chantant à haut cri ;
1401 3040 2057 3098 Et si ne puis de ma dame estre ouï,
1405 3087 2059 3155 N’elle de moi pitié avoir ne daigne.
1341 3171 2393 3239 Rien ne pourra lui faire oublier celle qui le retient
1299 3222 2393 3321 sous sa loi. Un cœur qui s’humilie doit enfin trouver
1306 3299 1444 3371 grâce :
1419 3348 2206 3456 Pour mal (mauvais) temps, ne pour gelée,
1419 3431 1872 3500 Ne pour froide matinée,
1426 3448 2167 3546 Ne pour nulle autre rien (1) (chose) née,
1419 3514 2028 3593 Ne partirai (n’ôterai) ma pensée
1504 3574 1820 3642 D’amor que j’ai ;
1504 3617 1852 3681 Car trop l’ai amée
1507 3668 1844 3751 D’un cœur verai !
1341 3801 1656 3883 (1) Du latin res.
