2959 4075
1667 141 1763 225 206
639 201 1678 286 Mais en ce moment nous sommes à la veillée, et il
597 273 1675 344 faut voir avec quel empressement on s'y est rendu et
595 323 1674 384 comme on trouve moyen de travailler et de tabiller
594 378 1672 438 tout à la fois, à la lueur économique d'une chandelle
595 431 1672 488 qui s'épanouit dans son grand flambeau de fer battu.
602 484 1672 540 PWcal, plus affairé que causeur, raccommode à grands
598 537 1663 601 coups de marteau le coutre de sa charrue; Tiennette
595 585 1665 637 file au rouet, et plus d'un gars admire sa façon gra¬
595 640 1659 697 cieuse de tenir la quenouille et d’amincir le chanvre
598 696 1668 760 entre ses petites mains. La roue tourne avec un ron¬
593 757 1663 815 ron de chat; le fil mouillé habilement s'allonge sans
586 792 1664 882 fin; au bout du fil, Tiennette met sa chanson, une
591 852 1119 929 chanson de circonstance :
856 955 1227 1032 « Bonjour, les Rois,
834 1021 1217 1080 Jusqu'à douze mois,
838 1063 1198 1132 Douze mois passés,
860 1111 1118 1180 Rois, revenez.
863 1162 1180 1233 charge pommier,
865 1206 1139 1272 charge poirier,
731 1234 1249 1321 A chaque petite branchette,
731 1284 1362 1381 Tout plein ma grande pouchette. »
621 1440 1649 1501 Mère Jacques tricote, et le bas qu'elle fait pour
574 1497 1645 1556 M. le recteur sera solide, vous pouvez m’en croire.
578 1545 1642 1613 Voisins et voisines, disposés en groupes, sont occu¬
579 1604 1646 1667 pés également; et, comme nous l’avons dit, il y a sous
580 1661 1648 1729 ce chaume un bruit de voix qui étoufferait le carillon
571 1706 1641 1779 de l’église. C’est qu’aussi l‘on est à la veille de la fête
560 1764 1641 1831 des Rois, une grande affaire dans le petit village de
566 1802 749 1876 Montilly.
602 1862 1640 1945 Il s’opéra un certain mouvement de respect lors¬
568 1915 1636 1991 que entra le compère André, le collecteur de taites,
559 1973 1641 2044 un homme sec et jaune comme du parchemin, chif¬
559 2017 1636 2106 fre vivant qui joignait à ses habitudes de parcimonie
561 2080 1637 2147 très-connues quelque chose d’observateur et de sar¬
560 2136 1645 2188 castique ; si bien qu'on redoutait également sa griffe
560 2174 1634 2250 à l'endroit des écus, et sa langue à l' endroit des répu¬
559 2227 1632 2310 tations. André souffla soigneusement sa lanterne,
563 2287 1629 2346 qu’il posa sur lebringing, prit un escabeau et alla s’ins¬
560 2338 1636 2413 taller près de la maîtresse du logis ; ensuite il puisa
559 2401 1626 2471 une petite pincée de tabac dans sa boîte de corne,
566 2448 1634 2521 qu’il ne fit qu’entr’ouvrir et replongea aussitôt dans
552 2494 1641 2574 les profondeurs de sa veste de ratine. Promenant
556 2563 1645 2623 alors son regard sur l'assemblée, il dit, d'une voix
559 2599 1632 2680 qui avait l’agréable sonorité d’un morceau de bois
560 2660 987 2729 qu'on casse en deux :
606 2718 1630 2787 « Ah ! ah ! les enfants, vous voilà tous au poste,
553 2757 1625 2854 tous à travailler... sauf ceux qui se croisent les bras.
561 2813 793 2877 C'est bien !
650 2864 1628 2947 Tous, voisin? non pas, dit Jacques en soupi¬
548 2928 1629 3000 rant ; il y en a d’aucuns qui ont attrapé de mauvais
556 2980 1280 3043 coups dans la bataille de la Soulle...
639 3041 1626 3110 Oui, oui, je sais; Anselme Criquet, Jean-Pierre
547 3081 1626 3151 le vacher, Jean-Colas le gardeur de porcs, Gervais le
547 3138 1629 3213 charretier, Malot le maçon, et Eustache Ducroq le
552 3194 1626 3271 charron. Ma foi ! tant pis pour eux. Ils avaient dis¬
556 3255 1629 3312 puté ferme et conquis ce ballon de la Soulle avec ses
556 3309 1628 3373 grands rubans, c'était assez; pourquoi ont-ils nargué,
553 3354 1626 3426 le jour du marché suivant, les gars de Bazoque et de
552 3406 1625 3479 Coligny?... Il y a eu une betterie, et cette fois on
545 3458 1013 3540 s'est tapé pour de bon.
647 3510 1628 3604 Dam', m'sieu André, sauf votre respect, dit Pas¬
547 3557 1628 3663 cal interrompant sa besogne, faut pas tant s'étonner
545 3604 1230 3703 de la chose, c'est l'usage du pays.
650 3681 1625 3757 L'usage! l'usage !... répéta le collecteur de
1754 220 2826 315 taxes, qui avait de la lecture et était un peu philo¬
1748 274 2635 351 sophe; te voilà bien comme les autres, toi!
1853 327 2835 422 Et vous, m'sieu André, répliqua Pascal, je vous
1750 388 2829 473 reconnais bien ; si vous étiez né natif de notre en¬
1752 439 2828 534 droit, vous ne vous moqueriez pas toujours de ce
1752 486 2026 555 qu'on y croit.
1847 544 2821 620 Je n’en suis pas, dit le collecteur, et je m’ en fé¬
1748 587 1923 656 licite. »
1788 651 2548 715 Il huma une seconde prise de tabac.
1796 707 2822 787 « Tant il y a, dit le fils de Jacques, que Jean-
1747 753 2825 838 Colas n’aurait pas attrapé ce horion et ne serait
1751 812 2818 892 point en danger de trépasser s'il n'était venu au
1741 873 2820 948 monde avec une veine très-bleue à la naissance du
1743 915 2543 985 nez. Vous savez, c'est mauvais signe. »
1788 963 2820 1050 Le collecteur de taites haussa les épaules en mur¬
1737 1024 1935 1094 murant :
1785 1082 2791 1147 « O ignorance crasse! ô superstition barbare!... »
1785 1119 2818 1198 Puis se tournant vers Jacques, pour rompre la
1739 1180 2043 1246 conversation :
1783 1246 2822 1325 « Voisine, vous faites là une fameuse paire de bas
1740 1288 2269 1356 pour notre brave recteur.
1843 1349 2813 1417 Oui, je crois qu’il sera content, ce pauvre cher
1731 1390 1922 1454 homme.
1832 1448 2812 1518 Il n’est pas à plaindre!... Voilà aussi bientôt le
1728 1493 2809 1595 temps où il recevra la Pachré (1), et les paroissiens le
1728 1547 2399 1619 soignent toujours comme il faut.
1831 1613 2809 1693 C’est bien juste, dit Tiennette; il bénit nos
1728 1656 1931 1727 moissons.
1826 1714 2810 1790 Tiens! la fillette retrouve sa langue. Bonsoir
1744 1769 2449 1847 Tiennette, mon petit bouton d'or. »
1782 1820 2809 1895 Tiennette s’inclina en silence. La gaieté générale
1727 1880 2805 1956 avait perdu de son entrain; chacun craignait l'hu¬
1724 1931 2236 1990 meur caustique d'André.
1778 1980 2809 2044 Un grand garçon entra bruyamment en secouant
1722 2040 2573 2106 son chapeau rond orné d’un ruban rouge.
1771 2087 2799 2154 « Jean-Pierre ! s'écria-t-on. Comment! tu es guéri?...
1823 2144 2802 2196 Oui, oui; le sorcier m’a baillé un fameux re¬
1724 2192 2802 2257 mède de verveine et de fleurs oneillies le jour de la
1725 2235 2787 2318 Saint-Jean. Il connaît la recette; il la tient d'un Go¬
1716 2295 2557 2359 belin (2) qui est fameusement malicieux.
1832 2352 2795 2429 Voyons, voyons, dit André, qu’est-ce que tu
1724 2402 2714 2468 viens annoncer, avec ta bouche grande ouverte?
1766 2463 2799 2523 — Une bonne nouvelle et qui fera plaisir tout de
1712 2520 2797 2570 même à mère Jacques. Comme je longeais la haie
1721 2567 2791 2624 qui borde mon héritage (3), v’là que j’ai aperçu au¬
1729 2626 2799 2691 près de la grille du château, monseigneur le comte
1721 2675 2801 2738 de Veville qui se promenait tout doucement, de l'air
1716 2719 2791 2788 d’un homme qui pense tout seul. Il m’a avisé et m‘a
1717 2779 2795 2835 dit : « Tu vas au village? — Oui, monseigneur, ai-je
1712 2833 2801 2892 fait. J’y retourne incontinent. — Eh bien, entre chez
1717 2883 2801 2944 Jacqueline et dis-lui que je vais me rendre chez elle
1717 2938 2573 2992 pour faire les Coulines (4) avec ses amis. »
1763 2985 2794 3056 Un cri d’enthousiasme répondit à cette nouvelle.
1714 3043 2582 3109 On entendit ensuite Jacquesine qui disait :
1763 3106 2794 3167 « Mon bon p’tiot ! ça ne m’étonne pas de sa part.
1713 3140 2794 3232 Il a toujours eu le même cœur pour sa nourrice. La
1759 3311 2791 3395 (1) Espéce de tribut qu’on payait, le dimanche de Pâques,
1706 3372 2784 3442 à l'église et même au maître d’école. Il consistait en pièces
1710 3434 2407 3503 de monnaie, ou simplement en œufs.
1752 3484 2783 3574 (2) Le Gobelin était, au dire des paysans, un génie fami¬
1712 3541 1798 3605 lier.
1752 3586 2222 3674 (3) Champ ou propriété.
1754 3659 2784 3715 (4) Les coulines, brandons de paille enflammes avec les¬
1709 3701 2558 3787 quels on courait les champs, la veille des Rois.
