2897 4318
1245 238 1348 321 269
202 336 1257 405 c’était son désintéressement, c’étaît la noblesse de son
207 400 1261 463 caractère. Laurence n’essaya point de dissimuler son
202 448 558 506 désenchantement
242 507 1260 560 « Bah ! dit madame de Corseul, on fait bien d’au¬
199 552 1261 606 tres concessions à la passion du luxe, au désir effréné
195 611 1264 685 d'exciter l'envie de ses rivales, ou, du moins, de ne se
202 657 1257 714 laisser jamais surpasser par elles. Combien de catas¬
199 710 1251 774 trophes dans les familles n’ont d’autre cause que celle¬
202 762 1260 823 là! Un poète du talent le plus aimable raconte un
205 820 1251 867 fabliau dont la forme légère cache une pensée très¬
205 864 1263 916 sérieuse. L’ange rebelle veut s’emparer du cœur d’une
207 916 1257 983 jeune femme, citée pourtant comme un modèle de
202 972 1253 1034 vertu. Prendre un déguisement n’est rien pour l’es¬
213 1035 1255 1087 prit du mal; il les multiplie cette fois, et met en
205 1078 1253 1136 œuvre toutes les ruses de son invention. Flatteries,
202 1126 1248 1181 menaces, épreuves tantôt effrayantes, tantô t doulou¬
202 1182 1245 1233 reuses, ne servent qu’à donner plus d’éclat à la sa-
207 1237 1253 1291 gesse de dame Isabeau. Satan commence à désespérer
202 1287 1248 1335 de la victoire. Attendez. Voici qu’Isabelle paraît pour
195 1328 1260 1388 la première fois au bal de la cour, et qu'à sa grande
199 1388 1255 1453 humiliation, elle s’aperçoit que la reine, la dauphine,
195 1442 1253 1498 la chancelière, toutes les autres femmes sont vêtues
205 1495 1251 1550 de brocart, tandis qu’elle seule porte une robe de
203 1550 1253 1614 velours, étoffe dédaignée en ce moment, qu’on se
193 1592 1255 1657 montre de l’œil et qui fait sourire. Le démon n’était
205 1649 1253 1705 pas loin; et comme il avait déjà fait connaître l’étendue
195 1696 575 1765 de son pouvoir : —
602 1704 1255 1767 -Eh bien! demanda-t-il à demi
202 1753 1241 1811 voix, qu’obtiendrai-je de vous maintenant? — Tout
193 1806 1248 1868 répond Isabelle, tout pour une robe de brocart. L'his¬
199 1860 1255 1914 toire finit là. Elle est instructive. Oui, je suis vieille.
193 1911 1255 1967 et je m'isole le plus possible avec ces deux petits en¬
193 1959 1251 2021 fants; mais je connais bon nombre de jeunes filles
205 2013 1253 2074 pleines d’aigreur pour leurs parents dès que ceux-ci
199 2070 1248 2128 refusent de se prêter à de folles dépenses de toilette,
199 2120 1251 2171 et, pour la même cause, aussi avides d’argent que des
205 2167 1253 2227 vieux juifs. Je connais aussi bien des jeunes femmes
205 2222 1248 2282 qui absorbent en futilités des sommes qu’on pourrait
194 2275 1241 2342 employer à secourir des malheureux, à aider un pa¬
199 2323 1245 2391 rent dans le besoin; des jeunes femmes qui compromet¬
195 2375 1248 2432 tent à la fois l’honneur de leurs maris par des dettes
194 2417 1241 2493 longtemps inavouées, et l’avenir de leurs enfants par
202 2482 1249 2545 une coupable insouciance. Ne demandez aux unes et
195 2543 1251 2596 aux autres aucun sentiment délicat ni généreux. Elles
199 2580 1245 2650 ne sont capables de sacrifice que pour satisfaire cette
191 2634 1248 2702 frénésie de parure qui les entraîne et qui est une des
202 2684 1251 2741 plaies de ce temps. Le poète a tristement raison :
191 2741 1248 2809 soumission filiale, joies de la bienfaisance, douceurs
199 2785 1243 2854 de la sécurité domestique et des sollicitudes mater¬
191 2845 1241 2917 nelles, dignité d’une position franche et honorable,
194 2882 1240 2983 tout cela et plus encore, tout pour un équipage, une
198 2937 901 2995 livrée! tout pour une robe de bal!»
238 2988 1243 3063 La vieille dame s’était levée, et elle parlait avec une
206 3047 1237 3118 grande animation. Un des enfants ouvrit les yeux,
201 3094 1240 3171 tendit les bras vers sa hisaïeule, puis se rendormit
194 3143 1236 3225 aussitôt en poussant deux ou trois soupirs. Madame
203 3186 1239 3280 de Corseul avait posé le doigt sur ses lèvres, et s'était
205 3237 528 3308 tenue immobile.
250 3286 1235 3364 « Bon ! reprit-elle en baissant la voix et en reve¬
194 3348 1247 3433 nant s’asseoir; j’ai failli réveiller les enfants. Ils ont
202 3407 1236 3484 pourtant besoin de repos, et moi aussi. Cette nuit ils
194 3452 1229 3524 ont beaucoup pleuré, et je n’ai pu dormir. Au mo¬
191 3515 1243 3584 ment où vous êtes entrée, j'étais tout accablée dans
199 3552 427 3603 ce fauteuil.
289 3602 1237 3689 Nathalie ne craint pas de vous fatiguer en lais¬
189 3662 1236 3754 sant ces deux enfants coucher dans votre chambre?
201 3704 593 3789 demanda Laurence
1449 320 2409 436 — A moins d’y être tout à fait obligés, je tiens que
1339 389 2408 484 nous ne devons pas confier à des domestiques le soin
1340 437 2409 542 de veiller, la nuit, à nos enfants. La tâche est quel¬
1344 511 2403 588 quefois rude pour moi : j’ai soixante-seize ans et c'est
1342 559 2266 631 remplir un peu tard le rôle de mère-nourrice.
1438 618 2409 693 Mais, encore une fois, Nathalie?... Il me semble
1344 666 1782 732 que ce serait à elle...
1428 705 2410 785 — Sa santé est très-délicate , répliqua doucement
1343 761 2413 841 madame de Corseul; et la privation de sommeil
1351 828 1921 884 pourrait la rendre malade. »
1383 873 1804 938 Laurence continua:
1384 927 2410 998 « Ce doit être pour elle un véritable chagrin de ne
1340 972 2405 1050 pouvoir soigner elle-même ses petits garçons, et d’au¬
1342 1034 2409 1098 tant plus que cette privation doit lui donner aussi
1348 1090 2399 1153 pour vous, madame, bien des inquiétudes. La sensi¬
1335 1132 2402 1204 bilité de Nathalie était connue au couvent. Combien
1348 1190 2391 1267 de fois ne l’ai-je pas vue baiser les lettres que lui adres
1342 1237 1594 1300 sait sa mèrel
1388 1297 2399 1375 — Elle caresse aussi beaucoup ses enfants, dit la
1336 1333 1537 1407 bisaïeule.
1431 1404 2401 1471 - Excellente Nathalie! et vous dites que sa santé
1339 1442 1628 1510 est mauvaise?
1388 1502 2398 1577 — Non, pas mauvaise, seulement délicate, et je
1338 1554 2401 1621 crains que sa vie de plaisirs et de fêtes continuelles
1332 1613 2406 1669 ne soit pas de nature à la fortifier. Très-recherchée
1344 1660 2391 1723 pour ses qualités séduisantes, elle n’a jamais su refu¬
1338 1717 2402 1783 ser une soirée ou un bal. De là des veilles fréquentes,
1342 1761 2100 1830 et des fatigues inouïes tous les hivers.
1383 1816 2085 1867 — Mais ne peut-elle se dispenser...
1446 1868 2389 1937 Oh ! impossible! elle allègue des devoirs de so¬
1336 1923 2399 1986 ciété si impérieux! Vous souriez? Seriez-vous disposée
1329 1973 2401 2038 à croire, par exemple, que c’est aussi un devoir impé¬
1335 2022 2394 2097 rieux de s’attacher au berceau de ses enfants? Allons,
1335 2088 2385 2148 vous oubliez qu'une aïeule, ou, au besoin, une ser¬
1339 2137 2386 2198 vante à gages, peut remplacer ici la mère absente,
1335 2176 2391 2254 tandis que la servante ou l’aïeule ne peut danser
1339 2232 2391 2296 pour elle dans un salon. J'ai connu vos parents, made¬
1329 2290 2393 2358 moiselle ; vous leur ressemblez; vous avez comme eux
1329 2345 2394 2408 une âme forte et généreuse, et c’est pourquoi je ne
1329 2394 2387 2452 crains pas de m’épancher avec vous. Ces mères si dé¬
1332 2444 2385 2510 licates, si faibles lorsqu’il s’agit de nourrir un fils, de
1328 2489 2385 2567 le veiller pendant les deux ou trois premières années
1329 2552 2389 2616 de la vie; ces mères ont souvent un corps de fer pour
1331 2595 2375 2656 les plaisirs du monde; elles endurent, elles recher¬
1327 2654 2382 2710 chent dans les fêtes des fatigues à faire reculer un
1327 2707 2382 2761 capitaine de dragons. Nathalie appartient à cette caté¬
1324 2755 2309 2818 gorie de mères débiles et de danseuses intrépides.
1371 2823 2385 2880 — Je la plains sincèrement, répondit mademoiselle
1329 2860 2386 2940 de Kersaliou; je la plains, car il me paraît impossible,
1329 2908 2386 2979 en agissant ainsi, qu'elle obtienne jamais, dans le
1327 2965 2378 3023 cœur de ses enfants, la place qui devait lui appar¬
1320 3012 1440 3084 tenir.
1434 3058 2373 3122 Vous avez raison, reprit madame de Corseul, la
1324 3119 2370 3178 tendresse filiale se nourrit surtout de reconnaissance,
1320 3173 2375 3227 et peut-on en avoir beaucoup pour une femme aussi
1327 3223 2355 3288 peu jalouse de donner à son fils les premiers soins?—
1317 3272 2375 3334 L'enfance est soumise à mille accidents imprévus, et
1329 3324 2375 3388 je me souviens d’une nuit où l’un de ces pauvres petits
1317 3375 2373 3440 m’épouvanta par une convulsion subite et terrible. En
1317 3437 2379 3486 un instant, la maison fut en rumeur: les domestiques
1320 3475 2382 3542 m'entouraient, exécutaient mes ordres, et tandis que
1316 3543 2382 3602 je pressais sur mon cœur l’enfant à demi mort, la
1319 3570 2382 3649 mère dansait au bal de la Préfecture. Je pouvais
1325 3650 2378 3706 n’avoir à déposer dans ses bras, au retour du bal,
1331 3700 2381 3757 qu’un corps glacé et sans vie. Cette idée la fit frémir,
1323 3750 2382 3816 et pour la chasser au plus vite, pour s'étourdir, elle
