2946 4158
1590 222 1703 315 262
496 285 1593 399 une grande récompense les attend si elles se font vio¬
496 358 674 439 lence. »
553 415 1601 479 Ces lettres, écrites au courant de la plume, sans
506 478 1594 560 art, sans prétention, peignent excellemment le ca¬
503 528 1597 592 ractère de madame de Maintenon, et le justifient
506 580 1598 647 mieux que ne le feraient les plus beaux panégyriques.
508 635 1603 701 On l'avait montrée ambitieuse, Intrigante et pleine
511 690 1598 758 d’artifices : dans les lettres, on ne voit que simplicité,
506 757 1596 814 droiture, mépris des grandeurs; on accusait sa dévo¬
506 794 1590 854 tion de tourner à la bigoterie et son zèle au fana¬
503 864 1601 908 tisme, et tous ses conseils respirent la piété la plus
504 903 1587 972 éclairée, la mieux dégagée de scrupules et de peti¬
500 958 1598 1033 tesse. Son âme se dévoile dans ces écrits jetés négli¬
503 1011 1597 1082 gemment, et qu'y voit-on? Amour pour la France,
506 1069 1598 1133 respect pour le roi, tendresse extrême pour les pau¬
500 1118 1596 1175 vres, les malheureux et surtout pour cette jeunesse
500 1175 1596 1244 délaissée à laquelle elle s’était vouée, oubli d’elle-
490 1230 1593 1285 même, désintéressement absolu qui la fit sortir pauvre
503 1283 1596 1350 de ces palais où elle avait vécu épouse du plus puis¬
503 1347 1596 1398 sant monarque de l’Europe. Voilà la réhabiliation
503 1393 1580 1455 tardive qui se fait autour de cette illustre femme
503 1453 1598 1504 nous en rendons grâce au zèle et aux travaux de
503 1500 1593 1564 M. Lavallée; en rétablissant les faits dans leur vérité
503 1557 1593 1612 et leur simplicité, il force notre siècle à rendre hom¬
506 1611 1601 1668 mage à une des plus pures vertus qui aient ennobli
501 1662 1598 1722 la France; il efface les calomnies de Saint-Simon, et
506 1711 1598 1768 il restitue à madame de Maintenon la place qu’elle
503 1765 1593 1840 doit occuper parmi les plus saintes et les plus intelli¬
503 1821 1126 1880 gentes compagnes de nos rois.
544 1879 1593 1953 Comme redressement historique, les lettres de ma¬
506 1929 1596 1996 dame de Maintenon sont précieuses; de plus, elles se¬
506 1982 1598 2047 ront utiles à toutes les personnes qui s'occupent d'édu¬
506 2047 1601 2103 cation, car elles sont remplies de conseils sagaces, et
508 2091 1398 2179 qu’une longue expérience a seule pu dicter.
1290 2158 1414 2229 M. F.
1015 2376 1100 2450 DE
814 2497 1286 2618 LA VOCATION
880 2623 1225 2729 Par Mgr LUGUET (1)
557 2882 1598 2975 Voici un remarquable ouvrage, que nous n'analy¬
503 2955 1601 3025 serons pas, car nous ne pouvons suivre dans ses dé¬
511 3018 1600 3084 veloppements un travail de cette importance, mais
506 3072 1601 3130 que nous recommanderons à l'étude attention des
501 3134 1604 3193 mères de famille, inquiètes sur la vocation de leurs
544 3283 1598 3377 (1) Deux volumes in-8e, Paris et le Mans, Julien et La¬
499 3345 596 3411 nier.
1685 286 2783 368 enfants. Tout est là : le salut, le bonheur, la paix, la
1685 365 2783 421 destinée terrestre et immortelle, gît dans cette grande
1687 411 2780 476 question de la vocation, mise en accord avec la vo¬
1680 461 2778 533 lonté de Dieu et avec nos propres dispositions. Com¬
1685 525 2783 585 bien il est important de l'étudier et de la connaître!
1682 579 2780 642 Dans le livre de monseigneur Luguet, que nous avons
1679 629 2783 692 lu avec un sérieux intérêt, l’auteur traite d’abord de
1679 686 2783 744 la destinée de l’homme en général, comme créature
1682 746 2784 805 intelligente et immortelle; — de la voie ordinaire, à
1679 797 2783 865 laquelle la plupart sont appelés, le mariage; — de la
1690 851 2779 914 voie parfaite, la vie religieuse, part réservée à quel¬
1685 904 2780 969 ques-uns ; — il examine enfin la vocation relative¬
1685 961 2787 1029 ment à l’individu. C’est la partie pratique du travail
1685 1012 2783 1076 et celle que l’on consultera avec le plus de fruit. Des
1682 1072 2796 1130 exemples charmants sont mêlés aux graves théories.
1682 1125 2780 1185 de ce livre; on lira surtout avec plaisir le portrait
1682 1176 2784 1243 d'une mère de famille, tracé par sa fille, et l'histoire,
1685 1233 2780 1293 simple et naïve comme une légende, d’un bon méde¬
1687 1286 2787 1361 cin italien, dont la vie a été honorée par la pratique
1685 1342 2151 1415 des plus hautes vertus.
1723 1404 2782 1454 Nous ne recommandons pas à toutes nos lectrices
1687 1454 2787 1512 ce livre sérieux et profond de monseigneur Luguet,
1679 1507 2782 1562 mais nous croyons qu’il est utile de le signaler à
1693 1567 2782 1622 quelques-unes. Celles qui cherchent un conseil se¬
1686 1611 2779 1678 ront heureuses de pouvoir consulter un guide aussi
1685 1665 2783 1725 sûr, et peut-être trouveront-elles dans ces pages la
1679 1716 2790 1778 solution qu'elles demandent, la lumière vers laquelle
1683 1779 1982 1851 elles assurent.
1786 2021 2683 2123 LE MARCHAND D’ANTIQUITÉS
2041 2153 2419 2239 Par CH. Dickens,
1810 2258 2658 2321 Traduction nouvelle de M. DES ESSARTS (1).
1739 2482 2783 2553 Notre aimable Hlaboratrice, madame Fouqueau
1690 2533 2779 2596 de Pussy, a parlé autrefois dans ce recueil du roman
1691 2594 2782 2653 de Dickens, dont nous annonçons aujourd’hui une
1693 2644 2782 2709 nouvelle et bien élégante traduction, due à la plume
1690 2698 2780 2764 d’un de nos amis, M. Des Essarts. Le nom de Dickens,
1693 2748 2783 2814 le romancier sans rival, dit assez combien ce livre
1690 2798 2780 2866 recèle d'intérêt, d'observation et de vérité. Une page
1690 2858 2780 2918 de Dickens, c’est une petite fenêtre ouverte sur le
1689 2915 2787 2977 cœur humain, et ce livre, appartenant à ses premiè¬
1690 2966 2787 3032 res années d'écrivain, est peut-être un des meilleurs
1697 3032 2787 3087 que sa plume ait produits. Nous prenons acte de notre
1693 3077 2789 3139 ancienne recommandation en sa faveur, et nous con¬
1685 3134 2780 3197 statons la fidélité intelligente de la nouvelle traduc¬
1685 3184 1801 3258 tion.
1725 3339 2533 3432 (1) Deux volumes, chez Hachette, à Paris.
