2822 3966
1550 120 1619 194 6
534 196 1527 295 Et maître Liederke ajoutait d’un ton d‘importance
493 275 898 345 mêlée de bonhomie :
542 320 1510 385 « Oui, Quentin Matsys que jai recueilli presque en
496 362 1537 443 fant, et à qui j’ai enseigné mon métier ! Vous voyez
500 431 919 497 qu’il a bien profité ! »
534 464 1529 548 Mais le forgeron ne devait plus reprendre son lourd
492 517 1527 594 marteau; et quand Liederke l’engagea à revenir à
492 567 1527 664 l’atelier, Quantin lui répondit d’un accent de fermeté
496 639 767 705 respectueuse:
545 673 1516 750 « Il m’en coûte de vous affliger, vous que j’ai tou-
514 722 1524 794 ours considéré comme un père et qui avez bien
500 776 1526 842 voulu me traiter comme un fils. Dieu m’est témoin
501 831 1524 898 que sans une circonstance impérieuse je ne vous eusse
493 875 1513 955 jamais quitté: mais une vocation irrésistible s’est ré-
493 928 1526 987 vélée en moi ; je me sens entraîné vers la peinture
497 988 1529 1053 par une de ces passions qui nous dominent, que nous
488 1034 1524 1088 subissons avec charme et que nous ne pourrions com¬
489 1075 1521 1151 battre sans être terrassés dans la lutte. Que vous dirai¬
488 1135 1527 1205 je? Tout en moi se tourne maintenant vers cet art
488 1182 1530 1248 sublime et où par malheur je ne suis qu’un pauvre
497 1235 1529 1301 ignorant. L’artisan d’hier aspiré à devenir lui aussi
492 1282 1526 1356 un peintre; et s’il est vrai qu’on ait fait attention à
493 1336 1247 1404 cette bannière, mon premier essai......
590 1363 1529 1440 Ah! pauvre malheureux garçon! Oui, sans
488 1430 1526 1502 doute on a fait attention à ta bannière, avec ça que
493 1488 1526 1550 tu n’y avais point ménagé la couleur. Mais de là à
488 1551 1526 1590 devenir un peintre de talent, un vrai peintro, il y a
493 1584 1520 1678 une fameuse trotte; et j’ai peur que tu ne sois trop
487 1650 701 1726 ambitieux.
590 1672 1529 1755 Ambitieux?.... répéta Quantin en secouant la
493 1742 1526 1805 tête. Non, je ne le suis pas. Du moins mon ambition
491 1795 1527 1870 n’est pas de celles qui agitent le cœur des hommes...
583 1850 1529 1907 Allons, le voilà qui fait des phrases! Ce que c’est
488 1895 1522 1960 que d’avoir tant lu!.... Tiens, Matsys, tu as raison de
491 1959 1530 2009 renoncer à la forge. Pour se plaire dans notre métier
488 2002 1526 2080 il faut être de la trempe des Ricaert, des Kluyt et des
491 2049 972 2119 Bawr. Et cependant......»
536 2076 1348 2169 Ici Liederke devint pensif et même triste.
534 2146 1481 2211 « Qu’avez-vous, bonté du ciel! demanda Quantin.
595 2206 1526 2261 Ecoute, garçon, répondit le brave homme; il ne
497 2260 1527 2318 faut pas te gêner avec moi.... La peinture, ça ne
497 2316 1529 2378 rapporte de l’argent qu’aux plus fameux; et encore
493 2357 1524 2408 on en a vu qui avaient faim quelquefois!... Dis donc.
488 2415 1526 2477 si tu avais faim, j’espère que tu ne t’adresserais pas à
497 2465 879 2531 d’autres qu’à moi.»
541 2517 1526 2572 Quentin sentit ses yeux se remplir des douces larmes
503 2560 1526 2633 de l’affection et de la gratitude, et il pressa les mains
500 2608 981 2679 de Liederke en s’écriant :
542 2667 1522 2727 « Oh! ce n’est pas la crainte de la pauvreté qui m’in¬
500 2711 1527 2785 quiète. Je ne suis préoccupé que d’une chose : c’est de
497 2768 1526 2831 regagner le temps perdu. A l’âge où d’autres sont
505 2821 1165 2875 déjà maîtres, moi j’ai tout à faire.
594 2869 1282 2933 Alors comment espères-tu réussir?
578 2924 1254 2991 — Je l’ignore...... mais je réussirai. »
536 2986 1534 3043 A la suite de cette conversation, Quantin se retira à
493 3027 1534 3091 l’autre extrémité de la ville, loin de tout bruit, de
500 3079 1526 3145 toute société. Pas une minute qu’il ne consacrât au
500 3128 1534 3198 travail le plus assidu. La nature, l’observation, l'étude
503 3183 1533 3252 des procédés de quelques grands maîtres, tels étaient
499 3230 1526 3300 les moyens qu’il combinait pour arriver à dominer
500 3277 1534 3351 les difficultés de l’art. Bientôt ce ne fut pas assez, à
499 3329 1535 3407 ses yeux, d’avoir triomphé de ces difficultés, d'unir à
500 3388 1533 3460 un dessin correct un coloris toujours frais et solide; il
504 3433 1520 3510 voulut, tant pour la composition que pour l’expres¬
500 3487 1521 3559 sion, n’avoir pas de supérieur. S’il était obligé de s’a-
504 3544 1558 3642 vouer combien ses prétentions étaient tém.iraires, il
1611 192 2649 267 se disait : « Est-ce que ce n’est pas une entreprise
1611 254 2650 316 bien autrement hardie que d’aspirer à obtenir par le
1616 311 2601 376 talent la femme qui a été refusée à ma prière? »
1611 350 2251 430 Et alors il continuait de peindre.
1658 407 1965 476 Un an s’écoula.
1653 451 2648 520 Au bout de ce temps, Quantin Matsys hasarda de
1615 512 2650 571 se produire hardiment aux yeux de toute la ville.
1611 549 2648 622 Déjà il avait fait courir quelques petites toiles non
1615 607 2648 669 signées, au sujet desquelles s’était émue la curiosité
1611 657 2656 723 des amateurs. Il osa davantage : il s’entendit avec le
1611 721 2658 782 chapitre de la cathédrale et fit répandre la nouvelle
1619 760 2645 836 qu’à un jour donné, un tableau du Christ au tombeau
1611 816 2664 877 œuvre d’un artiste encore inconnu, serait placé et
1604 862 2650 944 exposé aux regards du public dans une des dépen¬
1611 922 2132 993 dances de ce vaste temple.
1656 931 2641 1024 Ce jour-là, ce que la ville d’Anvers, la cité impé-
1604 1014 2662 1082 riale, si florissante alors par le commerce du monde
1613 1074 2664 1128 entier, comptait d’hommes riches, de protecteurs de
1613 1118 2660 1185 l’art, de peintres distingués, vint, comme à un
1604 1189 2398 1246 signal, se presser dans l’enceinte sacrée.
1658 1211 2646 1307 « Admirable! admirable!» tel fut le cri qui s’é
1611 1287 2195 1353 chappa de toutes les bouches.
1653 1342 2645 1397 Maître Van Hoëf n’avait pas été des derniers à cou-
1611 1383 2661 1463 rir à cette exposition, et personne ne témoignait plus
1604 1440 2079 1509 d’enthousiasme que lui.
1656 1498 2662 1555 «C’est une bonne page, messieurs, disait-il avec
1604 1539 2642 1600 l’autorité de sa réputation et de son âge. J’ignore le
1611 1591 2648 1654 quel d’entre nous pourrait en faire autant. Certaine
1613 1649 2657 1697 ment c’est une main jeune et ferme qui a tracé ces
1611 1701 2661 1762 lignes. En vérité, je resterais deux heures devant ce
1613 1759 2071 1820 tableau sans me lasser.
1658 1792 2657 1871 — Voici le moment! pensa Quantin ivre de joie. Je
1611 1855 2493 1910 tiens ma victoire; il faut la rendre décisive. »
1656 1904 2660 1963 Sans s’arrêter à jouir de son triomphe anonyme, il
1611 1953 2669 2018 se précipita hors de l’église afin de mettre à profit
1604 1993 2209 2076 l’absence de maître Van Hoëf.
1653 2051 2660 2112 Sous le portail même il rencontra Krukker qui
1616 2105 2664 2178 cherchait à percer la foule pour satisfaire sa curiosité
1611 2157 2217 2228 et se donner un plaisir gratuit.
1656 2214 2669 2271 Le joaillier saisit vivement Quantin par le collet de
1609 2267 2667 2345 son manteau, tandis que le jeune homme s’efforçait
1613 2313 1890 2380 de se dégager.
1658 2354 2669 2427 « Ah! je vous tiens! s’écria Krukker. Ce n’est pas
1611 2420 2662 2481 malheureux!..... Il m’est arrivé aux oreilles d’étran¬
1611 2470 2657 2526 ges rumeurs. Vous avez déserté votre officine de for-
1611 2527 2669 2588 geron pour vous jeter dans les beaux-arts!.... La belle
1611 2574 2669 2642 idée, vraiment! comme s’il ne valait pas mieux être
1613 2638 2671 2702 un bon artisan qu’un artiste médiocre !.... Je vous
1609 2671 2667 2763 demande si cela a le sens commun. Voilà bien nos
1608 2732 2136 2805 jeunes gens d’aujourd’hui.
1697 2784 2660 2851 - De grâce, monsieur, dit Quantin tout essoufflé,
1616 2841 2669 2895 de grâce permettez-moi de continuer mon chemin. Je
1612 2887 1941 2957 suis très-pressé.
1719 2947 2674 2999 Et vous imaginez-vous par hasard que je ne le
1616 2993 2674 3058 suis pas, moi qui n’ai pas encore joui de la vue du
1620 3048 2666 3111 chef-d’œuvre nouveau et qui entends tout le monde
1612 3100 2673 3167 accorder à cette toile un concert d’éloges!.... Mais
1613 3158 2670 3215 avant que je vous laisse prendre votre vol, monsieur
1611 3198 2669 3264 l’étourneau, veuillez m’écouter. On m‘a appris que
1623 3261 2662 3321 vous aviez la manie de barbouiller. Je ne vous en fais
1619 3309 2650 3362 pas mon compliment : le nombre des mauvais pein
1616 3360 2666 3420 tres était assez grand déjà. Vous avez repoussé du
1620 3412 2660 3465 pied votre gagne-pain. J’ignore où vous trouvez au¬
1616 3464 2674 3522 jourd’hui vos moyens d’existence : mais soyez certain
1620 3515 2664 3581 que ce n’est pas moi qui seconderai vos goûts de fai¬
1582 3567 1594 3618 1
1609 3567 1838 3636 néantise. »
