2897 4318
1216 190 1357 272 149 —
151 264 1231 336 et de nourrir son intelligence et son âme de ce que
154 333 1224 394 les siècles précédents ont conçu de grandes pensées et
159 386 1232 450 de nobles sentiments. Quelle aimable et ravissante
147 442 1228 503 société que celle des Virgile, des Racine, des Fénelon,
147 488 1224 559 des François de Sales, des Sévigné, des Châteaubriand,
154 552 1232 613 dont les voix nous enchantent encore, à travers les
141 608 1232 672 siècles écoulés et les barrières de la mort ! « Je con¬
147 661 1236 715 verse, écrivait Pline le Jeune, avec moi-même et avec
147 707 1236 771 mes livres. O vie innocente! ô doux repos ! qu’il est
152 758 1229 834 honnête ! il est plus noble que les amusements aux¬
156 816 830 868 quels on se livre tous les jours ! »
192 869 1236 933 Je pourrais ajouter bien des citations, si je ne
151 926 1227 978 croyais qu’il est superflu d’insister sur les avantages
147 976 1229 1039 de la lecture et sur le charme que les bons livres ré¬
156 1028 1229 1080 pandent sur notre vie. Mais, remarquez-le, mon Al¬
146 1076 1234 1148 berline, ce goût de la lecture doit, comme toutes nos
154 1136 1236 1186 inclinations naturelles, être réglé par la raison et le
146 1193 1227 1254 devoir. Je désire que mon aimable fille orne son es¬
159 1244 1240 1296 prit, cultiveses facultés, mais j’aimerais mieux qu’elle
151 1293 1231 1356 n’ouvrit jamais d’autre volume que la Cuisinière bour¬
147 1346 1224 1404 geoise, que de la voir devenir une liseuse, une dévo¬
151 1404 1224 1462 reuse de livres, négligeant, pour une question litté¬
147 1457 1229 1512 raire, quelquefois pour un roman, les occupations de
154 1510 1220 1574 son ménage, les devoirs rigoureux de sa position
154 1560 1234 1612 sacrifiant père, mari, enfants au désir de poursuivre
154 1610 1236 1665 les aventures de Mathilde ou celles d’un escadron de
147 1663 1227 1720 mousquetaires ; dédaignant l’ouvrage des mains, qui
151 1723 1231 1780 sied si bien aux femmes et qui est si nécessaire à la
159 1773 1227 1829 prospérité de la famille, et immolant parfois jusqu’au
147 1831 1224 1893 repos de la nuit pour se repaître de quelques fables.
156 1873 1231 1937 Non, ma chère fille, qu’il n’en soit pas ainsi chez
156 1937 1231 1991 vous. Donnez tous les jours un temps réglé à une
154 1969 1231 2045 lecture sérieuse, et consacrez quelques moments de
154 2037 1229 2093 vos récréations aux lectures d’agrément; le reste de
152 2088 1229 2161 vos heures appartient à votre famille, aux soins du
155 2147 1227 2206 ménage, au travail d’aiguille, à la culture des arts
159 2184 1229 2259 d’agrément, et enfin, à la société, envers laquelle on a
162 2245 1221 2312 toujours des devoirs de politesse et de convenance.
152 2288 1219 2366 Écrivant à une autre qu’à vous, mon enfant, je met¬
154 2349 1229 2410 trais en première ligne Dieu, qui réclame une partie
146 2407 1227 2467 de ce temps qu’il nous dispense, et les pauvres, qui
156 2458 1221 2526 doivent toujours compter dans notre vie, mais je sais
155 2512 1229 2584 que ces recommandations vous sont inutiles : donc,
155 2564 1220 2633 je me borne à vous dire en fait de lecture : Pas d’ex-
156 2617 1227 2675 cès ! pas d’usurpations sur un temps réservé à de
150 2666 479 2738 graves devoirs !
204 2713 1220 2788 Vous me dites : Que lirai-je ? Oserai- je vous con¬
147 2773 1228 2846 seiller surtout les livres sérieux ? Au bout de quelques
154 2825 1228 2895 essais et de quelques comparaisons, vous reconnaîtrez
154 2885 1217 2958 que ces livres sérieux ont un agrément réel et du¬
154 2932 1229 2999 rable, tandis que les livres de pure imagination ne
155 2980 1228 3048 sont qu’un palliatif contre l’ennui, et laissent au fond
155 3040 1216 3112 de l’âme le vide que l‘on voudrait remplir. Or, ce
160 3094 1229 3169 vide de notre âme, cette soif du beau et du bien, qui
162 3136 1231 3212 la pourra mieux satisfaire que les livres sérieux et
155 3181 1231 3257 immortels, que tant de générations ont admirés, que
152 3246 1229 3313 tant d’autres admireront encore, et qui ont vu naître
160 3294 1227 3380 et mourir tant de publications éphémères ? Quelle
160 3347 1224 3423 force et quel charme dans les enseignements de la
152 3410 1224 3476 morale chrétienne! quel remède dans les peines de
152 3448 1220 3536 la vie! que la poésie sévère de l’histoire élève l‘ima¬
146 3510 1214 3580 gination! comme, dans les chefs-d'œuvre littéraires
152 3560 1229 3635 les harmonies du style, la beauté de l’expression
150 3607 1225 3692 émeuvent délicieusement l’oreille et le cœur ! Ces li¬
155 3667 1229 3747 vres sérieux que je voudrais voir au premier rang dans
156 3726 1232 3794 votre bibliothèque, je les diviserais en quatre catégo-
1316 275 2395 373 ries : Ouvrages de piété et de morale — Livres d’his¬
1314 336 2395 424 toire — Voyages — OEuvres littéraires. —Vous donner
1310 393 2391 486 un catalogue, me serait, vous devez le comprendre,
1319 445 2396 529 chose trop difficile ; je me bornerai à vous indiquer
1318 494 2396 579 quelques ouvrages qui, je l’espère, deviendront votre
1315 548 1627 630 société intime :
1310 653 2391 743 LIVRES DE PIÉTÉ ET DE MORALE. — Le Nouveau Testa¬
1363 722 2400 781 ment; l’Imitation; la Vie de N. S. Jésus-Christ, par
1359 775 2406 843 Ludolphe le Chartreux ; l’Introduction à la Vie dé-
1363 826 2406 899 vote, et les Lettres de saint François de Sules; les
1363 874 2400 938 Méditations sur les Évangiles, et les Élévations sur
1360 930 2407 997 les mystères, de Bossuet; les Lettres de Féuelon; les
1359 972 2406 1062 Sermons de Bourdaloue ; les Femmes de l’Evangile,
1363 1034 2396 1107 du P. Ventura; le Traité des Petites Vertus, par Ro-
1352 1098 2399 1172 berti; les Devoirs des hommes, de Silvio Pellico; le
1364 1140 2394 1239 Consolateur des âmes affligées, par M. de Ville¬
1359 1194 1506 1278 neuve.
1310 1281 2388 1367 LIVRES D'HISTOIRE. — L'Histoire Ancienne et l'His¬
1355 1348 2392 1443 toire Romaine, de Rollin; le Discours sur l’His-
1353 1409 2394 1478 toire universelle, de Bossuet ; l’Histoire de France,
1352 1447 2396 1542 de Mennechet, et (sous les yeux de M. votre père)
1349 1511 2399 1579 l’Histoire de France, de Henri Martin; Y Histoire
1353 1565 2390 1635 d’Angleterre, du docteur Lingard ; l’Histoire d’É¬
1353 1629 2398 1686 cosse, de Walter Scott ; l’Histoire des Croisades, de
1360 1669 2400 1735 Michaud; l’Histoire de la Conquéte de l‘Angleterre
1355 1730 2391 1788 par les Normands, d’Augustin Thierry, et les Récits
1352 1790 2392 1851 mérovingiens, du même auteur; l’Histoire de Ve¬
1352 1828 2398 1903 nise, de Daru ; l’Histoire de Léon X, d’Audin ;
1353 1886 2392 1945 l’Histoire d’Italie, d‘Artaud ; l’ Histoire de Breta¬
1363 1943 2396 1996 gne, de M. de Roujoux, et l’Histoire des Ducs de
1359 1995 2385 2047 Bourgogne, de M. de Barante ; l'Histoire de la Ré¬
1363 2045 2384 2104 volution francaise, d’Amédée Gabourd ; l’Histoire
1363 2101 2391 2161 de Louis XVI, de M. de Falloux; l’Histoire de la
1360 2147 2392 2209 Campagne de Russie, par M. de Ségur; — quelques
1356 2202 2391 2267 Mémoires, tels que ceux de Mademoiselle de Mont¬
1355 2263 2403 2323 pensier, la grande Mademoiselle, qui peignent si
1352 2309 2392 2383 bien la vanité des choses humaines ; ceux de Ma¬
1352 2365 2388 2436 dame de Motteville ; les Lettres et les écrits de ma¬
1352 2419 2396 2486 dame de Maintenon, et les Mémoires de Madame de
1356 2466 1752 2545 La Rochejaquelein.
1308 2579 2379 2637 Les VOYAGES et la GÉOGRAPHIE méritent une place spé¬
1360 2642 2380 2702 ciale ; mais un grand nombre de Voyages ne peu¬
1363 2694 2379 2746 vent pas être placés entre les mains des jeunes per¬
1356 2743 2388 2788 sonnes. Evitez surtout l’Histoire générale des Voya-
1353 2789 2379 2852 ges, écrite au dix-huitième siècle. Je vous recom¬
1353 2852 2385 2906 mande le Voyage autour du monde, de Dumont
1352 2893 2388 2973 d’Urville ; les Lettres des Missionnaires, tels que
1352 2955 2388 3006 le P. Charlevoix et le P. Du Tertre, pleines d’in¬
1352 3002 2392 3063 térêt et de naïveté; les Annales de la Propagation
1353 3057 2388 3123 de la Foi, recueil intéressant et sérieux ; le Voyage
1359 3110 2385 3158 dans les Deux Amériques, de d'Orbigny ; le Voyage
1353 3158 2381 3210 en Tartarie et au Thibet, de M. Huc ; l’Itinéraire de
1353 3208 2381 3278 Paris à Jérusalem, de Châteaubriand; les Voyages,
1356 3274 2377 3325 de X. Marmier, dans les contrées du nord de l’Eu-
1353 3309 2388 3378 rope ; le Voyage au Spitzberg, de madame Léonie
1356 3370 2390 3439 d’Aunet. Je voudrais vous indiquer un bon Voyage
1356 3416 2096 3478 en France, mais je n’en connais pas.
1306 3510 2388 3590 LITTÉRATURE. — Une traduction de l'Iliade et une de
1353 3574 2376 3646 l’Énéide (celle de Barthélemy est, dit-on, très-
1363 3628 2390 3694 exacte); les chefs-d’œuvre de la scène française,
1361 3686 2388 3754 Corneille, Racine, Molière; Zaire, Alzire, Tancrède,
1368 3739 2402 3808 Mahomet, de Voltaire ; Télémaque, les Dialogues des
