2897 4318
1197 218 1318 299 333
154 290 1204 354 fervente s’élève vers lui du fond d’un cœur sincère.
198 347 1208 400 Le printemps arriva, les vieux arbres du jardin se
162 398 1198 454 couvrirent d'un jeune feuillage. Oubliant ses ancien¬
166 454 1202 519 nes terreurs du temps où elle entendait leur bruis¬
154 521 1205 575 sement de l’autre côté de la muraille, Régine essaya
162 561 1209 626 de se frayer un chemin dans les allées à travers les
162 613 1192 664 broussailles pour reculer un peu les limites de sa pri¬
160 666 1206 721 son. Ce noir et épais fourré, où il faisait nuit en plein
154 717 1204 767 midi, était aussi triste que sa chambre, mais c’était
157 767 1202 821 autre chose, et les émanations qui s’échappaient des
162 814 1206 875 riants parterres au milieu desquels s’était écoulée
154 871 1204 928 son heureuse enfance, arrivaient par-dessus le mur et
161 920 1206 982 venaient l’enivrer. Elles réveillaient dans son âme
154 975 1204 1032 engourdie sous le manteau de glace qui l’enveloppait
154 1021 1200 1080 mille souvenirs en même temps doux et cruels. Elle
157 1076 1213 1149 pleurait alors avec abandon, et cependant elle avait
161 1142 1202 1200 pris goût à ce jardin où elle échappait à la présence
154 1190 1200 1238 d’Urbain ; car les promenades à travers ce bois sombre
149 1238 1200 1298 le tentaient peu. Elle s’y abandonnait à la rêverie
160 1295 700 1361 pendant des demi-journées.
205 1353 1201 1402 « Quel charme a donc cette obscurité? lui dit un
166 1391 1197 1462 jour Urbain en allant la surprendre sous un massif ;
162 1447 1188 1510 vous altérez votre santé sous ces voûtes de feuillage.
156 1495 1051 1564 On y est pénétré jusqu'aux os par l’humidité.
198 1555 1197 1608 — Je n’oserais dire que je m’y plais, Urbain, car je
157 1583 1201 1664 m’y consumé de tristesse, et cependant j’v reviens
157 1651 402 1721 malgré moi.
267 1706 1204 1773 Que vous êtes pâle! dit Urbain en s'asseyant
148 1750 706 1819 près d'elle. Souffrez-vous? »
190 1817 1208 1883 Régine leva vers lui un regard douloureux; ce fut
149 1857 495 1932 sa seule réponse.
194 1905 640 1976 Un long silence suivit.
202 1975 1200 2027 « Régine, dit tout à coup Urbain, pourquoi ne nous
153 2015 572 2083 tutoyons-nous pas ? »
202 2063 1202 2139 Hélas! pensa la pauvre femme, c’est sans doute
158 2132 1206 2193 parce qu’une douce familiarité ne peut naître que de
150 2177 1197 2238 l’affection. Mais cette fois encore elle ne répondit que
154 2230 728 2293 par un sourire triste et doux.
198 2277 1204 2339 « Allons, dit Urbain, venez. Cette vie rêveuse ne
150 2335 1190 2397 vaut rien. Mon père a raison; il dit qu’elle détruit
154 2379 418 2441 votre santé. »
197 2418 976 2492 Régine, sans répondre, suivit son mari.
196 2483 1208 2540 « Vous êtes trop oisive, ma bru, dit le père dès
154 2547 1204 2599 qu’il l’aperçut. De mon temps, les femmes cousaient
153 2597 1200 2651 et tricotaient; elles pensaient moins et se portaient
149 2637 289 2712 mieux.
203 2707 1188 2754 — C'est une bonne idée, dit Urbain, un peu de tra¬
149 2736 845 2810 vail distrait et entretient la santé. »
194 2792 1196 2870 Régine se le tint pour dit. Elle avait compris, et,
154 2854 1201 2911 comme en toute autre occasion, elle se soumit sans
157 2897 1190 2971 murmure à la volonté de fer de ces deux hommes,
157 2955 1083 3015 qui semblaient n’avoir qu’une âme à eux deux.
192 3007 1200 3074 Dès lors ses journées se passèrent invariablement
158 3052 1200 3126 à tricoter des bas et à raccommoder le linge de la
156 3099 319 3168 maison.
197 3155 1196 3227 Elle expiait; le remords lui commandait la rési¬
156 3223 1202 3285 gnation; mais elle ne se demandait plus de quoi était
161 3266 761 3336 morte la jeune mère d'Urbain.
1329 295 2341 391 A voir l’entente constante des deux Morvan, on
1285 363 2335 440 aurait pu croire que le père et le fils s’aimaient, au¬
1285 394 2333 500 tant du moins que les avares peuvent s’aimer; il n’en
1289 458 2334 548 était rien. Dans son fils, Morvan haïssait son héritier,
1286 504 2334 591 le futur possesseur des biens dont il ne pourrait pas
1286 551 2334 650 emporter au tombeau la moindre parcelle ; et Urbain,
1282 620 2331 709 malgré sa soumission et son respect apparents pour
1286 678 2331 745 son père, comptait dans le secret de son cœur les jours
1289 721 2334 797 qui le séparaient de celui où il prendrait possession
1285 769 2333 854 de cette fortune qu'il savait être grande, mais dont il
1281 813 2333 896 ne connaissait pas même le chiffre, tant son père se
1281 879 2324 943 défiait de lui. De même que le vieux Morvan avait au¬
1286 924 2334 999 trefois dénoncé madame de Beaufreny au tribunal ré¬
1286 986 2338 1057 volutionnaire, si Urbain avait pu accuser là-haut son
1287 1035 2334 1101 père de vivre trop longtemps, il l’aurait fait; mais la
1286 1089 2333 1162 vie du vieil Harpagon n’en était pas moins en sûreté
1282 1152 2339 1218 auprès du jeune avare : le lâche crime de dénonciation
1285 1192 2337 1266 était le seul que chacun d'eux pût commettre. Tous
1285 1237 2337 1310 deux étaient incapables d’une action qui aurait pu les
1282 1290 1819 1347 conduire en cour d’assises.
1322 1347 2322 1416 Des mois, des années s’écoulèrent. La taille de Ré¬
1286 1410 2335 1475 gine se courbait, ses yeux se creusaient, tous ses fraits
1277 1459 2343 1523 s’allongeaient et une toux sèche et nervense déchirait
1275 1508 2330 1605 sa poitrine. Elle s’en allait lentement, mourant d’én¬
1275 1561 1814 1615 nui, de froid, d’isolement.
1326 1603 2333 1685 « Si du moins j’étais devenue mère! pensait quel¬
1286 1662 2338 1746 quefois Régine, j’aurais eu dans la vie un puissant
1285 1722 2334 1796 intérêt, une affection profonde qui m’aurait tenu lieu
1282 1769 2329 1847 de tout! Mais, étais-je digne de l’être ? Un enfant! à
1282 1831 2339 1917 moi qui ai tué mon père!... Et puis mon fils se fût
1285 1879 2335 1960 appelé Morvan !... c'est cette pensée qui a porté à mon
1282 1926 2339 2010 père le coup fatal!... Et mon enfant aurait eu la
1285 1972 2335 2060 figure, l'âme des Morvan ! Dans ma vieillesse j'aurais
1282 2036 2334 2108 lu dans son cœur, comme aujourd’hui dans celui
1281 2101 2334 2167 d'Urbain, l'impatience de recueillir un héritage trop
1286 2144 2338 2212 lent à venir!... Oh! Dieu fait bien ce qu'il fait. Il
1290 2189 2334 2260 valait mieux que nul descendant ne naquît de cette
1286 2248 2331 2314 union réprouvée. Mon père, pardonnez-moi, votre
1275 2293 2335 2367 noble race va s’éteindre, mais elle ne sera pas souillée
1286 2361 2333 2430 par le mélange impie du sang des Morvan! Votre
1286 2407 2331 2494 fille a été sourde à votre dernière prière, mais Dieu
1277 2451 1557 2528 l’a exaucée!»
1327 2504 2331 2591 Et la malheureuse femme retenait ses sanglots et
1281 2547 2322 2640 dévorait ses larmes, car Urbain, dur et railleur, fron¬
1285 2629 2322 2696 çait le sourcil ou se moquait de toutsentiment exalté.
1323 2683 2328 2741 L’été s’avançait, les forces de Régine diminuaient
1282 2730 2329 2794 tous les jours, cependant elle n'était pas alitée; ce
1275 2793 2321 2857 n'était plus qu’une ombre, mais chaque matin l’ha¬
1277 2834 2326 2898 bitude la ramenait machinalement sur son vieux fau¬
1281 2893 2328 2955 teuil, contre la fenêtre de sa salle à manger, devant
1277 2938 1655 3010 sa table à ouvrage.
1323 2989 2331 3059 A la chute des feuilles, ses voisins virent un matin
1286 3058 2316 3118 sortir du sombre hôtel, presque seul, comme autre¬
1274 3104 2317 3165 fois celui de la mère d’Urbain, son corps usé avant
1282 3157 2320 3213 le temps par le malheur. Elle s’était éteinte sans qu’on
1278 3217 2050 3280 s'en aperçût, son tricot dans les mains.
1963 3262 2257 3354 ADÈLE CLERET.
