2822 3966
1649 63 1762 148 126
619 141 1642 219 25, DESSIN tout feston, propre à divers objets de
581 202 1050 262 layette et de trousseau.
621 249 1036 321 26, Clara, plumetis.
623 304 1633 367 27, AUTRE GARNITURE au feston ayant le même em¬
573 355 1154 429 ploi que celle du numéro 25.
615 409 1057 487 28, coralie, plumetis.
613 460 1636 522 29, 30 et 31, COL, GARNITURE ET ENTRE-DEUX; plume¬
573 521 1637 576 tis facile, æillets ou pois et feston feuille de rose ; ce
572 572 1630 628 genre de col, d’une forme toute nouvelle, produit
568 631 1630 689 l’effet de deux cols superposés, le vide laissé entre le
572 677 1636 742 premier et le second rang devant être rempli par une
570 733 1619 794 dentelle tuyautée; le bord du premier rang est ter-
566 772 1107 838 miné par un point à jour. —
1142 775 1614 854 Ce premier rang pour¬
562 829 1625 896 rait aussi, à lui seul, former un petit col, toujours
560 882 1615 940 terminé par une dentelle. Avec la garniture et l’entre-
546 923 1623 997 deux des numéros 30 et 31, tu te ferais de fort jolies
549 976 1077 1041 manches assorties au col.
588 1034 1014 1099 32, E. A., plumetis.
588 1084 1010 1150 33, E. M., plumetis.
588 1145 1613 1215 34 à 37, PATRON D'UN PETIT MANTELET CHALE DÉCOLLETÉ,
549 1193 1611 1266 dont le croquis est au numéro 38. Le numéra 34 est
546 1239 1606 1322 le corps de ce mantelet, lequel est recouvert, jusqu’à
541 1293 1618 1372 la naissance des volants, de bouillonnés de même
543 1352 1607 1432 étoffe, disposés en biais. Trois volants, également en
541 1397 1610 1488 taffetas et simplement déchiquetés, sont placés au bas
537 1457 1605 1531 du mantelet aux endroits où se trouvent les lettres de
543 1496 1606 1584 correspondance; la tête du premier volant est cachée
534 1556 1609 1630 sous un bouillonné pareil à ceux du fond. Les volants
537 1603 1594 1680 dont je parle se trouvent aux numéros 35, 36 et 37.
529 1661 1598 1747 Ce mantelet d’une simplicité charmante, tel que je te
519 1708 1592 1800 l’indique, serait aussi fort joli, reproduit en mousse-
522 1759 1592 1835 line blanche, soit unie, soi t brodée au crochet. Pour
530 1818 1595 1890 cet été, moi, voici comment je le comprends : je choi¬
521 1864 1540 1950 sirai de la mousseline unie très-fine et trèss-claire;
522 1911 1597 2001 recouvrirai le fond de bouillonnés, dans lesquels je
534 1973 1594 2050 passerai un ruban de satin bleu, rose, lilas ou vert
526 2028 1587 2098 d’eau, selon mes toilettes; au bord de chacun des vo-
515 2055 1591 2153 lants je ferai un ourlet de 4 centimètres, contenant
519 2121 1586 2215 un ruban assorti aux autres; au bord de cet ourlet je
531 2186 1578 2261 coudrai une valencienne ou une guipure à dents ai-
519 2231 1592 2326 guës ; la même dentelle borderait le décolleté de ce
519 2284 1583 2377 mantelet, ce qui ne serait point indifférent, je te prie
514 2334 1583 2424 de le croire. Du reste, le mois prochain t’apportera
511 2397 1584 2471 une planche de mantelets, dont l’heureux choix dû à
504 2444 1572 2521 la maison Fauvet mettra fin, je le suppose, à l’indéci¬
504 2491 1579 2574 sion dans laquelle on se trouve au commencement de
504 2546 1575 2638 chaque saison ; et la question d’un mantelet, blanc ou
506 2599 1571 2683 noir, pointu ou rond, est certes chose assez grave, pour
514 2638 1574 2741 que l’on tienne à être éclairé sur ce sujet, autant
504 2691 894 2765 que faire se peut !
541 2752 1570 2838 39 et 40, DESSIN D’ÉTOLE à broder en soutache et
496 2787 1570 2892 perles, sur moire antique, blanche ou de couleur.
492 2865 1571 2952 Choisissant la numme verte, tu prendras de la soutache
488 2908 1567 2995 d’or et des perles de jais ou de verre blanc; ces perles
492 2971 1556 3041 seront disposées en croix ou en petits semés, aux di-
495 3021 1566 3099 vers endroits indiqués sur le dessin; le carrelage sera
491 3068 1562 3158 formé par un cordonnet un peu fort, fait avec de la
490 3114 1563 3209 soie cordonnet de la couleur de la soutache. Je ne
490 3172 1558 3256 dois pas oublier de te dire que les pois que tu vois dans
492 3208 1512 3309 le dessin devront-être ou en broderie ou on perles.
530 3268 1556 3360 44, BORDURE APPLICATION pour garniture de bonnet
487 3323 1275 3408 du matin, de pelote duchesse, etc., etc.
529 3375 1552 3475 42, PATRON POUR FAIRE LES GIROFLÉES SIMPLES. Le
482 3426 1551 3519 cœur est composé de six étammes que l’on at¬
480 3485 1539 3592 tache autour d’un pistil moins haut que les étami¬
483 3548 1541 3653 nes. La corolle se compose de quatre pétales nu¬
1730 137 2780 258 méro 2, faits de papier jonquille, panaché avec du
1727 218 2780 316 carmin garance, en commençant par la tête et en
1723 264 2768 351 formant des stries que l’on fait descendre irrégulière¬
1730 319 2773 412 ment, un peu dans le style du patron numéro 1 ; mais
1727 383 2771 469 ce qui te viendra le mieux en aide, c’est une fleur na-
1720 429 2763 514 turelle ; voilà le vrai modèle ! Le calice se fait de pa-
1727 477 2779 581 pier brun découpé sur le numéro 6 ; on le gaufre en
1730 533 2765 623 pliant chaque cran dans sa longueur; puis on colle
1715 578 2765 671 les deux côtés l’un sur l‘autre, ce qui forme l‿enton-
1712 635 2763 724 noir. Les pétales se gaufrent aussi en les pliant égale¬
1711 702 2761 773 ment dans leur longueur et en les passant de plus
1718 737 2765 830 entre le pouce et la pince, afin de les renverser par le
1719 791 2764 888 haut. Pour terminer, on attache les pétales au cœur,
1711 841 2763 937 les disposant l’un devant l'autre en forme de croix,
1707 900 2761 983 et les joues de chaque pétale se touchant jusqu’à
1703 952 2760 1037 moitié de leur longueur. Le calice est enfilé de ma-
1697 993 2760 1089 nière à ce qu’il recouvre les onglets des pétales, liant
1703 1052 2445 1122 au pédoncule leur partie inférieure.
1765 1110 2755 1190 Les boutons à demi ouverts se font comme les
1699 1157 2756 1255 fleurs, mais sur le numéro 5 ; on a soin de relever les
1703 1212 2753 1298 pétales l’un sur l‘autre afin que le calice les puisse
1693 1270 2742 1356 recouvrir dans la moité de leur longueur. Les bou-
1687 1328 2752 1408 tons fermés se font au moyen d’une petite boule allon-
1687 1385 2756 1459 gée, de papier rouge foncé, qui se place au milieu d’un
1691 1426 2755 1513 calice plus petit que celui de la fleur. Pour monter la
1681 1473 2755 1570 branche de giroflée simple, il faut prendre d’abord
1691 1544 2749 1614 une tige de fil de fer que l’on cotonne, et à laquelle
1691 1580 2749 1673 on fixe quelques boutons formant le haut de la tige;
1691 1649 2756 1715 on place ensuite les boutons à demi ouverts, puis
1679 1691 2753 1766 les petites fleurs, enfin les grandes, dont le nombre
1684 1743 2748 1825 ne doit pas être exagéré. Les boutons et les fleurs
1681 1798 2748 1883 entourent la tige et ne se placent pas les uns sur les
1676 1844 2746 1934 autres; les feuilles, au nombre de quatre, sont dispo¬
1676 1896 2755 1974 sées sous les fleurs avec deux folioles. — Les pelites
1676 1946 2746 2034 fleurs, qui se font comme les grandes, se coupent sur
1672 2003 2745 2086 le numéro 4. Les queues ou pédicelles des boutons
1669 2061 2733 2140 ou des fleurs varient de longueur de 4 à 10 milli-
1669 2100 1837 2167 mètres.
1718 2160 2726 2238 43, Hortense dans un écusson formé par dés mar-
1666 2203 1861 2276 guerites.
1711 2278 2725 2347 44, ENTRE-DEUX pour divers objets de lingerie, plu-
1660 2315 1806 2386 metis.
1711 2382 2542 2444 45, ENTRE-DEUX, même emploi, plumetis.
1711 2437 2718 2508 46, PETIT COL du matin pour broder à la minute.
1707 2482 2722 2561 47, ENTRE-DEUX à broder sur tulle, crêpe, plumetis.
1705 2537 2729 2615 48, Ecusson de mouchoir avec les lettres G. M., le
1666 2576 2596 2651 tout au plumetis simple ou au point de feston.
1700 2636 2109 2702 49, D. R., plumetis.
1699 2679 2717 2760 50, PATRON pour faire les jasmins. On commence
1665 2741 2716 2820 par découper, sur le n° 1, soit en étoffe, soiit en pa-
1657 2799 2722 2874 pier, un assez grand nombre d’étoiles ; ensuite, l’on
1653 2861 2720 2929 prépare un nombre de tubes égal à celui des étoiles;
1652 2903 2722 2971 ces tubes s’obtiennent en roulant et collant sur une
1654 2948 2712 3025 aiguille à tricoter d’une grosseur ordinaire des mor-
1654 2999 2721 3089 ceaux d’étoffe ou de papier, de même couleur que les
1648 3057 2720 3133 étoiles et de la forme du n° 3 ; les tubes retirés de
1645 3099 2702 3192 dessus l’aiguille, on les laisse sécher et l‘on fixe en¬
1642 3172 2706 3233 suite, avec un peu de colle, chacune des étoiles sur
1636 3204 2044 3275 l’extrémité du tubé.
1684 3264 2703 3346 Le cœur de la fleur est composé de trois étammes,
1644 3315 2699 3391 dont une plus longue que les deux autres; on les atta¬
1634 3379 2703 3462 che à un léger fil de fer qui sert de pédoncule à la
1637 3418 1757 3486 fleur.
1676 3482 2695 3553 Pour achever la fleur, on enfile dans le tube de la
1634 3539 2693 3609 corolle le pédoncule, auquel le cœur est attaché,
1630 3592 2690 3684 de façon à ce que le filet des étammes soit maintenu
