2897 4318
1251 236 1359 332 115
150 320 1265 409 obtenu par la dernière volonté de son vieux père
150 384 1251 448 avait envoyé à Malte, et qui fût allé à malte avec l’im¬
156 445 1257 503 patiente ardeur de l’artiste s’il n’eût laissé derrière
160 500 1259 570 lui la petite Félicité, son charmant trésor de dix ans,
147 555 1204 630 l’enfant trouvée de l’église Saint-Paul-Saint-Louis !
196 599 1251 673 A peine était-il installé en sa nouvelle demeure,
153 666 1251 735 occupé déjà du soin de s’y ménager un atelier, qu’il
147 721 1251 778 reçut de dona Carmen un billet plein de grâce, l’in¬
153 773 1251 828 vitant à venir prendre le chocolat le soir avec quel¬
147 824 1251 891 ques amis de la maison. Le chevalier se rappela tout
147 884 1258 933 ce que le capitaine lui avait dit de la vertu aimable
147 929 1251 990 de dona Carmen ; il accepta. Quand il arriva au patio
150 981 1250 1048 ou salon d’été, revêtu de marbre et garni d‘étoffes
149 1037 1248 1106 légères : Dona Carmen, vêtue d’un riche costume,
142 1097 1252 1158 allait au-devant de trois dames maltaises couvertes
150 1151 1248 1218 encore de longues capes noires ; d’autres dames étaient
142 1205 1248 1266 sur le côté de la salle, et des cavaliers causaient ou
142 1259 1254 1319 faisaient de la musique, tandis qu’une jolie camériste
142 1314 1248 1377 agaçait avec une orange le petit Pepito, l’enfant de
150 1369 1248 1440 dona Carmen. Une franche gaieté animait la réunion,
147 1426 1251 1486 où l’arrivée du seigneur français produisit beaucoup
147 1476 1237 1537 d’effet. Les plus notables gentilshommes de l’île s’em¬
153 1530 1251 1594 pressèrent autour de lui ; et quant à la maîtresse de
142 1586 1248 1647 la maison, elle fut d’une bonté parfaite et s’empara
150 1642 1251 1707 de l’étranger pour l‘initier aux mœurs et usages de
145 1690 1241 1763 Malte. Après l’avoir écoutée attentivement, le cheva-
150 1742 332 1808 lier dit :
199 1804 1248 1863 «Il n’y a que vous, madame, de qui vous n‘ayez point
147 1856 1241 1917 parlé, et cependant ce serait pour moi le chapitre le
160 1906 488 1977 plus intéressant.
257 1965 1238 2022 Je ne demande pas mieux, répondit dona Car¬
147 2014 1238 2078 men, que de satisfaire votre curiosité. A peine suis-je
153 2064 1238 2134 hors du deuil de veuvage : après plusieurs années de
147 2121 1238 2191 l’union la plus heureuse, j’ai eu la douleur de perdre
145 2182 1243 2245 mon mari, dont le souvenir vivra toujours dans mon
156 2238 1236 2295 cœur. Cette perte m’a fait comprendre le vide du
150 2278 1243 2346 bonheur de ce monde, et j’ai résolu de me consacrer
142 2338 1238 2402 à l’éducation de mon fils, puis de me retirer dans un
150 2395 1236 2462 couvent sitôt que Pepito sera devenu un homme. Ce
140 2452 1233 2515 sera le port où je m’estimerai heureuse d’aborder.
147 2498 1226 2560 Vous le voyez, chevalier, je vous ai fait mes confi-
146 2556 1237 2630 dences, et c’était vous donner une grande preuve
145 2605 1090 2672 d’estime : maintenant, j’attends les vôtres. »
183 2655 1232 2720 De Favray était ému en considérant avec son œil
139 2699 1232 2774 d’artiste cette femme si jeune encore, si belle et si
139 2774 1230 2830 simple dans l’opulence, qui n’aspirait qu’à la retraite
135 2827 1233 2890 et au recueillement, tandis qu’en apparence elle était
133 2869 1226 2947 tout entière à ses visiteurs. Il jugea qu’il devait obéir
132 2934 1230 2995 aux prières de dona Carmen et il retraça le cours de
129 2998 1220 3044 sa double existence de peintre et de chevalier. Il ar¬
139 3040 1223 3104 riva au moment cruel où il avait dû se séparer de son
132 3089 512 3148 enfant d’adoption.
172 3140 1226 3221 « Si vous saviez, dit-il, comme ma petite Félicité
132 3193 1220 3268 était une ravissante créature !.. Sa grâce, sa gentil¬
128 3248 1234 3319 lesse, sa figure charmante, sa douceur, tout s’unissait
135 3311 1226 3371 pour la parer et me faire bénir le moment où j’avais
128 3367 1220 3431 trouvé et emporté ce trésor. Etais-je triste, son re¬
131 3414 1223 3494 gard me consolait ; fatigué, sa chansonnette était pour
129 3471 1222 3551 moi une distraction, un soulagement ; éloigné, je
125 3517 1226 3583 trouvais moins longue la course qui me rapprochait
125 3571 1220 3652 d’elle. Félicité avait dix ans, et déjà sa petite main
124 3635 1226 3697 maniait le crayon avec dextérité. Un ordre de départ
125 3681 1216 3764 immédiat m’est arrivé... Partir, oh! partir pour tou¬
131 3731 1223 3809 jours, peut-être, et laisser derrière moi mon enfant
126 3795 1220 3857 chérie!.. Eh bien, madame, j’ai consommé ce doulou¬
126 3843 1218 3921 reux sacrifice, j’ai obéi au devoir, et j‘ai conduit Fé¬
1344 334 2438 441 licité chez les dames bénédictines du Saint-Sacrement,
1348 395 2439 492 mes voisines de l’hôtel de Thévenot.... Félicité est à
1348 438 1988 523 Paris, et moi je suis à Malte! »
1384 520 2442 606 Il s’arrêta : des larmes étaient dans sa voix comme
1344 566 2437 666 dans ses yeux. Dona Carmen l’avait écouté avec une
1334 613 1737 685 muette compassion.
1386 677 2432 749 « Je m’applaudis, dit-elle, de ce que le basard m‘a
1339 731 2437 802 mise sur voire chemin. Au moins serez-vous sûr
1336 774 2434 852 d’avoir une amie, une amic véritable dans votre nou¬
1346 838 2438 902 velle patrie. Nous parlerons souvent de votre Félicité.
1343 872 2445 963 Un jour vous la reverrez, quand vous serez rendu à la
1343 937 1510 998 France.
1382 1006 2184 1069 — Ah! ce jour brillera-t-il jamais?.. »
1376 1048 2435 1130 Dès le lendemain, le chevalier se mit à exécuter un
1340 1109 2430 1193 projet qui la veille lui était venu en tête. C’était de
1327 1155 2430 1241 retracer la première scène dont il avait été témoin en
1334 1213 2434 1294 entrant dans le salon. Il commença son tableau d’une
1344 1259 2421 1348 Visite de dames maltaises (1). Ce travail lui fit du
1336 1316 2434 1397 bien, comme tout travail qu’on entreprend et qu‘on
1341 1373 1753 1439 poursuit avec cœur.
1377 1432 2430 1501 Quand le tableau fut achevé, de Favray l’envoya à
1332 1466 2435 1558 dona Carmen, en lui écrivant : « Daignez accepter cet
1333 1539 2017 1600 » ouvrage, au nom de Félicité. »
1379 1590 2430 1668 Quinze ans s’écoulèrent, remplis pour le chevalier
1334 1654 2430 1729 par ses fonctions militaires et par l’exercice de son art;
1329 1711 2430 1779 par quinze ans d’une existence laborieuse et digne. Au
1327 1760 2426 1818 bout de ce temps, il reçut la permission de retourner
1329 1806 2430 1882 en France. Précisément, Pepito venait d’être déclaré
1323 1876 2421 1933 majeur et mis en possession de sa fortune. Le cheva¬
1327 1913 2430 1990 lier se préoccupait des adieux qu’il aurait à adresser à
1325 1974 2424 2050 l’excellente dona Carmen, lorsqu’il reçut d’elle le billet
1322 2024 1511 2096 suivant :
1372 2114 2417 2188 « Je sais que vous allez partir et j’en suis heureuse
1323 2191 2414 2250 » pour vous. Mon œuvre maternelle est accomplie,
1323 2231 2417 2300 » j’entre au couvent. Adieu; je prierai en me souve-
1318 2287 2427 2353 » nant de votre bonne amitié. Je vous renvoie votre
1320 2346 2413 2431 » beau tableau : acceptez-le de moi, au nom de Fé¬
1320 2388 1530 2462 » licité. »
1358 2633 2412 2740 Comme le cœur battait à Antoine, lorsqu’il sonna à
1316 2710 2421 2788 la porte des dames bénédictines, le jour même où il
1316 2769 2421 2837 était de retour à Paris ! Rien ne l’avait instruit du
1311 2822 2421 2902 sort de sa fille adoptive. Il se demandait avec anxiété
1315 2888 2412 2941 si Félicité vivait encore, après tant d’années d‘absence.
1311 2933 2412 3000 Et, dans le cas où elle vivrait, n’était-il pas probable
1320 2995 2406 3048 que, ne voyant plus son protecteur, elle se serait dé¬
1309 3047 2409 3114 terminée à prendre le voile ? Alors ce serait une autre
1305 3098 2402 3150 séparation, une séparazion éternelle. C’était son bien
1311 3153 2409 3214 le plus cher qu’il venait réclamer, sa consolation dans
1305 3201 2406 3280 un âge déjà mûr, sa famille entière à lui qui n’avait
1318 3254 2394 3319 plus de famille. Il fallut qu’il se nommât pour qu‘on
1305 3304 2146 3378 le reconnût, et alors il nomma Félicité...
1354 3351 2396 3426 « Montez au parloir, monsieur le chevalier, dit la
1300 3422 2396 3474 sœur tourière; mademoiselle Felicité va s’y rendre. »
1357 3475 2401 3528 O bonheur! Félicité vivait toujours !.. La moitié de
1300 3510 2395 3588 la crainte était évanouie. Qu’importe si sa fille adop¬
1308 3576 2399 3639 tive s’est retirée du monde... Elle vit, c’ est assez pour
1308 3615 2128 3709 celui qui lui a consacré tant d’affection.
1350 3797 2402 3854 (1) Ce tableau, dont la gravure est jointe au numéro de
1308 3845 2232 3917 ce mois, se voit dans le musée français du Louvre.
