2822 3966
1579 102 1707 184 136
539 164 1593 253 chaînes, vous ne les sentez pas, hommes vieillis dans
528 213 1591 291 la pénitence ; vous ne les sentez pas non plus, jeunes
532 270 1592 351 hommes voués aux sacrifices. On vous a dit : « La
532 327 1596 389 paix est en vous, et non hors de vous! » Vous l’avez
532 380 1588 441 cru, vous avez bien fait, vons avez méprisé ce mirage
527 433 1585 482 de la vie. Ce mirage, c’est lui qui m’attire, je le pour-
527 483 1583 536 suis, il fuit, je l’atteindrai, ou j’alleindraï la mort.
530 532 1584 597 Liberté! liberté ! c’est toi qui réveilles à toute heure
522 597 1588 659 mon âme qui voudrait reposer. J’entends les clameurs
522 634 1581 710 du monde, les murs du monastère nous en envoient
522 687 1568 765 l’écho. O vous, qui avez protégé mon enfance, ver-
527 744 1576 814 tueux cénobites qui m’avez sauvé du fer des assassins,
526 798 1573 872 vous avez vu le monde, vous l’avez oublié! Moi, je
519 838 1571 927 n’ai rien vu, j’aj tout pressenti; ma vie, à moi, ce de¬
519 889 1157 968 vait être la puissance, la gloire!
546 950 1572 1030 » Qui m’a révélé ce secret? c’est mon sang, mon
504 991 1564 1074 sang qui me crie : « Va, fils de rois, va laver ton in-
514 1042 1575 1133 jure; seul debout au milieu des cadavres, qu’attends¬
506 1093 1203 1159 tu pour venger les morts? Va !... »
557 1139 1576 1238 » Et mon âme, enfermée dans un corps, l’entraîne
514 1212 1569 1281 par sa véhémence, et mon corps lui-même, obéissant
507 1258 1575 1341 comme un esclave, s’en vient errer la nuit dans ces
510 1304 1457 1395 cloîtres, il cherche une issue.... il n’y en a pas.
546 1379 1571 1443 » O nuit désespérante, passez, allez tomber comme
514 1412 1569 1510 les autres nuits dans cet abîme d’où rien n’est revenu
508 1458 701 1532 jamais! »
546 1517 1563 1603 Rèvant ainsi, le jeune homme, revêtu de l’habit des
510 1567 1571 1650 moines, se dirigeait vers le préau. Une croix de bois
511 1631 1559 1710 s’élevait au milieu des tombes, et de ces tombes silen¬
507 1686 1565 1757 cieuses sortaient comme des émanations de la paix
500 1734 1454 1820 éternelle. Instinctivement, le frère s’agenouilla.
541 1799 1560 1876 «O vous, dit-il, vous qui dormez votre dernier som¬
492 1842 1453 1919 meil, ayez pitié de moi, envoyez-moi la paix ! »
534 1903 1313 1969 Et les tombes immobiles répondaient :
535 1953 1404 2041 « Oublie-toi toi-même, et tu seras en paix.
557 2028 1556 2095 — M’oublier?... mais rien n’est mort en moi! j’ai
495 2048 1557 2137 gardé pour souffrir ma force et mon courage... Les
503 2123 1557 2190 veilles m’ont attristé sans m‘instruire, la solitude m‿a
494 2167 1555 2240 désolé sans m’éteindre. M’oublier? renoncer à moi?
490 2210 1292 2295 à mon sang? au sang de Clovis? non ! »
528 2264 1541 2365 Et plus pâle encore, le jeune homme remonta l’es¬
488 2336 1545 2401 calier de pierre. Au haut de cet escalier, un long cor-
483 2375 1540 2453 ridor régnait et donnait issue aux cellules des moi¬
483 2434 1549 2519 nes. Une de ces cellules était celle du jeune Daniel.
484 2485 1552 2575 Là, il était seul ; là,  il  étuit maitre. Pauvre âme
487 2544 1549 2611 gonflée par la tempête, qu’elle était à l’étroit dans cet
476 2593 1546 2677 humble réduit ! Malheur à qui se croit trop grand
477 2637 1056 2716 pour le cadre qui l’enferme!
510 2697 1534 2767 Au bruit que fit le solitaire en entrant dans sa cel¬
468 2737 1545 2829 lule, un jeune moine s’éveilla. Il comprit qu’un frère
469 2807 1540 2876 avait besoin de consolations. Comme un ange de se¬
463 2864 1540 2925 cours, il vint et s’assit au pied de la couche sur la¬
471 2908 1023 2979 quelle s’était jeté le prince.
506 2972 1157 3057 « Frère, que puis-je pour vous ?
557 3016 688 3089 Rien.
565 3061 1105 3173 Qui a troublé votre repos ?
506 3132 653 3184 — Moi.
558 3165 1532 3275 Hélas ! pour moi qui n’ai du monde qu’une idée
463 3215 1529 3312 confuse, semblable à un rêve mauvais, je trouve ici
457 3269 1368 3381 tout ce que cherche mon âme ; mais vous?...
567 3332 1026 3413 Moi, je ne trouve rien.
570 3380 1525 3478 Issu du sang des rois, vous gardez la mémoire
448 3418 1506 3546 de vos nobles aïeux, peut-être un reste d’espérance.
549 3483 1518 3615 Heureux qui n’en a plus : celui-là végète sans
443 3546 1296 3664 douleur ; vivre ici ou là, que lui importe ?
1717 186 2727 288 — Mais, dites-moi, qu’y a-t-il au delà de ces murs
1682 241 2727 331 qui puisse détourner de Dieu nos désirs? N’avons-
1670 292 2725 376 nous pas d’ici la vue du ciel et des eaux ? La chaleur
1673 345 2732 425 du soleil ne vient-elle pas à nous? La fraîcheur, la
1666 390 2716 494 lumière, les richesses des moissons, ces biens ne sont-
1663 437 2041 514 ils pas les nôtres?
1772 492 2291 585 Ces biens vous suffisent?
1768 546 1880 605 Non.
1773 590 1958 663 Eh bien?
1715 656 2166 730 — J'attends l'éternité.
1758 716 2719 801 Heureux enfant! Dieu vous a fait grâce des maux
1660 763 2723 850 dont je suis accablé. Laissez-moi seul; je vous trou-
1658 811 2001 885 blerais peut-être.
1764 869 2717 944 Ne craignez point, rien ne trouble mon âme.
1658 901 2723 1009 Elle ne m’appartient plus : Dieu l’a prise comme
1651 967 2712 1042 sienne, et depuis que mes vœux m'ont lié pour tou-
1658 1017 2715 1129 jours, il me semble que j’ai part en quelque chose à
1660 1070 2066 1144 la félicité d’en haut.
1756 1139 2723 1217 Eh bien, sachez-le donc, jamais ne s’éloigne
1651 1176 2716 1257 de moi l’image du passé. Je vois chaque nuit les om¬
1651 1222 2708 1308 bres de mes pères, ces ombres fières et indomptées
1651 1296 2719 1363 qui me reprochent mon involontaire inaction. Je vois
1654 1337 2705 1420 Mérovée qui repousse les barbares et chasse le farou-
1648 1396 2705 1466 che Attila. Je vois Clovis, le plus cher de mes aïeux,
1658 1446 2699 1525 qui renvoie dans Rome les fiers possesseurs des Gau-
1648 1485 2709 1565 les. Il va dans l’ouest, il tue Alaric ; il dompte tout ce
1651 1549 2700 1647 qui se redresse, il terrasse tout ce qui s’oppose à lui.
1648 1593 2711 1679 Et moi, son descendant, je suis là, ignoré, inconnu...
1756 1647 2703 1734 Que la sainte épouse de votre père Clovis veille
1640 1705 2709 1797 sur vous des célestes demeures, qu’elle vous obtienne
1646 1744 1835 1809 le repos !
1729 1808 2703 1882 — Des armes, voilà ce qu’il me faut. Desarmes pour
1650 1856 2704 1933 vaincre ces hommes qui croient effacer mon nom de
1639 1895 2700 1996 la terre, comme si ma race pouvait mourir en se tai¬
1646 1964 2619 2031 sant. Je crierai au peuple, le peuple m’entendra.
1748 2012 2630 2102 Quels sont les biens que vous ambitionnez ?
1748 2063 2158 2118 Un seul : mon nom.
1685 2086 2370 2184 — Daniel ne vous suffit donc pas?
1736 2155 2703 2248 Chilpéric est le seul auquel mon âme réponde;
1634 2216 2709 2290 mon- âme, qu’on a cru faire oublieuse, et qui s’est
1638 2267 2707 2354 souvenue d’elle-même. Il est encore devant mes yeux
1630 2319 2691 2404 ce jour néfaste où, dans le secret d’une forêt pro-
1627 2362 2087 2432 fonde, des assassins...
1740 2421 2689 2499 Je sais quelles ont été vos douleurs... Le roi
1636 2473 2129 2544 Childéric II votre père...
1730 2536 2684 2597 Et ma mère! Blichilde! elle sera toujours dans
1627 2568 2684 2658 ma mémoire. Je la vois étendue sur la terre. De son
1628 2649 2688 2707 cœur frappé à mort la vie sortait avec des flots de
1622 2687 2695 2760 sang, et cependant elle nous aimait encore ! Ses yeux
1626 2748 2689 2810 nous cherchaient, mon frère et moi. Mon frère, on
1622 2795 2687 2872 l’avait tué; moi, je fuyais. Le corps du roi, le corps
1624 2858 2693 2915 de la reine, le corps de mon frère, tous ces corps
1623 2909 2401 2978 cient vengeance; je ne les venge pas!
1717 2959 2693 3023 Mon frère, chassez ces terribles pensées. Vous
1616 3008 2687 3101 souvient-il de votre aïeule Bathilde? N’a-t-elle pas
1620 3057 2265 3121 trouvé le calme dans le cloître ?
1706 3124 2681 3198 — Son nom ne périssait pas. Deux fils le portaient.
1666 3176 2578 3247 — Bathilde n’a été heureuse que par l’oubli.
1662 3231 2681 3312 — L’oubli? L‘oublir vous est facile, vous êtes sans
1611 3279 2445 3348 passions ! Allez, retirez-vous, mon frère.
1709 3330 2674 3401 Hélas! je vous quitte sans vous avoir soulagé.
1615 3375 2674 3471 Que Dieu, qui seul est assez grand pour soutenir les
1604 3442 2483 3517 rois, que Dieu vous garde et vous console!
1702 3487 2441 3565 Priez pour moi! » dit frère Daniel.
1647 3545 2665 3627 Le jeune religieux, se glissant comme une ombre
1600 3596 2657 3671 le long du corridor obscur, rentra dans sa cellule,
