<?xml version="1.0" encoding="UTF-8" standalone="yes"?><PcGts xmlns="http://schema.primaresearch.org/PAGE/gts/pagecontent/2013-07-15"><Metadata><Creator>prov=READ-COOP:name=TrHtr:version=2.42.0:model_id=356425:date=24_04_2026_10:28</Creator><Created>2026-04-14T09:53:06.254849</Created><LastChange>2026-06-20T13:22:44.326+02:00</LastChange><TranskribusMetadata docId="14756063" pageId="115166513" pageNr="24" userId="187713" imgUrl="https://files.transkribus.eu/Get?fileType=view&amp;id=AMDWMKWHFTPXVRNNCWYRAQST" imageId="97254119"/></Metadata><Page imageFilename="115166513.jpg" imageWidth="2822" imageHeight="3966"><TextRegion id="tr_1776153202" custom="readingOrder {index:0;} structure {type:page-number;score:0.99;}"><Coords points="1525,83 1614,85 1610,150 1520,154"/><TextLine id="tr_1776153202_tl_1" custom="readingOrder {index:0;}"><Coords points="1549,156 1558,156 1566,150 1575,161 1588,160 1593,155 1606,156 1612,102 1605,102 1597,97 1591,100 1587,94 1582,97 1576,97 1575,94 1567,97 1554,94"/><Baseline points="1558,136 1576,137 1611,132"/><TextEquiv><Unicode>12</Unicode></TextEquiv></TextLine><TextEquiv><Unicode></Unicode></TextEquiv></TextRegion><TextRegion id="tr_1776153199" custom="readingOrder {index:1;} structure {type:paragraph;score:0.99;}"><Coords points="441,170 1554,167 1549,2448 475,2448"/><TextLine id="tr_1776153199_tl_1" custom="readingOrder {index:0;}"><Coords points="487,255 1517,224 1519,182 1378,159 490,202"/><Baseline points="495,247 534,241 579,238 624,238 668,235 713,232 758,229 803,226 848,223 892,220 937,218 982,215 1027,215 1072,215 1116,215 1161,215 1206,215 1251,215 1296,215 1340,215 1385,215 1430,212 1475,212 1520,215"/><TextEquiv><Unicode>grègues, mot composé qui s’explique de lui-même.</Unicode></TextEquiv></TextLine><TextLine id="tr_1776153199_tl_2" custom="readingOrder {index:1;}"><Coords points="487,307 924,270 1457,286 1511,273 1512,231 488,259"/><Baseline points="495,292 528,289 573,289 618,286 662,283 707,280 752,277 797,274 842,271 886,268 931,265 976,262 1021,262 1066,262 1110,262 1155,262 1200,262 1245,262 1290,262 1334,262 1379,262 1424,262 1469,262 1514,262"/><TextEquiv><Unicode>La partie du vêtement masculin, remplacée plus tard</Unicode></TextEquiv></TextLine><TextLine id="tr_1776153199_tl_3" custom="readingOrder {index:2;}"><Coords points="491,353 1486,335 1500,273 492,306"/><Baseline points="498,343 516,337 561,337 606,334 651,331 695,328 740,322 785,319 830,316 875,313 919,313 964,313 1009,310 1054,310 1099,310 1143,310 1188,310 1233,310 1278,310 1322,310 1367,310 1412,310 1457,310 1502,310"/><TextEquiv><Unicode>par le haut de chausses, auquel succédèrent les fa-</Unicode></TextEquiv></TextLine><TextLine id="tr_1776153199_tl_4" custom="readingOrder {index:3;}"><Coords points="488,395 1499,375 1499,336 1186,319 490,360"/><Baseline points="495,388 516,385 561,382 606,379 651,376 695,370 740,370 785,367 830,364 875,364 919,364 964,364 1009,361 1054,361 1099,358 1143,358 1188,358 1233,358 1278,358 1322,361 1367,361 1412,361 1457,358 1502,358"/><TextEquiv><Unicode>meuses culottes, supplantées à leur tour par le mo-</Unicode></TextEquiv></TextLine><TextLine id="tr_1776153199_tl_5" custom="readingOrder {index:4;}"><Coords points="484,446 1461,432 1513,424 1515,375 484,400"/><Baseline points="492,433 531,427 576,424 621,424 665,421 710,418 755,418 800,418 845,418 889,418 934,418 979,415 1024,415 1069,412 1113,412 1158,412 1203,409 1248,409 1293,409 1337,409 1382,409 1427,409 1472,409 1517,409"/><TextEquiv><Unicode>derne pantalon, s’appelait grègues. On les attachait</Unicode></TextEquiv></TextLine><TextLine id="tr_1776153199_tl_6" custom="readingOrder {index:5;}"><Coords points="484,488 1507,474 1508,419 486,445"/><Baseline points="492,477 525,474 570,474 615,471 660,471 704,471 749,471 794,471 839,468 883,468 928,468 973,468 1018,465 1063,465 1107,462 1152,459 1197,459 1242,456 1287,456 1331,459 1376,459 1421,459 1466,459 1511,462"/><TextEquiv><Unicode>avec des aiguillettes ou lacets ferrés au bout, qui,</Unicode></TextEquiv></TextLine><TextLine id="tr_1776153199_tl_7" custom="readingOrder {index:6;}"><Coords points="482,534 1504,530 1505,478 483,499"/><Baseline points="489,528 522,528 567,525 612,525 657,525 701,522 746,522 791,522 836,519 881,519 925,519 970,516 1015,516 1060,513 1104,513 1149,510 1194,510 1239,507 1284,507 1328,507 1373,507 1418,507 1463,510 1508,516"/><TextEquiv><Unicode>à cause de leur destination, prirent le nom de lie-gré</Unicode></TextEquiv></TextLine><TextLine id="tr_1776153199_tl_8" custom="readingOrder {index:7;}"><Coords points="480,601 1504,583 1519,534 482,558"/><Baseline points="489,585 534,582 579,579 624,579 668,576 713,576 758,573 803,573 848,573 892,570 937,570 982,567 1027,564 1072,564 1116,564 1161,561 1206,558 1251,558 1296,558 1340,558 1385,558 1430,558 1475,561 1520,564"/><TextEquiv><Unicode>ques. Mais lorsque les grègues eurent disparu et avec</Unicode></TextEquiv></TextLine><TextLine id="tr_1776153199_tl_9" custom="readingOrder {index:8;}"><Coords points="487,646 1478,638 1515,584 488,608"/><Baseline points="495,633 531,633 576,630 621,630 665,630 710,627 755,627 800,624 845,624 889,621 934,621 979,618 1024,615 1069,615 1113,612 1158,612 1203,612 1248,612 1293,612 1337,612 1382,612 1427,612 1472,612 1517,615"/><TextEquiv><Unicode>elles les lacets servant à les lier, l’orthographe du</Unicode></TextEquiv></TextLine><TextLine id="tr_1776153199_tl_10" custom="readingOrder {index:9;}"><Coords points="482,698 1480,693 1519,634 482,655"/><Baseline points="489,683 534,683 579,683 624,683 668,680 713,677 758,677 803,674 848,674 892,671 937,668 982,668 1027,665 1072,665 1116,662 1161,662 1206,662 1251,662 1296,665 1340,665 1385,665 1430,665 1475,665 1520,671"/><TextEquiv><Unicode>mot lie-grègues se corrompit, l’usage n’étant plus là</Unicode></TextEquiv></TextLine><TextLine id="tr_1776153199_tl_11" custom="readingOrder {index:10;}"><Coords points="487,751 1517,735 1517,679 488,700"/><Baseline points="495,740 534,734 579,734 624,731 668,731 713,728 758,728 803,725 848,722 892,722 937,719 982,716 1027,716 1072,716 1116,716 1161,716 1206,716 1251,716 1296,719 1340,719 1385,719 1430,719 1475,719 1520,725"/><TextEquiv><Unicode>pour en rappeler la formation; le peuple, chez qui</Unicode></TextEquiv></TextLine><TextLine id="tr_1776153199_tl_12" custom="readingOrder {index:11;}"><Coords points="482,810 925,777 1517,799 1519,734 483,749"/><Baseline points="489,788 534,785 579,785 624,782 668,782 713,779 758,776 803,776 848,770 892,770 937,767 982,767 1027,767 1072,767 1116,767 1161,767 1206,770 1251,770 1296,770 1340,770 1385,770 1430,770 1475,773 1520,773"/><TextEquiv><Unicode>l’oreille a meilleure mémoire que l’œil, confondit, à</Unicode></TextEquiv></TextLine><TextLine id="tr_1776153199_tl_13" custom="readingOrder {index:12;}"><Coords points="482,847 1504,841 1505,790 483,810"/><Baseline points="489,839 522,836 567,836 612,833 657,833 701,830 746,827 791,824 836,821 881,821 925,821 970,821 1015,821 1060,821 1104,821 1149,824 1194,824 1239,824 1284,824 1328,824 1373,824 1418,824 1463,824 1508,824"/><TextEquiv><Unicode>cause de la consonnance, la lie-grègue, qu’il n’em-</Unicode></TextEquiv></TextLine><TextLine id="tr_1776153199_tl_14" custom="readingOrder {index:13;}"><Coords points="488,910 875,879 1517,898 1494,839 488,848"/><Baseline points="495,892 534,886 579,883 624,881 668,881 713,878 758,875 803,875 848,872 892,872 937,872 982,872 1027,872 1072,875 1116,875 1161,875 1206,875 1251,875 1296,875 1340,875 1385,875 1430,875 1475,875 1520,878"/><TextEquiv><Unicode>ployait plus, avec l’avant-dernière lettre de sa croix</Unicode></TextEquiv></TextLine><TextLine id="tr_1776153199_tl_15" custom="readingOrder {index:14;}"><Coords points="484,958 1508,942 1508,899 484,902"/><Baseline points="492,937 525,934 570,934 615,931 660,928 704,925 749,925 794,922 839,922 883,922 928,925 973,925 1018,928 1063,925 1107,925 1152,925 1197,925 1242,925 1287,925 1331,925 1376,925 1421,925 1466,925 1511,925"/><TextEquiv><Unicode>de par Dieu, et l’appela l‘Y; puis, comme les merciers</Unicode></TextEquiv></TextLine><TextLine id="tr_1776153199_tl_16" custom="readingOrder {index:15;}"><Coords points="476,1000 1512,996 1512,957 476,961"/><Baseline points="483,985 528,985 573,982 618,979 662,976 707,976 752,976 797,976 842,976 886,976 931,976 976,976 1021,976 1066,976 1110,976 1155,976 1200,976 1245,976 1290,976 1334,976 1379,976 1424,976 1469,976 1514,985"/><TextEquiv><Unicode>et marchands d’aiguilles ne se sont pas crus obligés,</Unicode></TextEquiv></TextLine><TextLine id="tr_1776153199_tl_17" custom="readingOrder {index:16;}"><Coords points="482,1062 1511,1042 1511,1000 1410,990 482,995"/><Baseline points="489,1036 528,1033 573,1033 618,1030 662,1030 707,1027 752,1027 797,1027 842,1027 886,1027 931,1027 976,1027 1021,1027 1066,1027 1110,1027 1155,1027 1200,1027 1245,1027 1290,1024 1334,1027 1379,1024 1424,1027 1469,1024 1514,1030"/><TextEquiv><Unicode>plus que leurs devanciers les maîtres aiguilliers et</Unicode></TextEquiv></TextLine><TextLine id="tr_1776153199_tl_18" custom="readingOrder {index:17;}"><Coords points="476,1096 1505,1089 1505,1054 476,1059"/><Baseline points="483,1087 522,1084 567,1081 612,1081 657,1081 701,1081 746,1081 791,1081 836,1081 881,1081 925,1078 970,1078 1015,1078 1060,1078 1104,1078 1149,1078 1194,1078 1239,1075 1284,1075 1328,1075 1373,1078 1418,1075 1463,1075 1508,1078"/><TextEquiv><Unicode>aiguilletiers, de corriger les vices de la linguistique</Unicode></TextEquiv></TextLine><TextLine id="tr_1776153199_tl_19" custom="readingOrder {index:18;}"><Coords points="479,1142 1499,1144 1500,1099 480,1102"/><Baseline points="486,1137 516,1134 561,1131 606,1131 651,1131 695,1131 740,1131 785,1131 830,1131 875,1131 919,1131 964,1128 1009,1128 1054,1128 1099,1128 1143,1128 1188,1128 1233,1125 1278,1125 1322,1125 1367,1128 1412,1128 1457,1128 1502,1131"/><TextEquiv><Unicode>usuelle, ils se sont fait un devoir, fidèlement pra-</Unicode></TextEquiv></TextLine><TextLine id="tr_1776153199_tl_20" custom="readingOrder {index:19;}"><Coords points="478,1202 1487,1205 1504,1143 479,1144"/><Baseline points="486,1188 522,1185 567,1185 612,1185 657,1185 701,1182 746,1185 791,1182 836,1182 881,1182 925,1182 970,1179 1015,1182 1060,1182 1104,1182 1149,1179 1194,1179 1239,1179 1284,1179 1328,1179 1373,1179 1418,1179 1463,1179 1508,1179"/><TextEquiv><Unicode>tiqué de nos jours encore, d’inscrire sur leurs vi-</Unicode></TextEquiv></TextLine><TextLine id="tr_1776153199_tl_21" custom="readingOrder {index:20;}"><Coords points="479,1250 1471,1252 1517,1246 1519,1202 479,1202"/><Baseline points="486,1242 489,1239 534,1239 579,1236 624,1236 668,1236 713,1236 758,1233 803,1233 848,1233 892,1233 937,1233 982,1233 1027,1233 1072,1233 1116,1233 1161,1233 1206,1233 1251,1233 1296,1230 1340,1230 1385,1230 1430,1230 1475,1230 1520,1233"/><TextEquiv><Unicode>trines ou sur leurs enseignes un Y plus ou moins</Unicode></TextEquiv></TextLine><TextLine id="tr_1776153199_tl_22" custom="readingOrder {index:21;}"><Coords points="476,1298 1436,1310 1519,1293 1520,1247 476,1268"/><Baseline points="483,1293 489,1293 534,1290 579,1290 624,1290 668,1290 713,1287 758,1287 803,1287 848,1287 892,1287 937,1287 982,1287 1027,1287 1072,1287 1116,1287 1161,1284 1206,1284 1251,1284 1296,1284 1340,1284 1385,1284 1430,1284 1475,1284 1520,1287"/><TextEquiv><Unicode>orné et enjolivé, et qui signifie toujours pour le client</Unicode></TextEquiv></TextLine><TextLine id="tr_1776153199_tl_23" custom="readingOrder {index:22;}"><Coords points="482,1366 1517,1361 1517,1303 482,1301"/><Baseline points="489,1352 534,1343 579,1343 624,1340 668,1340 713,1340 758,1340 803,1340 848,1340 892,1340 937,1340 982,1340 1027,1337 1072,1337 1116,1337 1161,1337 1206,1337 1251,1337 1296,1337 1340,1337 1385,1337 1430,1334 1475,1337 1520,1337"/><TextEquiv><Unicode>peu préoccupé de l’origine des mots : « Ici on vend</Unicode></TextEquiv></TextLine><TextLine id="tr_1776153199_tl_24" custom="readingOrder {index:23;}"><Coords points="476,1410 512,1415 558,1402 571,1415 614,1418 658,1404 682,1416 748,1399 770,1411 770,1351 728,1369 669,1352 602,1353 562,1376 529,1357 476,1369"/><Baseline points="483,1397 504,1394 549,1394 594,1394 639,1394 683,1391 728,1394 773,1394"/><TextEquiv><Unicode>des aiguilles. »</Unicode></TextEquiv></TextLine><TextLine id="tr_1776153199_tl_25" custom="readingOrder {index:24;}"><Coords points="530,1456 1511,1450 1511,1411 1407,1399 530,1410"/><Baseline points="537,1448 573,1448 618,1445 662,1445 707,1445 752,1445 797,1442 842,1445 886,1442 931,1442 976,1442 1021,1442 1066,1442 1110,1442 1155,1442 1200,1442 1245,1442 1290,1442 1334,1442 1379,1439 1424,1439 1469,1439 1514,1442"/><TextEquiv><Unicode>Cette petite digression ne nous détourne pas de no-</Unicode></TextEquiv></TextLine><TextLine id="tr_1776153199_tl_26" custom="readingOrder {index:25;}"><Coords points="482,1509 1517,1511 1517,1462 482,1469"/><Baseline points="489,1502 534,1499 579,1499 624,1496 668,1496 713,1496 758,1496 803,1496 848,1496 892,1496 937,1496 982,1496 1027,1496 1072,1496 1116,1496 1161,1493 1206,1493 1251,1493 1296,1493 1340,1493 1385,1493 1430,1490 1475,1493 1520,1493"/><TextEquiv><Unicode>tre sujet autant qu’on pourrait le croire, puisque</Unicode></TextEquiv></TextLine><TextLine id="tr_1776153199_tl_27" custom="readingOrder {index:26;}"><Coords points="482,1561 1502,1567 1502,1522 1412,1505 482,1509"/><Baseline points="489,1552 519,1549 564,1546 609,1546 654,1546 698,1546 743,1546 788,1546 833,1546 878,1546 922,1546 967,1546 1012,1543 1057,1543 1101,1543 1146,1543 1191,1543 1236,1543 1281,1543 1325,1543 1370,1543 1415,1543 1460,1543 1505,1546"/><TextEquiv><Unicode>dans le cours de ce récit nous allons avoir à nous oc-</Unicode></TextEquiv></TextLine><TextLine id="tr_1776153199_tl_28" custom="readingOrder {index:27;}"><Coords points="476,1604 1139,1609 1139,1583 1024,1554 476,1579"/><Baseline points="483,1603 516,1600 561,1600 606,1600 651,1600 695,1597 740,1597 785,1597 830,1597 875,1597 919,1597 964,1597 1009,1597 1054,1597 1099,1597 1143,1597"/><TextEquiv><Unicode>cuper d'une jeune aiguilletière.</Unicode></TextEquiv></TextLine><TextLine id="tr_1776153199_tl_29" custom="readingOrder {index:28;}"><Coords points="530,1660 1508,1666 1509,1609 532,1622"/><Baseline points="537,1651 570,1651 615,1651 660,1648 704,1648 749,1648 794,1648 839,1648 883,1648 928,1648 973,1648 1018,1648 1063,1648 1107,1648 1152,1648 1197,1648 1242,1648 1287,1645 1331,1645 1376,1648 1421,1645 1466,1645 1511,1648"/><TextEquiv><Unicode>Or donc, vers l’an 1417, sous le règne désastreux</Unicode></TextEquiv></TextLine><TextLine id="tr_1776153199_tl_30" custom="readingOrder {index:29;}"><Coords points="476,1712 1519,1712 1519,1671 1445,1659 476,1668"/><Baseline points="483,1702 489,1702 534,1702 579,1702 624,1702 668,1699 713,1699 758,1699 803,1699 848,1699 892,1699 937,1699 982,1699 1027,1699 1072,1699 1116,1699 1161,1699 1206,1699 1251,1699 1296,1699 1340,1699 1385,1699 1430,1699 1475,1699 1520,1699"/><TextEquiv><Unicode>du malheureux Charles VI, il existait à Paris, dans</Unicode></TextEquiv></TextLine><TextLine id="tr_1776153199_tl_31" custom="readingOrder {index:30;}"><Coords points="488,1761 1504,1763 1504,1725 1438,1713 488,1727"/><Baseline points="495,1759 522,1753 567,1753 612,1753 657,1750 701,1750 746,1750 791,1750 836,1750 881,1750 925,1750 970,1750 1015,1750 1060,1750 1104,1750 1149,1750 1194,1750 1239,1750 1284,1750 1328,1750 1373,1750 1418,1750 1463,1750 1508,1750"/><TextEquiv><Unicode>une petite rue appelée Traversaine ou Traversine (au</Unicode></TextEquiv></TextLine><TextLine id="tr_1776153199_tl_32" custom="readingOrder {index:31;}"><Coords points="476,1834 1512,1815 1512,1780 1427,1764 476,1768"/><Baseline points="483,1809 528,1803 573,1803 618,1803 662,1800 707,1800 752,1800 797,1800 842,1800 886,1800 931,1800 976,1800 1021,1800 1066,1803 1110,1800 1155,1800 1200,1800 1245,1800 1290,1800 1334,1800 1379,1800 1424,1800 1469,1803 1514,1803"/><TextEquiv><Unicode>jourd’hui rue des Deux-Écus), une modeste boutique</Unicode></TextEquiv></TextLine><TextLine id="tr_1776153199_tl_33" custom="readingOrder {index:32;}"><Coords points="476,1865 1512,1880 1512,1828 1427,1810 476,1834"/><Baseline points="483,1860 528,1854 573,1854 618,1851 662,1851 707,1851 752,1851 797,1851 842,1851 886,1851 931,1851 976,1851 1021,1851 1066,1851 1110,1851 1155,1851 1200,1851 1245,1851 1290,1851 1334,1851 1379,1851 1424,1851 1469,1851 1514,1854"/><TextEquiv><Unicode>d’aiguilleterie tenue par une jeune et honnête fille du</Unicode></TextEquiv></TextLine><TextLine id="tr_1776153199_tl_34" custom="readingOrder {index:33;}"><Coords points="479,1920 728,1912 763,1923 776,1910 812,1920 814,1868 675,1865 637,1877 592,1865 479,1887"/><Baseline points="486,1911 501,1908 546,1905 591,1905 636,1902 680,1902 725,1902 770,1902 815,1905"/><TextEquiv><Unicode>nom de Blanche.</Unicode></TextEquiv></TextLine><TextLine id="tr_1776153199_tl_35" custom="readingOrder {index:34;}"><Coords points="524,1969 1511,1970 1511,1920 524,1922"/><Baseline points="531,1962 573,1956 618,1956 662,1953 707,1956 752,1953 797,1953 842,1953 886,1953 931,1953 976,1953 1021,1953 1066,1953 1110,1953 1155,1953 1200,1956 1245,1956 1290,1956 1334,1956 1379,1956 1424,1956 1469,1956 1514,1959"/><TextEquiv><Unicode>Par suite, toujours, des habitudes du populaire à</Unicode></TextEquiv></TextLine><TextLine id="tr_1776153199_tl_36" custom="readingOrder {index:35;}"><Coords points="476,2021 1513,2025 1474,1967 476,1983"/><Baseline points="483,2012 486,2012 531,2009 576,2006 621,2006 665,2006 710,2006 755,2006 800,2003 845,2006 889,2006 934,2006 979,2006 1024,2006 1069,2006 1113,2006 1158,2006 1203,2006 1248,2006 1293,2006 1337,2006 1382,2006 1427,2006 1472,2006 1517,2009"/><TextEquiv><Unicode>corrompre le langage en confondant ou transposant les</Unicode></TextEquiv></TextLine><TextLine id="tr_1776153199_tl_37" custom="readingOrder {index:36;}"><Coords points="482,2079 1513,2071 1513,2028 482,2036"/><Baseline points="489,2063 534,2060 579,2060 624,2057 668,2054 713,2054 758,2054 803,2054 848,2054 892,2054 937,2054 982,2057 1027,2057 1072,2057 1116,2057 1161,2057 1206,2057 1251,2060 1296,2057 1340,2060 1385,2060 1430,2060 1475,2060 1517,2063"/><TextEquiv><Unicode>mots, dans le quartier on disait en parlant d’elle et</Unicode></TextEquiv></TextLine><TextLine id="tr_1776153199_tl_38" custom="readingOrder {index:37;}"><Coords points="488,2122 1499,2122 1486,2071 488,2078"/><Baseline points="495,2111 540,2111 585,2108 630,2108 674,2108 719,2105 764,2105 809,2105 854,2105 898,2105 943,2108 988,2108 1033,2108 1078,2108 1122,2108 1167,2108 1212,2111 1257,2111 1302,2111 1346,2111 1391,2111 1436,2111 1481,2111 1502,2114"/><TextEquiv><Unicode>de son commerce : « La boutique de la blanche ai</Unicode></TextEquiv></TextLine><TextLine id="tr_1776153199_tl_39" custom="readingOrder {index:38;}"><Coords points="482,2198 739,2163 1511,2200 1482,2126 482,2142"/><Baseline points="489,2171 528,2162 573,2162 618,2162 662,2159 707,2159 752,2159 797,2156 842,2159 886,2159 931,2159 976,2159 1021,2159 1066,2162 1110,2159 1155,2159 1200,2162 1245,2162 1290,2162 1334,2162 1379,2162 1424,2162 1469,2162 1514,2162"/><TextEquiv><Unicode>guilletière, » au lieu de dire : « de Blanche l’aiguil-</Unicode></TextEquiv></TextLine><TextLine id="tr_1776153199_tl_40" custom="readingOrder {index:39;}"><Coords points="491,2246 567,2222 626,2226 638,2218 654,2231 664,2229 664,2193 651,2187 625,2200 576,2176 564,2183 538,2172 517,2189 491,2191"/><Baseline points="498,2215 534,2212 579,2212 624,2215 668,2212"/><TextEquiv><Unicode>etière. »</Unicode></TextEquiv></TextLine><TextLine id="tr_1776153199_tl_41" custom="readingOrder {index:40;}"><Coords points="524,2278 1511,2286 1491,2230 1370,2218 524,2233"/><Baseline points="531,2266 576,2266 621,2266 665,2266 710,2266 755,2263 800,2263 845,2263 889,2263 934,2263 979,2263 1024,2260 1069,2263 1113,2263 1158,2263 1203,2263 1248,2263 1293,2266 1337,2266 1382,2266 1427,2266 1472,2266 1514,2272"/><TextEquiv><Unicode>Mais ceci ne faisant rien à notre travail, qui a pour</Unicode></TextEquiv></TextLine><TextLine id="tr_1776153199_tl_42" custom="readingOrder {index:41;}"><Coords points="476,2339 1512,2348 1512,2285 1471,2278 476,2277"/><Baseline points="483,2317 528,2317 573,2317 618,2317 662,2317 707,2317 752,2317 797,2317 842,2317 886,2314 931,2314 976,2314 1021,2314 1066,2314 1110,2314 1155,2314 1200,2314 1245,2314 1290,2317 1334,2317 1379,2317 1424,2317 1469,2317 1514,2323"/><TextEquiv><Unicode>objet de faire connaître comment la rue Traversine</Unicode></TextEquiv></TextLine><TextLine id="tr_1776153199_tl_43" custom="readingOrder {index:42;}"><Coords points="482,2377 1513,2390 1513,2348 1408,2334 482,2344"/><Baseline points="489,2371 534,2368 579,2368 624,2368 668,2368 713,2368 758,2368 803,2368 848,2368 892,2365 937,2365 982,2365 1027,2365 1072,2365 1116,2365 1161,2368 1206,2368 1251,2368 1296,2368 1340,2368 1385,2371 1430,2371 1475,2371 1517,2374"/><TextEquiv><Unicode>vint à s’appeler rue des Deux-Écus, nous allons nous</Unicode></TextEquiv></TextLine><TextLine id="tr_1776153199_tl_44" custom="readingOrder {index:43;}"><Coords points="482,2460 601,2432 1009,2432 1101,2461 1364,2431 1364,2402 1238,2377 482,2394"/><Baseline points="489,2419 534,2419 579,2419 624,2419 668,2419 713,2419 758,2419 803,2419 848,2419 892,2419 937,2419 982,2419 1027,2419 1072,2419 1116,2419 1161,2419 1206,2419 1251,2419 1296,2422 1340,2424 1367,2422"/><TextEquiv><Unicode>empresser de passer au deuxième chapitre.</Unicode></TextEquiv></TextLine><TextEquiv><Unicode></Unicode></TextEquiv></TextRegion><TextRegion id="tr_1776153204" custom="readingOrder {index:2;} structure {type:heading;score:0.9;}"><Coords points="930,2483 1058,2483 1058,2575 930,2575"/><TextLine id="tr_1776153204_tl_1" custom="readingOrder {index:0;}"><Coords points="971,2545 980,2545 992,2554 1016,2554 1021,2485 1012,2483 998,2494 974,2499"/><Baseline points="979,2541 1021,2538"/><TextEquiv><Unicode>II</Unicode></TextEquiv></TextLine><TextEquiv><Unicode></Unicode></TextEquiv></TextRegion><TextRegion id="tr_1776153203" custom="readingOrder {index:3;} structure {type:heading;score:0.99;}"><Coords points="471,2588 1546,2586 1541,2725 466,2721"/><TextLine id="tr_1776153203_tl_1" custom="readingOrder {index:0;}"><Coords points="479,2655 1503,2674 1529,2625 799,2587 587,2611 478,2578"/><Baseline points="486,2637 531,2637 576,2637 621,2637 665,2637 710,2640 755,2640 800,2640 845,2640 889,2640 934,2640 979,2640 1024,2640 1069,2640 1113,2640 1158,2643 1203,2643 1248,2645 1293,2645 1337,2645 1382,2645 1427,2648 1472,2648 1517,2651 1532,2651"/><TextEquiv><Unicode>COMMENT UN BON ROYALISTE PEUT SE CHANGER</Unicode></TextEquiv></TextLine><TextLine id="tr_1776153203_tl_2" custom="readingOrder {index:1;}"><Coords points="870,2734 924,2726 936,2733 978,2716 990,2726 1018,2723 1038,2737 1059,2737 1059,2672 1046,2675 1030,2664 1003,2676 962,2660 934,2678 870,2674"/><Baseline points="878,2708 922,2705 967,2705 1012,2708 1057,2708 1117,2710"/><TextEquiv><Unicode>EN DIABLE.</Unicode></TextEquiv></TextLine><TextEquiv><Unicode></Unicode></TextEquiv></TextRegion><TextRegion id="tr_1776153201" custom="readingOrder {index:4;} structure {type:paragraph;score:0.99;}"><Coords points="448,2739 1536,2739 1536,3624 448,3624"/><TextLine id="tr_1776153201_tl_1" custom="readingOrder {index:0;}"><Coords points="520,2828 1492,2846 1503,2794 518,2776"/><Baseline points="525,2819 570,2816 615,2816 660,2816 704,2816 749,2813 794,2813 839,2813 883,2813 928,2813 973,2816 1018,2816 1063,2816 1107,2819 1152,2819 1197,2822 1242,2822 1287,2825 1331,2825 1376,2825 1421,2828 1466,2828 1508,2834"/><TextEquiv><Unicode>La petite maison de la rue Traversine, où se trou-</Unicode></TextEquiv></TextLine><TextLine id="tr_1776153201_tl_2" custom="readingOrder {index:1;}"><Coords points="476,2880 1513,2891 1512,2847 1429,2840 476,2828"/><Baseline points="483,2869 528,2866 573,2866 618,2866 662,2866 707,2866 752,2866 797,2866 842,2866 886,2866 931,2866 976,2866 1021,2866 1066,2869 1110,2869 1155,2872 1200,2872 1245,2875 1290,2875 1334,2875 1379,2878 1424,2878 1469,2881 1514,2881"/><TextEquiv><Unicode>vait la boutique d’aiguilleterie, était occupée par</Unicode></TextEquiv></TextLine><TextLine id="tr_1776153201_tl_3" custom="readingOrder {index:2;}"><Coords points="470,2939 1505,2950 1504,2897 1423,2888 469,2882"/><Baseline points="477,2923 522,2920 567,2917 612,2917 657,2917 701,2917 746,2917 791,2917 836,2917 881,2917 925,2920 970,2917 1015,2920 1060,2920 1104,2920 1149,2920 1194,2923 1239,2926 1284,2926 1328,2926 1373,2929 1418,2929 1463,2932 1508,2935"/><TextEquiv><Unicode>Blanche et son père, Pierre Landry, beau-frère de</Unicode></TextEquiv></TextLine><TextLine id="tr_1776153201_tl_4" custom="readingOrder {index:3;}"><Coords points="463,2991 1470,3006 1519,2999 1519,2953 462,2943"/><Baseline points="471,2974 516,2971 561,2971 606,2971 651,2971 695,2971 740,2971 785,2971 830,2968 875,2971 919,2971 964,2971 1009,2971 1054,2971 1099,2971 1143,2974 1188,2974 1233,2977 1278,2977 1322,2977 1367,2980 1412,2983 1457,2983 1502,2989 1520,2986"/><TextEquiv><Unicode>Jacques Gringonneur, peintre du roi Charles VI, et</Unicode></TextEquiv></TextLine><TextLine id="tr_1776153201_tl_5" custom="readingOrder {index:4;}"><Coords points="463,3033 1474,3057 1495,2999 462,2991"/><Baseline points="471,3022 516,3022 561,3025 606,3025 651,3022 695,3022 740,3022 785,3022 830,3022 875,3022 919,3022 964,3025 1009,3025 1054,3022 1099,3025 1143,3025 1188,3028 1233,3031 1278,3031 1322,3031 1367,3034 1412,3034 1457,3034 1499,3040"/><TextEquiv><Unicode>comme lui s’occupant de travaux de peinture, quoi</Unicode></TextEquiv></TextLine><TextLine id="tr_1776153201_tl_6" custom="readingOrder {index:5;}"><Coords points="472,3083 1492,3112 1502,3057 471,3040"/><Baseline points="480,3073 525,3073 570,3076 615,3076 660,3076 704,3076 749,3076 794,3076 839,3076 883,3076 928,3076 973,3076 1018,3076 1063,3079 1107,3079 1152,3079 1197,3082 1242,3082 1287,3082 1331,3082 1376,3084 1421,3084 1466,3087 1505,3090"/><TextEquiv><Unicode>que bien loin de posséder son renom et son talent</Unicode></TextEquiv></TextLine><TextLine id="tr_1776153201_tl_7" custom="readingOrder {index:6;}"><Coords points="479,3137 1502,3150 1471,3098 479,3091"/><Baseline points="486,3126 531,3123 576,3126 621,3126 665,3129 710,3129 755,3129 800,3129 845,3129 889,3129 934,3129 979,3129 1024,3129 1069,3129 1113,3129 1158,3129 1203,3132 1248,3132 1293,3135 1337,3135 1382,3135 1427,3138 1472,3138 1505,3141"/><TextEquiv><Unicode>On sait que Jacques Gringonneur est l’inventeur des</Unicode></TextEquiv></TextLine><TextLine id="tr_1776153201_tl_8" custom="readingOrder {index:7;}"><Coords points="474,3184 1496,3205 1495,3162 472,3140"/><Baseline points="480,3174 525,3174 570,3174 615,3177 660,3180 704,3180 749,3183 794,3183 839,3183 883,3183 928,3183 973,3183 1018,3183 1063,3183 1107,3183 1152,3183 1197,3186 1242,3186 1287,3186 1331,3186 1376,3189 1421,3192 1466,3192 1499,3195"/><TextEquiv><Unicode>cartes à jouer, qu’il avait dessinées et bellement enlu-</Unicode></TextEquiv></TextLine><TextLine id="tr_1776153201_tl_9" custom="readingOrder {index:8;}"><Coords points="470,3239 1495,3263 1502,3206 469,3184"/><Baseline points="477,3225 522,3222 567,3225 612,3228 657,3231 701,3234 746,3234 791,3234 836,3237 881,3237 925,3237 970,3237 1015,3237 1060,3237 1104,3237 1149,3237 1194,3240 1239,3240 1284,3240 1328,3240 1373,3243 1418,3243 1463,3246 1505,3246"/><TextEquiv><Unicode>minées pour charmer et distraire le pauvre roi dans</Unicode></TextEquiv></TextLine><TextLine id="tr_1776153201_tl_10" custom="readingOrder {index:9;}"><Coords points="474,3286 1499,3309 1498,3266 472,3237"/><Baseline points="480,3276 525,3276 570,3276 615,3279 660,3279 704,3282 749,3285 794,3288 839,3288 883,3288 928,3291 973,3291 1018,3291 1063,3291 1107,3291 1152,3291 1197,3294 1242,3294 1287,3294 1331,3297 1376,3297 1421,3297 1466,3300 1502,3303"/><TextEquiv><Unicode>les accès de la maladie noire qui s’était emparée de</Unicode></TextEquiv></TextLine><TextLine id="tr_1776153201_tl_11" custom="readingOrder {index:10;}"><Coords points="465,3350 504,3335 538,3335 551,3346 587,3336 606,3353 629,3339 673,3351 672,3289 634,3289 609,3301 566,3290 550,3301 516,3300 480,3286 463,3292"/><Baseline points="471,3326 516,3323 561,3326 606,3326 651,3329 677,3332"/><TextEquiv><Unicode>son esprit.</Unicode></TextEquiv></TextLine><TextLine id="tr_1776153201_tl_12" custom="readingOrder {index:11;}"><Coords points="514,3393 1499,3427 1498,3367 513,3346"/><Baseline points="522,3380 567,3377 612,3380 657,3380 701,3383 746,3383 791,3386 836,3392 881,3392 925,3395 970,3398 1015,3398 1060,3401 1104,3401 1149,3401 1194,3401 1239,3401 1284,3401 1328,3404 1373,3404 1418,3404 1463,3404 1499,3404"/><TextEquiv><Unicode>Mais sans avoir, ainsi que nous l’avons dit, l‘habi¬</Unicode></TextEquiv></TextLine><TextLine id="tr_1776153201_tl_13" custom="readingOrder {index:12;}"><Coords points="463,3449 1482,3481 1499,3428 461,3390"/><Baseline points="471,3434 516,3428 561,3428 606,3431 651,3431 695,3431 740,3434 785,3437 830,3437 875,3443 919,3446 964,3449 1009,3452 1054,3452 1099,3455 1143,3455 1188,3455 1233,3455 1278,3458 1322,3458 1367,3458 1412,3458 1457,3461 1502,3464"/><TextEquiv><Unicode>leté et la renommée de son parent, Pierre Landry ne</Unicode></TextEquiv></TextLine><TextLine id="tr_1776153201_tl_14" custom="readingOrder {index:13;}"><Coords points="465,3493 1499,3523 1498,3482 462,3451"/><Baseline points="471,3485 516,3479 561,3479 606,3482 651,3482 695,3485 740,3485 785,3488 830,3488 875,3494 919,3497 964,3500 1009,3503 1054,3506 1099,3506 1143,3509 1188,3509 1233,3509 1278,3512 1322,3512 1367,3512 1412,3512 1457,3515 1502,3515"/><TextEquiv><Unicode>manquait pas d’un certain savoir dans son état d‘en¬</Unicode></TextEquiv></TextLine><TextLine id="tr_1776153201_tl_15" custom="readingOrder {index:14;}"><Coords points="458,3537 1511,3587 1508,3533 1407,3521 457,3491"/><Baseline points="465,3535 510,3532 555,3532 600,3532 645,3535 689,3538 734,3538 779,3538 824,3541 869,3544 913,3547 958,3550 1003,3553 1048,3556 1093,3559 1137,3562 1182,3562 1227,3565 1272,3565 1317,3565 1361,3568 1406,3568 1451,3571 1496,3571 1511,3577"/><TextEquiv><Unicode>lumineur, comme on disait alors, et il n’était pas</Unicode></TextEquiv></TextLine><TextLine id="tr_1776153201_tl_16" custom="readingOrder {index:15;}"><Coords points="1516,3566 1522,3566 1525,3565 1526,3563 1534,3563 1534,3533 1516,3533"/><Baseline points="1523,3583 1536,3583"/><TextEquiv><Unicode>1</Unicode></TextEquiv></TextLine><TextEquiv><Unicode></Unicode></TextEquiv></TextRegion><TextRegion id="tr_1776153200" custom="readingOrder {index:5;} structure {type:paragraph;score:0.99;}"><Coords points="1596,166 2682,163 2715,3584 1575,3596"/><TextLine id="tr_1776153200_tl_1" custom="readingOrder {index:0;}"><Coords points="1599,224 2634,244 2633,184 1597,175"/><Baseline points="1606,212 1651,212 1696,212 1741,212 1785,212 1830,212 1875,212 1920,212 1965,212 2009,212 2054,212 2099,212 2144,212 2189,215 2233,218 2278,218 2323,220 2368,223 2413,226 2457,226 2502,229 2547,229 2592,232 2637,235"/><TextEquiv><Unicode>dans le quartier un compagnon passant maître de</Unicode></TextEquiv></TextLine><TextLine id="tr_1776153200_tl_2" custom="readingOrder {index:1;}"><Coords points="1599,282 2605,306 2625,245 1597,234"/><Baseline points="1606,262 1651,262 1696,262 1741,265 1785,265 1830,265 1875,265 1920,265 1965,262 2009,262 2054,262 2099,262 2144,262 2189,262 2233,265 2278,265 2323,271 2368,274 2413,274 2457,277 2502,277 2547,280 2592,283 2628,283"/><TextEquiv><Unicode>quelque corporation qui ne s’empressât de recourir</Unicode></TextEquiv></TextLine><TextLine id="tr_1776153200_tl_3" custom="readingOrder {index:2;}"><Coords points="1599,316 2629,349 2628,311 2562,295 1599,281"/><Baseline points="1606,313 1651,313 1696,313 1741,316 1785,316 1830,316 1875,316 1920,316 1965,316 2009,316 2054,316 2099,313 2144,316 2189,316 2233,316 2278,316 2323,319 2368,322 2413,325 2457,325 2502,328 2547,331 2592,331 2631,337"/><TextEquiv><Unicode>à ses pinceaux pour décorer l’enseigne de sa boutique.</Unicode></TextEquiv></TextLine><TextLine id="tr_1776153200_tl_4" custom="readingOrder {index:3;}"><Coords points="1599,377 2625,407 2605,350 1599,331"/><Baseline points="1606,367 1651,361 1696,364 1741,367 1785,367 1830,367 1875,367 1920,367 1965,370 2009,370 2054,370 2099,370 2144,367 2189,367 2233,367 2278,367 2323,370 2368,370 2413,373 2457,376 2502,379 2547,379 2592,382 2628,388"/><TextEquiv><Unicode>Aussi, grâce à ses travaux, aux produits du commerce</Unicode></TextEquiv></TextLine><TextLine id="tr_1776153200_tl_5" custom="readingOrder {index:4;}"><Coords points="1599,432 2596,453 2625,407 1597,377"/><Baseline points="1606,415 1651,412 1696,415 1741,415 1785,418 1830,418 1875,418 1920,421 1965,421 2009,421 2054,421 2099,421 2144,421 2189,421 2233,421 2278,421 2323,421 2368,424 2413,424 2457,424 2502,427 2547,430 2592,433 2628,436"/><TextEquiv><Unicode>d aiguilleterie tenu par sa fille, grâce surtout à leur</Unicode></TextEquiv></TextLine><TextLine id="tr_1776153200_tl_6" custom="readingOrder {index:5;}"><Coords points="1608,480 2613,497 2613,446 1608,433"/><Baseline points="1615,462 1660,462 1705,465 1750,468 1794,468 1839,468 1884,468 1929,471 1974,471 2018,471 2063,474 2108,471 2153,471 2198,471 2242,471 2287,471 2332,471 2377,471 2422,474 2466,474 2511,477 2556,480 2601,483 2616,486"/><TextEquiv><Unicode>vie frugale et à leurs goûts modestes, Pierre Landr'</Unicode></TextEquiv></TextLine><TextLine id="tr_1776153200_tl_7" custom="readingOrder {index:6;}"><Coords points="1601,530 2628,547 2628,507 2571,492 1601,486"/><Baseline points="1609,513 1654,513 1699,516 1744,516 1788,519 1833,519 1878,519 1923,519 1968,522 2012,522 2057,522 2102,522 2147,525 2192,522 2236,522 2281,522 2326,522 2371,522 2416,522 2460,525 2505,525 2550,528 2595,531 2631,534"/><TextEquiv><Unicode>aurait pu vivre tranquille, sans les luttes maudites</Unicode></TextEquiv></TextLine><TextLine id="tr_1776153200_tl_8" custom="readingOrder {index:7;}"><Coords points="1601,580 2632,601 2605,547 1601,529"/><Baseline points="1609,567 1654,564 1699,567 1744,567 1788,570 1833,570 1878,570 1923,573 1968,573 2012,576 2057,576 2102,576 2147,576 2192,576 2236,576 2281,576 2326,573 2371,573 2416,576 2460,576 2505,576 2550,579 2595,579 2634,582"/><TextEquiv><Unicode>des deux factions, qui, profitant de l’anarchie causée</Unicode></TextEquiv></TextLine><TextLine id="tr_1776153200_tl_9" custom="readingOrder {index:8;}"><Coords points="1601,651 2637,650 2626,598 1601,592"/><Baseline points="1609,627 1654,621 1699,621 1744,621 1788,621 1833,621 1878,624 1923,624 1968,624 2012,627 2057,627 2102,627 2147,627 2192,627 2236,627 2281,627 2326,624 2371,627 2416,627 2460,630 2505,627 2550,630 2595,630 2640,636"/><TextEquiv><Unicode>par la maladie du roi, désolaient Paris et le pays tout</Unicode></TextEquiv></TextLine><TextLine id="tr_1776153200_tl_10" custom="readingOrder {index:9;}"><Coords points="1595,696 1634,686 1660,693 1672,684 1714,694 1731,688 1729,643 1702,651 1676,635 1667,640 1651,635 1629,647 1618,643 1593,655"/><Baseline points="1600,671 1645,671 1690,671 1735,680"/><TextEquiv><Unicode>entier.</Unicode></TextEquiv></TextLine><TextLine id="tr_1776153200_tl_11" custom="readingOrder {index:10;}"><Coords points="1643,731 2629,756 2628,711 2499,692 1643,689"/><Baseline points="1651,725 1696,725 1741,725 1785,725 1830,725 1875,725 1920,728 1965,725 2009,728 2054,728 2099,728 2144,728 2189,728 2233,728 2278,728 2323,728 2368,728 2413,731 2457,731 2502,731 2547,734 2592,734 2631,740"/><TextEquiv><Unicode>Ces deux partis, les Bourguignons et les Armagnacs,</Unicode></TextEquiv></TextLine><TextLine id="tr_1776153200_tl_12" custom="readingOrder {index:11;}"><Coords points="1601,791 2634,806 2634,753 1601,739"/><Baseline points="1609,776 1654,776 1699,776 1744,776 1788,776 1833,776 1878,779 1923,779 1968,779 2012,779 2057,779 2102,782 2147,782 2192,782 2236,782 2281,782 2326,782 2371,782 2416,782 2460,785 2505,785 2550,785 2595,788 2637,791"/><TextEquiv><Unicode>qui avaient fini par oublier qu’il y eût une France, et</Unicode></TextEquiv></TextLine><TextLine id="tr_1776153200_tl_13" custom="readingOrder {index:12;}"><Coords points="1599,841 2634,853 2601,803 1599,790"/><Baseline points="1606,830 1651,827 1696,827 1741,827 1785,827 1830,827 1875,827 1920,830 1965,830 2009,830 2054,833 2099,833 2144,833 2189,833 2233,833 2278,833 2323,833 2368,833 2413,833 2457,833 2502,836 2547,836 2592,839 2637,842"/><TextEquiv><Unicode>que cette France eût un roi, avaient pour chefs Jean</Unicode></TextEquiv></TextLine><TextLine id="tr_1776153200_tl_14" custom="readingOrder {index:13;}"><Coords points="1599,892 2618,915 2617,864 1597,841"/><Baseline points="1606,881 1651,878 1696,875 1741,878 1785,878 1830,878 1875,878 1920,881 1965,881 2009,883 2054,883 2099,883 2144,883 2189,883 2233,883 2278,883 2323,883 2368,883 2413,883 2457,886 2502,886 2547,886 2592,886 2622,886"/><TextEquiv><Unicode>Sans-Peur, duc de Bourgogne, et le connétable Ber-</Unicode></TextEquiv></TextLine><TextLine id="tr_1776153200_tl_15" custom="readingOrder {index:14;}"><Coords points="1601,944 2628,965 2628,911 2503,900 1601,907"/><Baseline points="1609,928 1654,928 1699,928 1744,928 1788,928 1833,928 1878,931 1923,931 1968,934 2012,934 2057,934 2102,934 2147,934 2192,934 2236,934 2281,934 2326,934 2371,934 2416,934 2460,937 2505,937 2550,937 2595,937 2631,940"/><TextEquiv><Unicode>nard d’Armagnac, et se livraient de fréquents com-</Unicode></TextEquiv></TextLine><TextLine id="tr_1776153200_tl_16" custom="readingOrder {index:15;}"><Coords points="1601,995 2628,1007 2614,958 2432,946 1601,944"/><Baseline points="1609,979 1654,979 1699,979 1744,979 1788,979 1833,979 1878,979 1923,982 1968,982 2012,982 2057,985 2102,985 2147,985 2192,985 2236,985 2281,985 2326,985 2371,985 2416,985 2460,988 2505,988 2550,988 2595,988 2631,991"/><TextEquiv><Unicode>bats en attendant l’affaire décisive, c’est-à-dire le mas¬</Unicode></TextEquiv></TextLine><TextLine id="tr_1776153200_tl_17" custom="readingOrder {index:16;}"><Coords points="1593,1042 2397,1066 2433,1059 2433,1011 1592,1004"/><Baseline points="1600,1030 1645,1027 1690,1030 1735,1030 1779,1030 1824,1030 1869,1030 1914,1030 1959,1033 2003,1033 2048,1033 2093,1036 2138,1036 2183,1036 2227,1036 2272,1039 2317,1039 2362,1039 2407,1039 2436,1045"/><TextEquiv><Unicode>sacre qui devait achever la ruine du pays.</Unicode></TextEquiv></TextLine><TextLine id="tr_1776153200_tl_18" custom="readingOrder {index:17;}"><Coords points="1641,1089 2639,1100 2638,1040 2461,1071 1641,1057"/><Baseline points="1648,1081 1693,1078 1738,1078 1782,1078 1827,1081 1872,1081 1917,1084 1962,1084 2006,1084 2051,1084 2096,1087 2141,1087 2186,1087 2230,1087 2275,1090 2320,1090 2365,1090 2410,1090 2454,1090 2499,1090 2544,1090 2589,1090 2634,1093 2643,1093"/><TextEquiv><Unicode>A la fin d’une journée néfaste où Paris avait été</Unicode></TextEquiv></TextLine><TextLine id="tr_1776153200_tl_19" custom="readingOrder {index:18;}"><Coords points="1599,1143 2642,1151 2641,1114 2529,1104 1599,1093"/><Baseline points="1606,1131 1651,1125 1696,1125 1741,1128 1785,1128 1830,1128 1875,1128 1920,1131 1965,1131 2009,1131 2054,1134 2099,1134 2144,1137 2189,1137 2233,1137 2278,1137 2323,1140 2368,1140 2413,1140 2457,1140 2502,1140 2547,1140 2592,1140 2637,1143 2643,1143"/><TextEquiv><Unicode>bouleversé et territié par une de ces sanglantes</Unicode></TextEquiv></TextLine><TextLine id="tr_1776153200_tl_20" custom="readingOrder {index:19;}"><Coords points="1599,1194 2634,1202 2586,1158 1599,1156"/><Baseline points="1606,1179 1651,1179 1696,1179 1741,1179 1785,1179 1830,1179 1875,1179 1920,1179 1965,1179 2009,1182 2054,1182 2099,1182 2144,1185 2189,1185 2233,1185 2278,1185 2323,1188 2368,1188 2413,1188 2457,1191 2502,1191 2547,1188 2592,1191 2637,1194 2640,1191"/><TextEquiv><Unicode>mêlées qui remettaient chaque matin en question</Unicode></TextEquiv></TextLine><TextLine id="tr_1776153200_tl_21" custom="readingOrder {index:20;}"><Coords points="1599,1247 2528,1269 2641,1257 2641,1218 1597,1196"/><Baseline points="1606,1236 1651,1233 1696,1230 1741,1230 1785,1233 1830,1233 1875,1230 1920,1233 1965,1233 2009,1233 2054,1233 2099,1233 2144,1233 2189,1233 2233,1236 2278,1236 2323,1236 2368,1239 2413,1236 2457,1239 2502,1239 2547,1239 2592,1239 2637,1242 2643,1245"/><TextEquiv><Unicode>le pouvoir du roi et les droits de tous, les partisans</Unicode></TextEquiv></TextLine><TextLine id="tr_1776153200_tl_22" custom="readingOrder {index:21;}"><Coords points="1599,1297 2642,1306 2608,1253 1599,1246"/><Baseline points="1606,1287 1651,1284 1696,1284 1741,1284 1785,1284 1830,1284 1875,1284 1920,1284 1965,1284 2009,1284 2054,1287 2099,1287 2144,1287 2189,1287 2233,1287 2278,1287 2323,1287 2368,1287 2413,1287 2457,1287 2502,1287 2547,1287 2592,1290 2637,1293 2645,1293"/><TextEquiv><Unicode>du connétable avaient été, avec une partie de la</Unicode></TextEquiv></TextLine><TextLine id="tr_1776153200_tl_23" custom="readingOrder {index:22;}"><Coords points="1599,1356 2641,1357 2641,1312 2494,1298 1599,1298"/><Baseline points="1606,1340 1651,1337 1696,1334 1741,1334 1785,1334 1830,1334 1875,1334 1920,1337 1965,1337 2009,1337 2054,1340 2099,1337 2144,1337 2189,1337 2233,1337 2278,1337 2323,1337 2368,1337 2413,1337 2457,1337 2502,1337 2547,1337 2592,1337 2637,1343 2643,1343"/><TextEquiv><Unicode>garde même du roi, massacrés aux environs du</Unicode></TextEquiv></TextLine><TextLine id="tr_1776153200_tl_24" custom="readingOrder {index:23;}"><Coords points="1599,1406 2645,1404 2643,1358 1597,1372"/><Baseline points="1606,1388 1651,1385 1696,1385 1741,1385 1785,1385 1830,1385 1875,1388 1920,1388 1965,1388 2009,1388 2054,1388 2099,1391 2144,1391 2189,1388 2233,1391 2278,1391 2323,1388 2368,1391 2413,1388 2457,1388 2502,1391 2547,1391 2592,1391 2637,1394 2648,1394"/><TextEquiv><Unicode>charnier des Innocents, après un combat d’autant</Unicode></TextEquiv></TextLine><TextLine id="tr_1776153200_tl_25" custom="readingOrder {index:24;}"><Coords points="1601,1461 2651,1458 2642,1407 1601,1411"/><Baseline points="1609,1445 1654,1436 1699,1439 1744,1439 1788,1439 1833,1439 1878,1439 1923,1439 1968,1439 2012,1439 2057,1439 2102,1439 2147,1442 2192,1442 2236,1442 2281,1442 2326,1442 2371,1442 2416,1442 2460,1442 2505,1442 2550,1442 2595,1442 2640,1445 2654,1445"/><TextEquiv><Unicode>plus inégal, que les factieux étaient en majorité et</Unicode></TextEquiv></TextLine><TextLine id="tr_1776153200_tl_26" custom="readingOrder {index:25;}"><Coords points="1599,1509 2634,1507 2626,1453 1599,1457"/><Baseline points="1606,1493 1651,1490 1696,1490 1741,1490 1785,1490 1830,1490 1875,1490 1920,1490 1965,1493 2009,1493 2054,1493 2099,1493 2144,1493 2189,1493 2233,1493 2278,1493 2323,1493 2368,1493 2413,1493 2457,1493 2502,1493 2547,1493 2592,1493 2637,1496 2640,1493"/><TextEquiv><Unicode>tout préparés. Le comte de Châtillon, ami du conné-</Unicode></TextEquiv></TextLine><TextLine id="tr_1776153200_tl_27" custom="readingOrder {index:26;}"><Coords points="1601,1570 2620,1574 2643,1520 1600,1509"/><Baseline points="1609,1543 1654,1541 1699,1541 1744,1541 1788,1541 1833,1541 1878,1541 1923,1541 1968,1541 2012,1543 2057,1543 2102,1543 2147,1543 2192,1543 2236,1543 2281,1543 2326,1543 2371,1543 2416,1543 2460,1543 2505,1543 2550,1543 2595,1546 2640,1549 2645,1546"/><TextEquiv><Unicode>table et capitaine de la fidèle garde du roi, n’avait pu</Unicode></TextEquiv></TextLine><TextLine id="tr_1776153200_tl_28" custom="readingOrder {index:27;}"><Coords points="1599,1616 2647,1610 2647,1570 1599,1572"/><Baseline points="1606,1594 1651,1591 1696,1591 1741,1591 1785,1591 1830,1591 1875,1594 1920,1594 1965,1594 2009,1594 2054,1594 2099,1594 2144,1594 2189,1594 2233,1594 2278,1594 2323,1594 2368,1594 2413,1594 2457,1594 2502,1594 2547,1597 2592,1597 2637,1597 2651,1597"/><TextEquiv><Unicode>échapper à la mort, après une lutte acharnée, qu’en</Unicode></TextEquiv></TextLine><TextLine id="tr_1776153200_tl_29" custom="readingOrder {index:28;}"><Coords points="1601,1681 2448,1666 2415,1608 1600,1622"/><Baseline points="1609,1651 1645,1645 1690,1645 1735,1645 1779,1645 1824,1645 1869,1645 1914,1645 1959,1645 2003,1645 2048,1645 2093,1645 2138,1645 2183,1648 2227,1648 2272,1648 2317,1648 2362,1645 2407,1648 2451,1648"/><TextEquiv><Unicode>prenant la fuite comme un simple soudard.</Unicode></TextEquiv></TextLine><TextLine id="tr_1776153200_tl_30" custom="readingOrder {index:29;}"><Coords points="1641,1714 2630,1710 2630,1673 2575,1656 1641,1666"/><Baseline points="1648,1699 1693,1696 1738,1696 1782,1696 1827,1696 1872,1696 1917,1696 1962,1699 2006,1696 2051,1699 2096,1699 2141,1699 2186,1699 2230,1699 2275,1699 2320,1699 2365,1699 2410,1699 2454,1699 2499,1699 2544,1699 2589,1699 2634,1699"/><TextEquiv><Unicode>Un moment il avait espéré se soustraire aux recher-</Unicode></TextEquiv></TextLine><TextLine id="tr_1776153200_tl_31" custom="readingOrder {index:30;}"><Coords points="1601,1765 2651,1769 2651,1722 2546,1713 1601,1722"/><Baseline points="1609,1747 1654,1747 1699,1747 1744,1750 1788,1750 1833,1747 1878,1747 1923,1747 1968,1750 2012,1750 2057,1750 2102,1750 2147,1750 2192,1750 2236,1750 2281,1750 2326,1750 2371,1750 2416,1750 2460,1750 2505,1750 2550,1750 2595,1750 2640,1756 2654,1753"/><TextEquiv><Unicode>ches en s’enveloppant dans le manteau d’un de ses</Unicode></TextEquiv></TextLine><TextLine id="tr_1776153200_tl_32" custom="readingOrder {index:31;}"><Coords points="1601,1818 2637,1822 2637,1773 2533,1764 1601,1772"/><Baseline points="1609,1800 1654,1800 1699,1800 1744,1800 1788,1800 1833,1800 1878,1800 1923,1800 1968,1800 2012,1800 2057,1800 2102,1800 2147,1800 2192,1800 2236,1800 2281,1803 2326,1803 2371,1800 2416,1800 2460,1800 2505,1800 2550,1803 2595,1803 2640,1806"/><TextEquiv><Unicode>soldats et dont il avait rabattu le capuchon sur sa figure;</Unicode></TextEquiv></TextLine><TextLine id="tr_1776153200_tl_33" custom="readingOrder {index:32;}"><Coords points="1599,1870 2641,1868 2629,1820 1599,1819"/><Baseline points="1606,1854 1651,1851 1696,1851 1741,1851 1785,1851 1830,1851 1875,1851 1920,1851 1965,1851 2009,1854 2054,1854 2099,1854 2144,1854 2189,1854 2233,1854 2278,1854 2323,1854 2368,1854 2413,1854 2457,1854 2502,1854 2547,1854 2592,1854 2637,1857 2643,1857"/><TextEquiv><Unicode>mais bientôt des pas précipités, qui résonnaient par</Unicode></TextEquiv></TextLine><TextLine id="tr_1776153200_tl_34" custom="readingOrder {index:33;}"><Coords points="1608,1918 2639,1922 2618,1876 1608,1868"/><Baseline points="1615,1905 1660,1902 1705,1902 1750,1902 1794,1905 1839,1905 1884,1905 1929,1905 1974,1905 2018,1905 2063,1905 2108,1905 2153,1905 2198,1905 2242,1905 2287,1905 2332,1905 2377,1905 2422,1905 2466,1905 2511,1905 2556,1905 2601,1905 2643,1905"/><TextEquiv><Unicode>derrière, lui apprirent qu’il était l’objet d’une pour-</Unicode></TextEquiv></TextLine><TextLine id="tr_1776153200_tl_35" custom="readingOrder {index:34;}"><Coords points="1599,1977 2645,1975 2636,1920 1599,1924"/><Baseline points="1606,1956 1651,1953 1696,1953 1741,1956 1785,1956 1830,1956 1875,1956 1920,1953 1965,1956 2009,1956 2054,1956 2099,1956 2144,1956 2189,1956 2233,1956 2278,1956 2323,1956 2368,1956 2413,1956 2457,1956 2502,1956 2547,1959 2592,1959 2637,1959 2648,1959"/><TextEquiv><Unicode>suite implacable; aussi redoubla-t-il d’ardeur pour</Unicode></TextEquiv></TextLine><TextLine id="tr_1776153200_tl_36" custom="readingOrder {index:35;}"><Coords points="1599,2021 1626,2032 1704,2016 1983,2028 1998,2025 1999,1975 1643,1973 1599,1991"/><Baseline points="1606,2015 1642,2009 1687,2006 1732,2006 1776,2006 1821,2006 1866,2006 1911,2006 1956,2006 2000,2009"/><TextEquiv><Unicode>gagner une retraite.</Unicode></TextEquiv></TextLine><TextLine id="tr_1776153200_tl_37" custom="readingOrder {index:36;}"><Coords points="1647,2074 2647,2078 2647,2020 2599,2037 2530,1994 2315,1994 2146,2041 1647,2021"/><Baseline points="1654,2060 1699,2057 1744,2057 1788,2057 1833,2057 1878,2057 1923,2060 1968,2060 2012,2060 2057,2060 2102,2060 2147,2060 2192,2060 2236,2060 2281,2060 2326,2060 2371,2060 2416,2060 2460,2060 2505,2057 2550,2057 2595,2060 2640,2060 2651,2060"/><TextEquiv><Unicode>Déjà il avait parcouru, au hasard, le dédale de</Unicode></TextEquiv></TextLine><TextLine id="tr_1776153200_tl_38" custom="readingOrder {index:37;}"><Coords points="1601,2130 2645,2129 2611,2079 1601,2076"/><Baseline points="1609,2111 1654,2108 1699,2108 1744,2108 1788,2108 1833,2108 1878,2108 1923,2111 1968,2108 2012,2111 2057,2111 2102,2111 2147,2111 2192,2111 2236,2111 2281,2111 2326,2111 2371,2111 2416,2111 2460,2111 2505,2111 2550,2111 2595,2111 2640,2117 2648,2117"/><TextEquiv><Unicode>ruelles étroites qui formaient le quartier des Innocents,</Unicode></TextEquiv></TextLine><TextLine id="tr_1776153200_tl_39" custom="readingOrder {index:38;}"><Coords points="1599,2176 2651,2179 2625,2125 1599,2134"/><Baseline points="1606,2162 1651,2162 1696,2162 1741,2159 1785,2162 1830,2159 1875,2162 1920,2162 1965,2162 2009,2162 2054,2162 2099,2162 2144,2162 2189,2162 2233,2162 2278,2165 2323,2165 2368,2162 2413,2162 2457,2162 2502,2162 2547,2162 2592,2162 2637,2165 2654,2165"/><TextEquiv><Unicode>et sans trouver, hélas! un refuge; il avait longé la</Unicode></TextEquiv></TextLine><TextLine id="tr_1776153200_tl_40" custom="readingOrder {index:39;}"><Coords points="1599,2235 2622,2231 2622,2188 2523,2177 1599,2176"/><Baseline points="1606,2215 1651,2212 1696,2212 1741,2212 1785,2212 1830,2212 1875,2212 1920,2212 1965,2212 2009,2212 2054,2212 2099,2212 2144,2212 2189,2212 2233,2212 2278,2212 2323,2212 2368,2215 2413,2212 2457,2212 2502,2212 2547,2212 2592,2212 2625,2215"/><TextEquiv><Unicode>rue des Étuves et était arrivé à la petite rue Traver</Unicode></TextEquiv></TextLine><TextLine id="tr_1776153200_tl_41" custom="readingOrder {index:40;}"><Coords points="1599,2271 2651,2285 2629,2227 1599,2238"/><Baseline points="1606,2266 1651,2263 1696,2263 1741,2263 1785,2263 1830,2263 1875,2263 1920,2263 1965,2266 2009,2266 2054,2266 2099,2266 2144,2266 2189,2266 2233,2266 2278,2266 2323,2266 2368,2266 2413,2266 2457,2266 2502,2266 2547,2266 2592,2266 2637,2266 2654,2266"/><TextEquiv><Unicode>sine. A ce moment, épuisé par la fatigue d’une nuit</Unicode></TextEquiv></TextLine><TextLine id="tr_1776153200_tl_42" custom="readingOrder {index:41;}"><Coords points="1600,2336 2653,2332 2624,2280 1599,2293"/><Baseline points="1606,2317 1651,2314 1696,2314 1741,2314 1785,2317 1830,2317 1875,2317 1920,2317 1965,2317 2009,2317 2054,2317 2099,2317 2144,2317 2189,2317 2233,2317 2278,2317 2323,2317 2368,2317 2413,2317 2457,2317 2502,2317 2547,2317 2592,2317 2637,2320 2654,2320"/><TextEquiv><Unicode>d’insomnie et par la course qu’il venait de faire, à</Unicode></TextEquiv></TextLine><TextLine id="tr_1776153200_tl_43" custom="readingOrder {index:42;}"><Coords points="1599,2390 2647,2384 2617,2330 1599,2335"/><Baseline points="1606,2371 1651,2368 1696,2368 1741,2368 1785,2368 1830,2368 1875,2368 1920,2371 1965,2371 2009,2368 2054,2371 2099,2368 2144,2371 2189,2371 2233,2371 2278,2371 2323,2371 2368,2371 2413,2371 2457,2371 2502,2368 2547,2371 2592,2371 2637,2371 2651,2374"/><TextEquiv><Unicode>demi mort de faim, il allait, à bout de courage et de</Unicode></TextEquiv></TextLine><TextLine id="tr_1776153200_tl_44" custom="readingOrder {index:43;}"><Coords points="1599,2432 2630,2441 2630,2385 1599,2395"/><Baseline points="1606,2422 1651,2419 1696,2422 1741,2422 1785,2422 1830,2422 1875,2422 1920,2422 1965,2422 2009,2422 2054,2422 2099,2422 2144,2422 2189,2422 2233,2422 2278,2422 2323,2422 2368,2422 2413,2422 2457,2422 2502,2422 2547,2422 2592,2422 2634,2422"/><TextEquiv><Unicode>forces, se livrer aux farouches soldats qui le poursui</Unicode></TextEquiv></TextLine><TextLine id="tr_1776153200_tl_45" custom="readingOrder {index:44;}"><Coords points="1605,2473 2651,2490 2651,2449 2600,2441 1605,2444"/><Baseline points="1612,2472 1657,2472 1702,2472 1747,2472 1791,2472 1836,2472 1881,2472 1926,2472 1971,2472 2015,2472 2060,2472 2105,2472 2150,2472 2195,2472 2239,2472 2284,2472 2329,2472 2374,2475 2419,2475 2463,2475 2508,2472 2553,2472 2598,2472 2643,2475 2654,2475"/><TextEquiv><Unicode>vaient, lorsque, au détour de cette rue, il aperçut une</Unicode></TextEquiv></TextLine><TextLine id="tr_1776153200_tl_46" custom="readingOrder {index:45;}"><Coords points="1608,2542 2651,2538 2651,2490 1608,2495"/><Baseline points="1615,2532 1624,2529 1669,2526 1714,2523 1759,2523 1803,2526 1848,2526 1893,2526 1938,2526 1983,2526 2027,2526 2072,2526 2117,2526 2162,2526 2206,2526 2251,2526 2296,2526 2341,2526 2386,2523 2430,2526 2475,2526 2520,2526 2565,2523 2610,2526 2654,2529"/><TextEquiv><Unicode>petite boutique dont la porte, malgré les agitations et</Unicode></TextEquiv></TextLine><TextLine id="tr_1776153200_tl_47" custom="readingOrder {index:46;}"><Coords points="1599,2595 2634,2582 2634,2540 2565,2536 1599,2536"/><Baseline points="1606,2577 1651,2577 1696,2577 1741,2577 1785,2577 1830,2577 1875,2577 1920,2577 1965,2577 2009,2580 2054,2577 2099,2577 2144,2580 2189,2577 2233,2577 2278,2577 2323,2577 2368,2577 2413,2577 2457,2577 2502,2577 2547,2577 2592,2577 2637,2583"/><TextEquiv><Unicode>les troubles de la journée, était encore ouverte ; il s’y</Unicode></TextEquiv></TextLine><TextLine id="tr_1776153200_tl_48" custom="readingOrder {index:47;}"><Coords points="1605,2649 2637,2651 2637,2607 2570,2588 1605,2595"/><Baseline points="1612,2634 1654,2628 1699,2628 1744,2628 1788,2628 1833,2628 1878,2631 1923,2628 1968,2628 2012,2631 2057,2628 2102,2631 2147,2628 2192,2631 2236,2631 2281,2631 2326,2631 2371,2631 2416,2631 2460,2631 2505,2631 2550,2631 2595,2631 2640,2628"/><TextEquiv><Unicode>précipita. C’était la boutique de Blanche l’aiguille-</Unicode></TextEquiv></TextLine><TextLine id="tr_1776153200_tl_49" custom="readingOrder {index:48;}"><Coords points="1599,2697 1613,2698 1626,2689 1641,2689 1650,2695 1654,2691 1709,2695 1708,2646 1692,2643 1676,2658 1647,2638 1597,2655"/><Baseline points="1606,2681 1651,2678 1696,2681 1711,2687"/><TextEquiv><Unicode>tière.</Unicode></TextEquiv></TextLine><TextLine id="tr_1776153200_tl_50" custom="readingOrder {index:49;}"><Coords points="1641,2744 2645,2754 2643,2692 2601,2684 1641,2692"/><Baseline points="1648,2732 1693,2732 1738,2732 1782,2732 1827,2732 1872,2732 1917,2732 1962,2732 2006,2732 2051,2732 2096,2735 2141,2735 2186,2735 2230,2735 2275,2735 2320,2735 2365,2735 2410,2735 2454,2735 2499,2735 2544,2735 2589,2735 2634,2741 2645,2741"/><TextEquiv><Unicode>Le comte ne chercha point à user de subterfuge ;</Unicode></TextEquiv></TextLine><TextLine id="tr_1776153200_tl_51" custom="readingOrder {index:50;}"><Coords points="1601,2810 2651,2798 2651,2755 1601,2758"/><Baseline points="1609,2786 1654,2783 1699,2783 1744,2783 1788,2783 1833,2786 1878,2783 1923,2783 1968,2786 2012,2783 2057,2786 2102,2786 2147,2786 2192,2786 2236,2786 2281,2789 2326,2786 2371,2786 2416,2786 2460,2786 2505,2786 2550,2786 2595,2789 2640,2792 2654,2792"/><TextEquiv><Unicode>après avoir poussé derrière lui la porte de la rue, et</Unicode></TextEquiv></TextLine><TextLine id="tr_1776153200_tl_52" custom="readingOrder {index:51;}"><Coords points="1599,2853 2641,2859 2620,2807 2517,2794 1599,2811"/><Baseline points="1606,2840 1651,2834 1696,2834 1741,2837 1785,2837 1830,2837 1875,2837 1920,2837 1965,2837 2009,2837 2054,2837 2099,2837 2144,2837 2189,2837 2233,2837 2278,2840 2323,2840 2368,2840 2413,2840 2457,2840 2502,2837 2547,2837 2592,2837 2637,2840 2643,2840"/><TextEquiv><Unicode>sans savoir à quelles gens il avait affaire, car la bou-</Unicode></TextEquiv></TextLine><TextLine id="tr_1776153200_tl_53" custom="readingOrder {index:52;}"><Coords points="1599,2902 2634,2918 2607,2848 1599,2853"/><Baseline points="1606,2887 1651,2887 1696,2887 1741,2887 1785,2887 1830,2890 1875,2887 1920,2887 1965,2887 2009,2887 2054,2887 2099,2887 2144,2887 2189,2887 2233,2890 2278,2890 2323,2890 2368,2890 2413,2890 2457,2887 2502,2887 2547,2887 2592,2887 2637,2890 2640,2887"/><TextEquiv><Unicode>tique et la pièce du fond étaient sans lumière : « J’i</Unicode></TextEquiv></TextLine><TextLine id="tr_1776153200_tl_54" custom="readingOrder {index:53;}"><Coords points="1599,2961 2634,2954 2634,2919 2558,2907 1599,2903"/><Baseline points="1606,2947 1651,2938 1696,2938 1741,2938 1785,2938 1830,2938 1875,2938 1920,2938 1965,2938 2009,2938 2054,2938 2099,2938 2144,2938 2189,2938 2233,2941 2278,2941 2323,2941 2368,2941 2413,2941 2457,2941 2502,2938 2547,2941 2592,2941 2637,2950 2640,2947"/><TextEquiv><Unicode>gnore si vous êtes Bourguignons ou Armagnacs</Unicode></TextEquiv></TextLine><TextLine id="tr_1776153200_tl_55" custom="readingOrder {index:54;}"><Coords points="1593,3008 2625,3012 2605,2953 1593,2966"/><Baseline points="1600,2992 1645,2989 1690,2989 1735,2989 1779,2989 1824,2992 1869,2992 1914,2992 1959,2992 2003,2992 2048,2992 2093,2992 2138,2992 2183,2992 2227,2995 2272,2992 2317,2995 2362,2995 2407,2992 2451,2992 2496,2992 2541,2992 2586,2992 2628,2995"/><TextEquiv><Unicode>s’écria-t-il ; mais ne me livrez pas, je vous en sup</Unicode></TextEquiv></TextLine><TextLine id="tr_1776153200_tl_56" custom="readingOrder {index:55;}"><Coords points="1599,3065 2637,3057 2587,3003 1878,3000 1702,3033 1599,3006"/><Baseline points="1606,3049 1651,3043 1696,3043 1741,3043 1785,3043 1830,3043 1875,3043 1920,3043 1965,3043 2009,3043 2054,3046 2099,3043 2144,3043 2189,3043 2233,3046 2278,3046 2323,3046 2368,3043 2413,3043 2457,3046 2502,3046 2547,3046 2592,3046 2637,3052 2640,3052"/><TextEquiv><Unicode>plie, au nom de Dieu. Je suis le comte de Châlillon</Unicode></TextEquiv></TextLine><TextLine id="tr_1776153200_tl_57" custom="readingOrder {index:56;}"><Coords points="1593,3115 2639,3104 2609,3056 1593,3066"/><Baseline points="1600,3096 1645,3093 1690,3093 1735,3096 1779,3096 1824,3096 1869,3096 1914,3096 1959,3096 2003,3096 2048,3096 2093,3096 2138,3096 2183,3096 2227,3096 2272,3099 2317,3099 2362,3096 2407,3096 2451,3096 2496,3096 2541,3096 2586,3099 2631,3102 2643,3102"/><TextEquiv><Unicode>capitaine de la garde du roi, et je saurai vous ré-</Unicode></TextEquiv></TextLine><TextLine id="tr_1776153200_tl_58" custom="readingOrder {index:57;}"><Coords points="1593,3153 1679,3163 1692,3174 1710,3158 1729,3167 1754,3160 1788,3176 1832,3168 1832,3116 1815,3116 1797,3101 1773,3112 1734,3107 1685,3125 1641,3109 1628,3118 1593,3115"/><Baseline points="1600,3150 1645,3147 1690,3147 1735,3147 1779,3147 1824,3153 1836,3153"/><TextEquiv><Unicode>compenser.</Unicode></TextEquiv></TextLine><TextLine id="tr_1776153200_tl_59" custom="readingOrder {index:58;}"><Coords points="1677,3209 2645,3214 2645,3171 1677,3178"/><Baseline points="1684,3201 1729,3201 1773,3201 1818,3201 1863,3201 1908,3201 1953,3201 1997,3201 2042,3201 2087,3201 2132,3201 2177,3204 2221,3204 2266,3201 2311,3204 2356,3204 2401,3204 2445,3204 2490,3204 2535,3204 2580,3204 2625,3204 2648,3207"/><TextEquiv><Unicode>- Nous sommes fidèles sujets du roi, et avant tout</Unicode></TextEquiv></TextLine><TextLine id="tr_1776153200_tl_60" custom="readingOrder {index:59;}"><Coords points="1593,3271 2510,3284 2637,3276 2637,3225 1592,3209"/><Baseline points="1600,3255 1645,3252 1690,3252 1735,3252 1779,3252 1824,3252 1869,3255 1914,3255 1959,3255 2003,3255 2048,3255 2093,3255 2138,3255 2183,3255 2227,3258 2272,3255 2317,3258 2362,3258 2407,3258 2451,3258 2496,3258 2541,3261 2586,3258 2631,3261 2640,3258"/><TextEquiv><Unicode>bons chrétiens, monseigneur, reprit Landry, c’est</Unicode></TextEquiv></TextLine><TextLine id="tr_1776153200_tl_61" custom="readingOrder {index:60;}"><Coords points="1599,3309 2641,3327 2641,3281 2565,3271 1599,3279"/><Baseline points="1606,3305 1651,3305 1696,3305 1741,3305 1785,3305 1830,3305 1875,3308 1920,3305 1965,3305 2009,3308 2054,3308 2099,3308 2144,3308 2189,3308 2233,3308 2278,3308 2323,3308 2368,3311 2413,3311 2457,3311 2502,3311 2547,3311 2592,3308 2637,3311 2643,3308"/><TextEquiv><Unicode>vous dire que nous ferons tout au monde pour vous</Unicode></TextEquiv></TextLine><TextLine id="tr_1776153200_tl_62" custom="readingOrder {index:61;}"><Coords points="1596,3374 2638,3370 2638,3332 2553,3319 1596,3322"/><Baseline points="1603,3359 1648,3356 1693,3359 1738,3359 1782,3359 1827,3359 1872,3359 1917,3359 1962,3359 2006,3359 2051,3359 2096,3362 2141,3362 2186,3362 2230,3362 2275,3365 2320,3365 2365,3365 2410,3365 2454,3362 2499,3362 2544,3362 2589,3359 2634,3362 2640,3359"/><TextEquiv><Unicode>sauver. Mais, Jésus-Dieu! notre maison si petite ne</Unicode></TextEquiv></TextLine><TextLine id="tr_1776153200_tl_63" custom="readingOrder {index:62;}"><Coords points="1587,3418 2637,3424 2637,3378 1587,3382"/><Baseline points="1594,3413 1639,3410 1684,3410 1729,3410 1773,3413 1818,3413 1863,3413 1908,3413 1953,3413 1997,3413 2042,3413 2087,3416 2132,3416 2177,3416 2221,3416 2266,3419 2311,3419 2356,3419 2401,3416 2445,3416 2490,3413 2535,3410 2580,3410 2625,3410 2640,3413"/><TextEquiv><Unicode>renferme cachette aucune, et si les méchants entrent</Unicode></TextEquiv></TextLine><TextLine id="tr_1776153200_tl_64" custom="readingOrder {index:63;}"><Coords points="1589,3483 2504,3476 2504,3440 2465,3434 1589,3437"/><Baseline points="1597,3467 1642,3464 1687,3464 1732,3467 1776,3467 1821,3467 1866,3467 1911,3467 1956,3467 2000,3467 2045,3467 2090,3470 2135,3470 2180,3473 2224,3473 2269,3473 2314,3470 2359,3470 2404,3470 2448,3467 2493,3467 2508,3467"/><TextEquiv><Unicode>céans, ils ne manqueront pas de vous trouver.</Unicode></TextEquiv></TextLine><TextLine id="tr_1776153200_tl_65" custom="readingOrder {index:64;}"><Coords points="1638,3523 2121,3552 2641,3523 2632,3470 2229,3503 1639,3485"/><Baseline points="1645,3512 1690,3518 1735,3521 1779,3521 1824,3521 1869,3521 1914,3521 1959,3521 2003,3521 2048,3524 2093,3524 2138,3524 2183,3526 2227,3526 2272,3524 2317,3524 2362,3521 2407,3518 2451,3518 2496,3518 2541,3515 2586,3512 2631,3512 2643,3512"/><TextEquiv><Unicode>— Qu’il soit fait selon que le ciel décidera, j’aurai</Unicode></TextEquiv></TextLine><TextLine id="tr_1776153200_tl_66" custom="readingOrder {index:65;}"><Coords points="1580,3582 1757,3616 2636,3574 2636,3531 1580,3544"/><Baseline points="1588,3571 1606,3571 1651,3571 1696,3571 1741,3571 1785,3571 1830,3574 1875,3574 1920,3574 1965,3574 2009,3577 2054,3577 2099,3577 2144,3577 2189,3580 2233,3577 2278,3577 2323,3574 2368,3571 2413,3571 2457,3568 2502,3565 2547,3565 2592,3565 2637,3565"/><TextEquiv><Unicode>le temps au moins de faire une prière avant d’être si</Unicode></TextEquiv></TextLine><TextEquiv><Unicode></Unicode></TextEquiv></TextRegion></Page></PcGts>