2939 4158
1537 195 1641 299 380
436 282 1547 380 par un rang de perles d’acier taillé, numéro 12.
436 365 1537 440 Tu vois par notre croquis, que la partie brodée sur le
433 422 1544 493 canevas est découpée en festons inégaux. Eh bien,
428 491 1544 550 cette broderie se détache sur des crevés de satin rose
436 534 1542 596 de chine, préalablement disposés sur une carcasse
433 592 1544 649 ordinaire, et, sur ces crevés, retombent de superbes
439 642 1542 715 glands en passementerie. L’intérieur est doublé de
433 707 1544 768 satin rose de chine disposé en tuyaux d’orgues; une
433 752 1539 819 cordelière et un gland à trois flots terminent ce vide¬
436 816 1122 895 poche d'une suprême élégance.
479 882 1542 956 56, ÉCRAN DE LUMIÈRES. C’est une bien jolie chose à
425 950 1537 1011 offrir et que l’on peut, comme tous les écrans ordi¬
425 1007 1545 1065 naires, varier à l’infini. Celui-ci est fait sur moire
419 1059 1545 1132 blanche; il a vingt-cinq centimètres de longueur, et
425 1119 1537 1173 seize de largeur; une guirlande de groseilles avec
425 1178 1545 1228 leur feuillage forme l’encadrement; les feuilles sont
421 1232 1545 1294 en satin ou en velours, découpées à l’emporte-pièce ou
425 1283 1537 1348 aux ciseaux; elles sont retenues tout autour par un
431 1343 1538 1399 cordonnet d’or; les grosses nervures sont en soutache
433 1395 1531 1459 d’or, et les fines en cordonnet. Les grappes de gro¬
421 1450 1531 1505 seilles se font en chenille nuancée, commençant par
421 1500 1531 1562 le grenat foncé, et arrivant au bas, à la couleur gro¬
421 1562 1511 1623 seille ; chaque grain est entouré d’un cordonnet d‘or
428 1612 1528 1667 ces grains pourraient aussi être en perles blanches.
421 1666 1538 1724 Dans le milieu de l’écran est un tronc d’arbre qui se
425 1714 1531 1782 brode au passé, en chenille, dans les couleurs natu¬
421 1777 1534 1841 relles; les feuilles de l’arbre doivent être comme
425 1834 1535 1901 celles de l’entourage. Sur les branches de cet arbre,
425 1889 1531 1947 est gracieusement perché un magnifique oiseau de
425 1943 1532 2012 paradis, avec tout son plumage se détachant en relief
432 2011 1531 2062 et en couleurs éclatantes sur le fond blanc. Ces
421 2051 1531 2119 charmants oiseaux, dont la confection exige des
418 2107 1532 2171 mains très-habiles et spéciales, ont atteint, dans les
426 2161 1528 2219 magasins de madame Marie Soudan (1), un grand de¬
421 2218 1535 2276 gré de perfection; aussi en expédie-t-elle journellement
421 2272 1528 2338 en province avec les autres fournitures nécessaires
423 2320 1535 2401 à la confection de ce joli écran; ces fournitures ne
414 2384 1534 2457 dépassent pas 8 à 10 francs. Tu n’ignores pas que
419 2435 1528 2507 maintenant toutes ces choses s’envoient par la poste,
421 2494 1525 2569 moyen d’autant plus commode qu’il est peu coû¬
421 2542 538 2612 teux.
462 2612 1528 2704 57, CROQUIS D'UNE MANCHE DE ROBE, et d’une sous-man¬
415 2665 1528 2750 che, en mousseline avec entre-deux. La manche de robe,
416 2728 1528 2807 à double pagodes, est surmontée d’un jockey, le tout
425 2779 1531 2852 orné de velours formant losanges et terminé par un
421 2838 1528 2929 petit effilé en chenille. Cette manche appartient na¬
416 2898 1518 2961 turellement à un corsage, lequel est fait avec de lon¬
425 2954 1522 3031 gues basques, ayant tout autour, de distance en dis¬
419 3011 1531 3092 tance, des pyramides de velours posées également en
421 3052 1524 3123 losanges; une quille assortie est placée de chaque côté
421 3106 1113 3188 de la jupe dépendant du corsage.
463 3164 1525 3230 Quant à la sous-manche, c'est un bouillon en mous¬
412 3226 1530 3287 seline très-claire, ayant soixante centimètres de lon¬
415 3274 1518 3337 gueur, quarante-six de hauteur sur le bras, et trente¬
412 3338 1522 3398 cinq en dessous. Le bouillon une fois taillé dans ces
415 3395 1528 3458 proportions-là, dans le bas, tu pendras ton étoffe au
409 3447 1520 3508 milieu à une hauteur de vingt-cinq centimètres, puis
409 3501 1520 3559 de chaque côté, à dix centimètres de distance, tu re¬
416 3552 1518 3630 feras la même fente, deux fois, ce qui, avec l'ouver¬
408 3596 1521 3686 ture laissée à la couture du bouillon, nous donnera
416 3651 1517 3742 six ouvertures qui seront roulées, froncées et montées
411 3722 1518 3813 sur un entre-deux de mousseline brodée, ayant deux
442 3865 922 3967 (1) Rue Saint-Denis, 145.
1643 276 2757 381 centimètres de largeur et douze de longueur, sauf
1636 370 2755 443 celui du dessous de bras qui n’en doit avoir que dix.
1633 412 2757 484 Cet entre-deux, que tu auras préalablement roulé, ou
1633 482 2757 544 mieux encore ourlé pour plus de solidité, sera arrondi
1633 533 2755 603 dans le haut. Pour le bas, un entre-deux pareil for¬
1630 593 2757 649 mera le poignet. Ces sortes de manches sont très-jolies
1630 649 2748 711 et ont le grand avantage de ne point se chiffonner
1639 701 2752 770 Pour les faire, il faut cinquante centimètres de
1627 758 2759 833 mousseline, cinq quarts de large, et un mètre d'en¬
1633 810 1823 894 tre-deux.
1675 885 2752 981 58, CROQUIS D'UNE CRAVATE, que l’on peut faire en taf¬
1627 976 2763 1027 fetas, en moire, en velours, soit de couleur, soir
1633 1031 2752 1103 noire; les bouts en sont brodés au passé, au point de
1630 1083 2752 1140 chaînette, ou en soutache. Celle que je t'envoie est de
1626 1132 2755 1225 la plus excessive simplicité, c'est tout bonnement du
1627 1202 2593 1273 taffatas bleu garni d’une dentelle de Cambrai.
1670 1258 2755 1323 Le tour du cou est formé par un biais de sept cen¬
1626 1317 2752 1375 timètres de haut sur quarante de long; ce biais, que
1627 1371 2739 1428 l’on ferme dans toute sa longueur, est ensuite re¬
1627 1425 2749 1500 tourné à l’endroit pour cacher la couture; ceci se fait
1627 1490 2743 1549 avec le plus de soin possible, de façon à ne point trop
1627 1534 2752 1606 froisser l'étoffe; de chaque côté, fais deux petites pin¬
1627 1598 2749 1680 ces plus ou moins profondes, suivant la grosseur du
1627 1650 1715 1704 cou.
1670 1695 2749 1766 Pour les bouts, tu coupes deux morceaux également
1627 1766 2753 1827 en biais, de quarante-six centimètres de long, quinze
1627 1821 2742 1884 de large dans le bas, et onze dans lle haut; ces bouts
1626 1886 2738 1935 comme le petit col, sont cousus en dedans, et la cou¬
1626 1930 2746 2003 ture doit être placée au milieu. De plus, les bouts,
1627 1981 2742 2052 taillés en pointe, seront ourlés comme un mouchoir,
1622 2045 2748 2110 et sur le point de ton ourlé, tu coudras une dentelle
1622 2099 2740 2156 de six à huit centimètres de hauteur; il en faut trente
1630 2144 2752 2209 centimètres pour chaque bout; enfin, ces deux bouts
1622 2219 2671 2280 seront réunis au petit col par un point de piquîre.
1886 2316 2480 2391 JOURS EN PG. DE DENTELLE.
1673 2426 2743 2500 59 et 60, On fait douze grands réseaux dans le tour
1622 2491 2743 2558 du compartiment de la broderie, en laissant un peu
1622 2551 2736 2613 plus d’espace entre les réseaux des bouts. On surfile,
1622 2603 2736 2665 et l’on fait encore douze réseaux qu’ on prend dans les
1630 2658 2733 2712 premiers. Ceux des bouts sont naturellement plus pe¬
1620 2711 2746 2774 tits. En faisant les six réseaux du second côté, on
1630 2765 2743 2834 prend la bridge des six réseaux opposés. On ne surfile
1627 2825 2743 2881 pas. On a maintenant ce que représente le dessin
1619 2882 2745 2947 59 bis. On entoure les petits carrés du milieu d’un
1620 2930 2732 2998 double cercle de fil, en passant sur et sous les brides
1627 2981 2746 3045 puis, on festonne. Les triangles allongés qui séparent
1620 3039 2735 3119 les grands réseaux se remplissent de points tout pa¬
1615 3090 2736 3158 reils à ceux qui font les points d’esprit. On commence
1620 3143 2736 3218 par la pointe, qui doit être très-aiguë; pour cela on
1624 3212 2715 3266 serre bien les premiers points. Vois le dessin n° 60.
1657 3306 2739 3369 61, Ce jour se fait sur tulle, je te le conseille pour
1615 3357 2736 3423 tous les grands dessins en application; il va vite et
1613 3412 2739 3484 produit beaucoup d’effet. Malheureusement, aucun
1619 3470 2739 3543 dessin montrant les premiers degrés du travail ne
1615 3534 2739 3587 peut nous venir en side : point d’autres moyens que
1609 3577 2731 3641 les mots. Armons-nous donc de patience. Chacun de
1609 3638 2731 3694 ces ronds consiste en un réseau qu’on agrandit en le
1612 3686 2731 3756 cordonnant avec ceux qui l’entourent et en faisant
1609 3749 2728 3811 sortir l’aiguille dans le troisième réseau, tout autour;
1605 3794 2725 3865 le réseau du centre comptant pour un. Ainsi, à chaque
1609 3856 2731 3916 point on prendra sur l'aiguille deux brides. On fait
1607 3913 2721 3984 dans le tour douze points. Il faut serrer et bien étirer
