2959 4075
1627 108 1738 209 236
554 206 1641 278 décrépits, au sol inégal, pavée d’affreux carreaux
554 271 1641 328 d'une saleté révoltante, sans autres meubles qu'un
559 319 1640 373 vieux bahut, une table boiteuse, trois chaises à moitié
557 365 1638 423 dépouillées, et un mauvais lit, sur lequel était étendu
557 420 1636 488 le vieillard paralytique, dont la chevelure blanche
559 475 1645 543 s'échappait en mèches longues, mais rares, d'un bon¬
554 522 1644 581 net de coton bleu; il avait une figure calme et rési¬
557 576 1636 643 gnée qui prévenait en sa faveur. Sa femme, presque
554 632 1634 706 aussi âgée que lui, grande et maigre paysanne, cou¬
562 689 1631 753 verte de haillons, à la peau parcheminée et terreuse,
562 738 1634 808 était assise dans un coin, occupée à bourrer, avec je ne
562 793 1627 852 sais quelle pitance, une belle oie qu’elle avait sur
562 849 799 919 les genoux.
589 885 1636 965 Près du Grabat du paralytique se tenait un autre
559 964 1641 1019 vieillard, qu'à son linge fin, à ses habits simples mais
551 1009 1634 1073 propres, à sa canne à pomme d'argent, il était facile
540 1071 1638 1127 de reconnaître pour un visiteur charitable. Il se leva
543 1112 1634 1198 à notre aspect, serra la main du pauvre infirme et se
544 1168 898 1242 retira lentement.
584 1233 1626 1287 « On nous a dit que vous aviez été bien malade
544 1277 1620 1344 hier, dis-je à la bonne femme, qui s’était levée pour
542 1339 1558 1406 nous recevoir; comment cela va-t-il maintenant?
577 1402 1633 1459 — Oh ! répondit-elle dans un espèce de patois traî¬
539 1451 1627 1504 nant que j'avais de la peine à comprendre, sans un
542 1500 1627 1571 brave garçon que le bon bien nous a envoyé pour me
536 1552 1444 1611 secourir, je serais morte à l'heure qu'il est. »
584 1608 1626 1674 Elle nous raconta alors, avec de longs détails, tout
536 1670 1623 1724 ce que nous savions déjà de son évanouissement et
537 1723 1625 1791 de la cruelle auxiété dans laquelle s'était trouvé son
539 1772 661 1842 mari.
583 1822 1623 1895 « Le pauvre cher homme, ajouta-t-elle en jetant
532 1891 1615 1950 sur lui un regard affectueux, voilà quatorze ans déjà
542 1938 1620 2003 qu’il ne peut remuer ni pied ni patte, et c’est ce qui
531 1991 1629 2050 nous a perdus. Avant cela, il gagnait de l’argent dans
529 2050 1618 2103 son commerce de bois, et moi, en engraissant des vo¬
536 2103 1618 2159 lailles; rien ne nous manquait alors et nous étions
536 2150 1616 2219 heureux comme des princes, mais il tomba malade,
536 2213 1616 2266 nous dépensâmes en médecins et en remèdes le plus
537 2256 1618 2318 clair de notre avoir et quand nous n’eûmes plus
531 2317 1618 2385 d’argent nous vendîmes notre petit bien, puis nos
522 2373 1610 2429 meubles, puis nos effets, jusqu’à nos habits de noce.
529 2418 1618 2479 Pour comble de malheur, l'épidémie s’est mise sur les
532 2474 1615 2533 animaux et je n’ai pu sauver cette année une seule de
528 2531 1623 2597 mes bêtes; alors nous avons jeuné, car il m'en coûtait
532 2587 1605 2632 d’aller demander l’aumône, c’est si dur quand on n’y
529 2631 1270 2698 a pas été habitué dès le jeune âge! »
577 2676 1618 2781 Le mari gardait le silence, mais de grosses larmes
537 2747 1110 2821 sillonnaient ses joues ridées.
584 2810 1626 2865 « Mon brave homme, lui dit le baron, il y a sans
537 2843 1615 2944 doute au Mans quelque asile pour les vieillards in¬
536 2918 1620 2978 firmes, vous n’y manqueriez de rien et vous y seriez
536 2965 1343 3032 beaucoup mieux soigné que chez vous.
635 3039 1615 3108 Oh ! monsieur, jene veux pas quitter ma femme,
526 3089 1619 3153 répondit le paralytique, voilà quarante-cinq ans que
532 3132 1611 3203 nous vivons en bonne amitié; et, s’il plaîtau Seigneur,
524 3197 1618 3260 elle me fermera les yeux. J'aime mieux pâtir ici que
522 3242 949 3315 d’être bien sans elle.
630 3297 1615 3360 Ni pour or ni pour argent je ne consentirai ja¬
531 3353 1608 3439 mais à ce qu'on mette mon homme dans un hospice,
526 3412 1607 3469 disait presque en même temps la pauvre femme ; je
532 3458 1615 3531 mendierai mon pain, s'il le faut; mais, tant que j'en
524 3521 1611 3592 aurai une bouchée, je la partagerai avec lui. Si nous
526 3568 1608 3665 mourons de faim tous les deux, au moins nous mour¬
517 3618 827 3684 rons ensemble.
618 3664 1604 3767 Non, Dieu ne permettra point que vous mouriez
1729 200 2817 287 de faim, m'écriai-je extrêmement touchée de leur ten¬
1723 264 2125 334 dresse conjugale. »
1771 298 2820 390 Le baron, qui est la bonté même, se montra fort
1727 369 2812 446 généreux envers ce pauvre couple. Le mari remercia
1723 412 2812 491 brièvement, mais d'un ton pénétré; la femme, au con¬
1723 476 2810 539 traire, se répandit en longs discours entremêlés d'ex¬
1727 531 2218 581 clamations louangeuses.
1765 589 2809 656 « Quand vous êtes entrés tout à l’heure, il m’a sem¬
1726 630 2810 704 blé voir des anges du bon Dieu; voilà comme on relève
1718 685 2806 766 les gens. Déjà tout à l’heure le bon M. Gervais m’a
1719 748 2802 819 apporté cette oie que voilà et il m’a promis de m‘a¬
1718 792 2806 864 mener demain un petit de sa bique; avec l'argent que
1723 857 2803 934 monsieur vient de me donner, j'aurai largement de
1716 903 2806 978 quoi acheter deux jolis Gorains à la foire prochaine.
1719 964 2809 1035 Si Dieu veut, la maladie ne sera pas toujours sur ces
1718 1016 2806 1082 bestiales, et, mes bêtes venant à bien, j'en tirerai bon
1718 1073 2805 1135 profit, et en tirant bon profit de mes Gorains, de ma
1712 1127 2802 1190 bique et de mes couvées, j’achèterai d’autres animaux
1720 1173 2802 1238 que j’engraisserai comme les premiers, ce qui nous
1715 1235 2813 1300 rendra un peu de bon temps, car j'ai du courage et
1711 1275 2348 1351 le travail ne me rebute point.»
1763 1335 2802 1410 Nous nous éloignâmes fortement émus de cette joie
1711 1388 2798 1459 bruyante, de ces projets d'avenir, dont l'accomplis¬
1704 1452 2400 1515 sement nous paraissait si douteux.
1763 1500 2798 1562 « Pauvre espèce humaine! comme l'illion la
1708 1545 2798 1612 berce sans cesse! dis-je à mon ami. La Fontaine avait
1705 1599 1966 1664 bien raison :
1824 1709 2411 1778 Quel esprit ne bat la campagne,
1826 1767 2453 1838 Qui ne fait châteaux en Espagne ?
1759 1834 2802 1936 Cette femme en haillons, qui semble avoir déjà
1708 1921 2795 1987 un pied dans la fosse, tant elle est vieille et usée,
1711 1979 2799 2050 s'abus sans doute comme la jeune et pimpante lai¬
1707 2023 2797 2100 tière de la fable, comme le conquérant insatiable qui
1707 2087 2797 2154 rêve encore de nouvelles conquêtes. Chacun de nous
1698 2144 2792 2204 se plaît à créer des fantômes qui revêtent une appa¬
1704 2185 2570 2266 rence de vie et qu'un souffle fait évanouir.
1801 2248 2794 2311 Sans doute, madame, chacun songe en veillant,
1698 2293 2797 2367 autant les vieux que les jeunes, autant les sages que
1708 2340 2787 2418 les fous, et, comme le bonhomme, j'ajouterais volon¬
1708 2404 2794 2472 tiers qu’il n’est rien de plus doux; notre âme, créée
1712 2460 2792 2523 pour le bonheur et ne le trouvant jamais complet dans
1708 2513 2788 2575 ce monde, compte toujours sur l’avenir; et l‘espérance,
1708 2563 2787 2616 cette fille du ciel, semblable aux abeilles qui dépo¬
1708 2620 2787 2686 sèrent des rayons de miel dans la gueule du Lion de
1705 2671 2787 2735 Thamnata, répand ses douceurs jusque dans les âmes
1705 2720 2787 2794 les plus désolées. Mais, puisque nous voici à Pont-Lieu,
1700 2776 2732 2844 ne seriez-vous pas bien aise d'en visiter l'église?»
1739 2827 2787 2899 Je répondis affirmativement; nous traversâmes
1705 2884 2786 2954 dans toute sa longueur ce joli bourg, qui était autre¬
1700 2932 2788 3000 fois joint au Mans par une double allée de peupliers
1708 2987 2788 3062 et qui en est maintenant séparé par le chemin de fer,
1703 3043 2787 3101 et à peine arrivés sur la p.ace, nous aperçûmes le
1697 3104 2787 3167 même vieillard que nous avions rencontré chez le
1708 3158 2784 3219 pauvre ménage; il se reposait sur un banc de pierre,
1703 3205 2783 3268 le men ton appuyé sur la pomme de sa canne. Nous le
1692 3268 2779 3344 saluâmes en passant et il nous ôta son chapeau avec
1712 3316 2780 3383 politesse; mais comme il venait de le replacer sur sa
1703 3374 2781 3428 tête chenue, un coup de vent agita le feuillage des
1693 3430 2781 3488 arbres et enleva le chapeau, qui roula devant nous en
1700 3472 2776 3561 bondissant comme une balle élastique. M. Gervais se
1693 3524 2769 3617 leva aussi vivement qu'il le put pour ressaisir son cha¬
1700 3594 2779 3646 peau, mais avant qu’il eût franchi le quart de la dis¬
1693 3639 2776 3698 tance qui l'en séparait, celui-ci était emporté dans une
1693 3692 2781 3795 direction contraire. Nous nous mîmes à courir de
