2822 3966
1547 76 1650 174 162
529 131 1561 230 Cependant Zizim, qui n’avait reçu aucune nou¬
490 204 1553 272 velle de deux ambassadeurs qu’il avait envoyés au
490 254 1545 325 grand maître, errait à la merci des rents et des flots,
480 292 1551 387 lorsqu’il découvrit trois vaisseaux qui cinglaient vers
480 346 1551 422 lui à pleines voiles. C’étaient les galères de.Rhodes
487 408 1539 467 qui venaient le chercher. Sur l'une d'elles se trou¬
481 449 1546 527 vait don Alvar de Zuniga, chevalier de.Rhodes, que
484 502 1549 575 d'Aubusson avait chargé de le représenter auprès du
484 561 1531 624 prince et qui le traita avec la plus grande courtoisie.
476 624 1538 674 Zizim arriva à... l’avait vu au nombre de
471 675 1539 737 ses assiégeants ; il fut reçu par le grand maître avec
469 729 1531 782 une tendresse de père et tous les honneurs qu’on au¬
469 780 1538 840 rait rendus à un roi. Le fugitif parut sensible à cet
469 829 1535 886 accueil, et quoique nos usages l’étonnassent, il ne
471 871 1522 954 cessait de témoigner au grand maître et aux cheva¬
457 926 1532 994 liers une reconnaissance confiante qui faisait l’éloge
460 985 1530 1048 de son cœur. L’ile de.Rhodes, que Zizim avait vue
461 1022 1519 1104 jadis transformée en un champ de bataille, ne re¬
461 1086 1523 1147 tentissait plus que du bruit des tournois et des joutes.
461 1135 1520 1204 On s’efforçait de réjouir le prince par des festins ma¬
456 1193 1527 1256 gnifiques et de briilants concerts. Il se prêtait à
453 1236 1522 1319 tout, mais il ne témoigna de joie qu’une seule fois,
452 1298 1527 1354 en entendant un esclave turc qui jouait sur un ins¬
457 1351 1523 1457 trument barbare un air de l’Asie ; Zizim l‛écouta et
454 1392 822 1462 sourit doucement.
494 1444 1522 1520 Les démarches de la Porte jetaient de l’inquiétude
450 1503 1518 1581 dans l’esprit de Zizim ; il ne se crut pas en sûreté
454 1553 1523 1624 dans un lieu si voisin de la Turquie, et il résolut de
448 1605 1512 1685 passer en France. Avant de quitter le grand maître,
449 1666 1508 1722 il lui remit un acte par lequel il s’engageait, s‘il ré¬
438 1707 1516 1779 gnait un jour, à maintenir une paix perpétuelle avec
436 1768 1518 1833 l'ordre de Saint-Jean, en reconnaissance des bons
438 1816 1513 1889 traitements qu’il avait reçus, et en disant adieu à
440 1865 1511 1935 d’Aubusson, il s’attendrit et se jeta à ses genoux pour
434 1916 1509 1996 lui baiser la main. Le vieillard pleura longtemps sur
436 1973 1503 2076 lui, et ils se séparèrent enfin avec des respects réci¬
440 2022 624 2091 proques.
479 2079 1515 2148 Le jeune prince abandonnait en effet ses plus sûrs
440 2123 1501 2195 protecteurs. Déjà les souverains dont les États tou¬
440 2188 1511 2252 chaient à la Turquie avaient fait d’instantes prières
434 2237 1496 2302 au grand maître pour avoir Zizim à leur disposition.
430 2287 1507 2363 mais d’Aubusson crut que la sauvegarde de la France
438 2344 1499 2405 valait mieux pour lui, et il le fit accompagner par quel¬
427 2398 1499 2468 ques-uns des principaux chevaliers de l’Ordre. Louis XI
436 2462 1504 2532 qui régnait alors, n’eut pas pour un prince étranger,
431 2509 1504 2567 pauvre, fugitif, les généreux sentiments du grand
422 2560 1508 2618 maître : il accueillit Zizim très-froidement, et l'exilé
429 2614 1501 2675 ne trouva de refuse que dans la commanderie de
422 2662 1499 2733 Bourganeuf, qui appartenait à l’ordre de Saint-Jean.
415 2712 1496 2788 Il y passa plusieurs années qui furent paisibles, sinon
415 2755 648 2828 heureuses.
461 2797 1496 2894 Le pape Innocent VIII, qui occupait alors le siége
415 2873 1497 2953 de saint Pierre, désirait délivrer l’Orient de la tyranny
415 2925 1501 2994 des infidèles. Il pensa que la présence de Zizim serait
418 2986 1488 3053 utile à l’armée qu’il espérait rassembler et envoyer
418 3024 1493 3108 contre Bajazet, et il écrivit à Charles VIII, successeur
418 3077 1495 3170 de Louis XI, et à d’Aubusson des lettres très-pressantes
418 3130 1488 3209 pour qu’ils déterminassent Zizim à se rendre à Rome.
415 3184 1486 3266 Le prince ne put se refuser à des désirs qui étaient
418 3234 1488 3327 presque des ordres, et il s'embarqua à Marseille, suivi
418 3292 1488 3379 du grand prieur de Blanchefort. Le fils de Mahomet
413 3334 1480 3456 fut reçu à Rome avec de grands honneurs et admis à
1634 168 2700 261 l’audience du pape, qui l’accueillit avec bonté. Pen¬
1627 215 2694 311 dant trois années, il vécut à Rome libre et heureux.
1628 276 2697 362 Mais la mort enleva Innocent VIII, et Alexandre VI lui
1634 335 2705 423 succéda. La première pensée du nouveau pape fut de
1624 381 2697 463 s’assurer de la personne de Zizim, et de s’en faire une
1630 425 2682 522 arme pour ou contre Bajazet; il le fit donc empri¬
1622 484 2686 575 sonner au château Saint-Ange. Peu de mois après,
1627 526 2685 619 Charles VIII entrait en Italie pour se rendre à la con¬
1627 591 2691 672 quête du royaume de Naples ; il se souvint du prince
1628 638 2685 725 turc qu'il avait vu en France et dont il connaissait les
1615 692 2687 783 malheurs. Il le réclama. Zizim fut mis en liberté; il
1618 755 2681 826 salua Charles d’une manière qui ne sentait, dit un
1616 809 2683 878 vieil historien, ni le barbare ni le prisonnier : après
1609 841 2682 936 lui avoir baisé la main et l'épaule, il lui dit fièrement
1612 895 2681 983 qu'il espérait que les Français considéreraient en lui
1604 962 2686 1044 la race ottomane, et il ajouta quelorsqu’ils passeraient
1611 1010 2675 1087 en Grèce il saurait reconnaître leurs bons offices.
1612 1050 2678 1144 Charles VIII le traita avec une vive amitié et voulut
1608 1114 2670 1193 qu’il le suivît à Naples. Le pauvre prince espérait re¬
1600 1162 2678 1273 lever sa fortune en suivant celle des Français, mais
1604 1220 2422 1278 son orageuse carrière devait s'arrêter là.
1646 1261 2671 1366 Quelques historiens ont écrit qu’il avait été empoi¬
1599 1327 2677 1428 sonné, mais voici, d’après les écrivains orientaux, le
1611 1367 2153 1438 véritable détail de sa mort :
1639 1424 2671 1505 Bajazet craignait la présence de son frère au milieu
1597 1476 2668 1553 des chrétiens et s’en expliquait ouvertement. Il avait
1591 1526 2668 1609 à son service un renégat italien, nommé Mustapha,
1600 1572 2660 1662 qui, un jour, l’ayant entendu témoigner ses inquié¬
1592 1645 2670 1715 tudes, lui dit : « Seigneur, laissez-moi le soin de cette
1592 1700 2667 1779 affaire; je vous mettrai l’esprit en repos au sujet de
1601 1737 2671 1822 votre frère, et, fût-il caché dans le coin le plus secret
1591 1785 2671 1862 de l’Italie, je saurai le découvrir et lui ôter la vie. » Le
1595 1837 2663 1935 sultan, tout joyeux, lui promet de le faire grand vizir
1592 1891 2668 1977 s’il parvient à accomplir une action si nécessaire à son
1591 1958 2667 2019 repos. Mustapha quitte aussitôt le turban et court à
1595 1992 2654 2067 Péra se réfugier chez les Francs. Il y déplore le mal¬
1586 2056 2656 2127 heur qu’il a eu d’abjurer sa religion; et, fondant en
1585 2103 2655 2198 larmes, il les conjure de lui accorder leur protection
1586 2168 2659 2241 et de lui faciliter les moyens de retourner dans sa
1588 2205 2654 2288 patrie. On croit Mustapha converti dans le cœur, on
1580 2272 2655 2352 s’attendrit, on le met à bord d’un vaisseau frété pour
1585 2315 2652 2410 l'Italie, et peu de jours après il débarque à Naples.
1586 2367 2655 2430 Zizim venait d’y arriver; Mustapha parvint à s’intro¬
1588 2424 2655 2489 duire près de lui et il se fit attacher à sa maison en
1591 2474 2654 2551 qualité de barbier. L'occasion favorable à son projet
1577 2536 2652 2591 ne tarda pas à se présenter : resté seul avec le prince
1589 2577 2644 2645 qu’il rasait, il lui coupa la gorge (25 février 1493).
1580 2632 2648 2712 Bajazet combla d’honneurs le meurtrier, qui parvint
1577 2679 2652 2751 à regagner Constantinople, et il fit réclamer le corps
1580 2742 2650 2824 de son frère assassiné, qu'il ensevelit avec de grands
1584 2789 2641 2889 témoignages de respect près du tombeau d’Amurat,
1576 2833 1800 2904 leur aïeul.
1622 2886 2643 2982 Zizim, au témoignage de tous ceux qui l’ont connu,
1574 2959 2640 3011 avait une âme noble et fière et un esprit très-cul¬
1573 2997 2658 3092 tivé. L'Orient conserve un recueil de ses poésies, ainsi
1584 3070 2645 3142 que la traduction qu’il a faite, en langue turque,
1576 3116 2641 3184 d’un roman persan. Sa vie fut courte et malheu¬
1569 3162 2643 3226 reuse; et, par un singulier jeu du sort, il dut les seuls
1569 3224 2643 3306 moments de paix et de bonheur qu'il goûta sur la
1570 3272 2636 3362 terre à cette milice de.Rhodes que son père avait
1566 3319 2325 3412 poursuivie avec tant d’acharnement.
