2822 3966
1567 63 1675 162 138
505 118 1580 234 sang des rois n’était plus à leurs yeux qu’un fleuve
510 188 1097 262 dont le cours s'est détourné.
556 230 1572 322 Chilpéric, plein de colère, vole vers Charles-Martel;
510 289 1573 381 on s’arme, on se range en bataille, la Neustrie com¬
521 345 1576 423 bat pour les rois, l’Austrasie pour Charles. L’action
514 400 1560 467 s’engage, Chilpéric s’avance, il se bat, il est vaincu.
560 460 1573 530 Cloitres pieux, préau solitaire! où êtes-vous? Que
514 516 1576 569 n’ai-je dit : « Je veux mourir en ce lieu de refuge où
518 553 1572 627 Dieu seul a droit sur mon âme? Qui suis-je? Rien!
511 622 1577 701 L'univers le saura; on le lui dira. Lui dira-t-on que
509 667 1081 733 j’ai souffert, que j’ay lutté? »
553 713 1567 780 Ainsi, dans le délire du sommeil, le prince touchait
499 779 1568 839 à l’avenir par celte affinité qui, parfois, lie le songe à
506 819 1567 890 la réalité. Il regardait sa propre image; il portait la
501 869 1555 938 couronne et le manteau des rois, mais une autre vo-
493 928 1559 999 lonté enchaînait la sienne. A lui les splendeurs, la
493 987 1557 1043 mollesse d’un char, les délices d‘un palais. A Char¬
495 1019 1556 1130 les Martel la toute-puissance qui donne la paix ou la
490 1075 654 1149 guerre.
1704 137 2712 243 Et le songe de Chilpéric-Daniel, détruit et recon¬
1651 205 2717 306 struit vingt fois par les fantômes du sommeil, restait
1661 260 2717 369 toujours inachevé. Il n’entrevoyait pas de terme à sa
1662 311 1884 376 souffrance.
1693 345 2711 447 Tout à coup un froid mortel glace tout son corps :
1654 411 2711 511 une forte secousse rappelle ses sens à la vie; il s’é¬
1657 479 2712 557 veille. La vision douloureuse a mis le comble à ses
1651 528 2701 604 maux. Cherchant dans les vapeurs des siècles à venir
1658 583 2712 662 quel rang lui était réservé, à quelle gloire ou à quel
1646 626 2715 699 abaissement il était destiné, le fier descendant de
1647 689 2709 761 Clovis avait cru voir une main injurieuse tracer avec
1646 736 2708 815 le burin de l’histoire le nom de Chilpéric. Il s’était
1647 789 2696 866 penché pour lire ces caractères ineffaçables qui tom¬
1639 846 2708 917 baient d’une main infidèle. O supplice ! les yeux du
1643 898 2711 993 mérovingien, à travers un voile de larmes, avaient
1641 938 2024 1007 compté trois mots.
1692 984 2704 1075 En trois mots devait se résumer devant les siècles
1634 1057 2706 1128 toute une vie de souffrances, de désirs et de luttes :
1637 1090 2262 1192 Chilpéric II... roi... fainéant!
2329 1108 2625 1180 Mme DE STOLZ.
1261 1355 1929 1489 L'EPREUVE
1434 1498 1729 1616 NOUVELLE.
505 1849 1539 1922 La Letha est certainement la reine des rivières, il ne
462 1909 1529 1978 manque à sa gloire que d’être connue géographique¬
467 1955 1539 2019 ment, et cette gloire lui écherra quelque jour, lorsque
462 1999 1537 2073 les géographes seront poètes. Qu’on se souvienne ici
471 2062 1533 2133 que le Mississipi, le plus ventru de tous les fleuves, n’a
473 2117 1534 2178 de nom chez nous que d’hier! La Letha n’est point
470 2171 1525 2233 une mer, ni même un fleuve, c’est un peu plus
474 2219 1532 2292 qu’un ruisseau. Les arbres parfois s’entre-croisent
463 2272 1526 2341 au-dessus d’elle, et le cerf lancé la franchirait pres¬
466 2323 1529 2394 que partout d’un seul bond. Mais elle est roman¬
467 2368 1521 2458 tique comme tout le pays de Cornouailles, ce vieux
462 2423 1522 2501 nid de Celtes qu’elle traverse, et son nom d’ail¬
463 2473 1530 2557 leurs est si doux ! Tantôt arrêtée dans son cours par
466 2524 1522 2608 de grands entassements des rochers barbus, elle bon-
467 2578 1528 2662 dit, et jette avec fracas ses flocons d’écume, tantôt elle
458 2641 1534 2711 s’encaisse entre deux rives escarpées. La rive, un peu
466 2674 1529 2760 plus loin, s’aplanit et le torrent mignon s‘étale à son
456 2745 1532 2810 aise, formant à fleur de terre de petits lacs à travers
466 2787 1522 2854 lesquels le soleil se regarde et sourit. La Letha est
463 2851 1532 2919 claire comme un miroir, elle est vite comme ui cheval
459 2884 1526 2976 de Perse, elle est toute parée de verdure, et les herbes
456 2955 1524 3023 qu’elle écrase dans sa course folle parfument coquet-
456 3003 1512 3081 tement ses eaux et ses bords. Un double étage de col¬
454 3056 1514 3132 lines, ici coupées à pic, incultes, sauvages, là douce-
450 3113 1517 3167 ment arrondies et toutes boisées, s’élève à l’entour.
454 3159 1521 3223 Les ajoncs gémissent sur la lande voisine, l’herbe
459 3201 1521 3297 frémit, la rivière babille, les grands bois murmurent.
460 3260 1508 3370 Pas d’autres soupirs que ceux de la nature, pas d‘au-
448 3301 682 3368 tres bruits.
494 3350 1520 3435 Hélas ! l’amour de ses semblables est sans doute
444 3415 1518 3495 une vertu plus que jamais nécessaire à l’homme en
442 3449 1509 3550 général, et en particulier au Bas-Breion, puisque, sur
440 3512 1504 3652 le bord de la Letha même, il ne saurait plus faire un
1619 1775 2680 1843 pas sans en rencontrer quelques-uns. Ce lieu char¬
1615 1823 2692 1900 mant, dans vingt années peut-être, ne sera plus une
1618 1873 2689 1953 solitude; on y voit déjà des Anglais. A la fin du
1616 1932 2686 1996 quinzième siècle c’était un désert. Quelquefois les
1622 1965 2684 2051 jeunes Basses-Brettes, de la ville la plus proche, re¬
1618 2033 2681 2096 montaient le cours de la rivière, y cherchant un en-
1619 2082 2681 2147 droit ombreux, pour se baigner. Ces naiades des plus
1622 2135 2682 2211 rustiques remplissaient les échos de leurs cris un peu
1624 2188 2673 2258 virils et puis elles s’éloignaient, la partie faite, et le
1611 2250 2685 2309 silence n’était plus troublé de toute la saison. Aucune
1619 2286 2673 2360 habitation ne s’était assise sur les bords de la Letha;
1615 2336 2684 2422 les hameaux se méfiaient encore de cet enfant gâté
1619 2392 2666 2470 de ruisseau. De loin en loin, de lieue en lieue peut¬
1619 2437 2666 2509 être, apparaissait un moulin, mais toujours aban-
1607 2500 2668 2576 donné, car le torrent a ses colères ; elles brisent les
1611 2548 2672 2617 bonnes roues qui moulent le pain des hommes, et la
1611 2608 2681 2670 Letha se moque des meuniers. Sur les pentes qui
1611 2651 2669 2731 regardent l’eau paissaient isolément quelques mou-
1615 2701 2521 2784 tons noirs, et les loups y passaient souvent.
1654 2756 2672 2830 Pour un voyageur atteint de quelque mélancolie,
1612 2796 2673 2890 c’était une excursion unique que celle à faire sur les
1612 2850 2676 2943 bords de la Letha. Dix grandes lieues, le petit fleuve
1610 2909 2676 2986 court, se précipite, animant à lui tout seul ces àpres
1610 2974 2672 3049 campagnes, et mugit, et bouillonne, et s’apaise un peu
1622 3021 2672 3097 plus loin. Tout à coup, vers le milieu de sa course,
1603 3073 2678 3141 après s’être irrité longtemps contre un lit de rocs
1611 3123 2674 3196 obstinés, il retombe de vingt pieds dans un large
1603 3167 2676 3260 bassin de sable. Là, caressant un lit enfin docile, il
1603 3231 2674 3308 s’étend comme avec bonheur et forme la plus belle
1602 3292 2657 3356 et la plus vaste de ces nappes d’eau dont nous par-
1606 3333 2669 3426 lions tout à l’heure. Des deux côtés, des berges pla-
1604 3390 2669 3461 nes et verdoyantes s’étalent en prairies jusqu’au pied
1606 3442 2673 3520 des collines qui les encaissent profondément. A droite,
1602 3507 2659 3567 un petit ruisseau sourd lentement d’une gorge étroite,
1592 3558 2658 3644 et vient, en se plaignant, apporter à son ainé le mai¬
