2897 4318
1185 269 1298 355 319
184 356 1188 419 11e TOUR. — 1 maille unie, 1 rétrécie, i jetée, dé¬
148 419 1000 488 trécie, 1 jetée, 1 rétrécle, 1 petée, 13 unies.
186 464 1196 532 12e TOUR. — Rabattre 5 mailles, 7 unies, 1 à l'en¬
148 520 1190 598 vers, i unie, 1 à l'envers, 1 unie. 1 à I'en vers,
134 576 307 644 2 unies.
192 636 1133 738 EXPLICATION DE LA PLANCHE DE MANTEAUX.
184 734 1186 807 La première figurine représente une toilette des
148 795 1194 859 plus élégantes, mais comme sur les six elle est la
133 847 1189 896 seule, les mamans un peu sévères voudront bien nous
130 891 1190 956 la pardonner, d’autant plus que nous ne l’offrons qu’à
138 944 1178 1011 leurs filles déjà mariées; donc notre grande dame est
138 1007 1178 1064 toute de velours habillée; sa robe est à longues bas¬
142 1059 1178 1117 ques, avec manches grecques, n'ayant pour toute gar¬
126 1108 1189 1161 niture qu'une simple petite guipure posée à cheval; son
136 1164 1181 1222 manteau nospopan est une sorte de talma-mantelet,
142 1212 1176 1270 puisqu’il a des bouts tombant carrément sur le de¬
136 1267 1178 1311 vant; il est garni d'une dentelle de 20 à 30 centi¬
130 1315 1180 1367 mètres de hauteur, avec une tête de passementerie
136 1369 1178 1418 grelot. Le chapeau qui accompagne cette toilette est
133 1418 1176 1475 composé de biais de velours se croisant dans le mi¬
124 1466 1180 1519 lieu; une plume tourne sur la passe et vient se perdre
126 1515 1169 1572 sous un bavolet de dentelle; sous cette passe, un feuil¬
133 1563 1178 1631 lages de velours, d'un genre tout nouveau, se mêle
125 1613 555 1677 à des ruches de tulle.
166 1659 1170 1737 Robe de popeline d’Islande; corsage plat, sans bas¬
122 1716 1176 1794 ques, faisant la pointe devant et derrière; manches
126 1774 1170 1841 places jusqu’au coude, surmontées d’un bouillon.
124 1830 1166 1887 Châle PAQUITA, en casimir, brodé au passé, garni de
130 1886 1162 1948 guipure, doublé de soie et piqué. Chapeau de taf¬
116 1935 1169 2000 fetas coulissé; une dentelle blanche très-basse ren¬
134 1990 1169 2058 versée sur la passe, trois pattes de velours noir bor¬
130 2036 1164 2104 dées de dentelle forment la calotte; sur le bavolet,
124 2088 1168 2155 une dentelle blanche ; en dessous, un léger feuillage
125 2135 1164 2217 de lierre formant bandeau, accompagné de blondes
121 2184 291 2245 ruchées.
160 2236 1164 2317 Robe de taffetas avec une garniture de velours et
120 2289 1165 2351 de boutons formant tablier; le même ornement se re¬
117 2343 1156 2421 trouve sur le bord des basques, des manches, et forme
124 2397 1157 2475 plastron sur le devant du corsage. Manteau BENI¬
120 2450 1157 2519 RATEN en drap mouzaïa marron, bleu et noir; ce vê¬
117 2499 1164 2572 tement, très-angle, tombe en plis creux sur la jupe;
120 2547 1152 2616 une pèlerine pointue devant et derrière simule des
110 2595 1154 2679 manches; un biais de drap gros bleu et des glands
120 2657 1157 2724 sont tout l’ornement de ce manteau. Le chapeau est
116 2704 1164 2777 en taffetas feutre à coulisses, avec biais de velours de
112 2758 1152 2829 même couleur ; une dentelle est posée d'un côté seu¬
110 2797 1152 2889 lement, en guise de nœud; sous la passe, des feuilles
117 2849 1157 2941 de houx, des ruches de tulle et une traverse de ve¬
110 2893 1012 2977 lours composent un très-joli tour de chapeau.
154 2962 1156 3036 Robe en tissu de fantaisie; le corsage à grandes
112 3011 1157 3094 basques est en partie recouvert d’une broderie de
108 3063 1154 3132 galons disposés en brandebourgs ; de même pour les
108 3123 1146 3188 manches. Le manteau CAïD est un vrai burnous avec
104 3169 1145 3243 capuchon s’arrêtant à la couture de l’épaule; ce
110 3215 1148 3298 manteau est de très-gros drap, étoffe qui malheureu¬
104 3266 1144 3358 sement tient encore cette année; je dis malheureu¬
105 3330 1144 3401 sement, trouvant le drap moins élégant, moins con¬
104 3370 1145 3453 fortable et moins chaud, il faut le dire, que nos bons
109 3421 1141 3497 manteaux d’autrefois, si bien doublés, ouatés et pi¬
110 3471 1144 3559 qués, mais il faut vouloir ce que veut la mode! A la
108 3524 1142 3608 description de ce burnous j'ajouterai qu’il est de
98 3582 1153 3660 couleur marron très-foncé, bordé d'un simple galon
1281 356 2321 464 posé à cheval, et orné de glands à l'extrémité du ca¬
1285 428 2326 511 puchon d’abord, puis sur les épaules, à l’endroit où
1279 471 2330 568 ce même capuchon commence, et enfin sur le devant
1278 537 2331 610 de la poitrine. Le chapeau est en velours dahlia des
1277 584 2329 670 Alpes, couleur à la mode cette année : c'est une
1273 645 2328 717 nuance entre le nacarat et le grenat; le fond de ce
1275 686 2330 765 chapeau est uni ; au bord de la passe, trois biais de
1278 746 2329 815 velours se recoquillent; une plume roulée surmonte
1270 785 2331 859 le bavolet; en dessous, un seul gros dahlia avec les
1264 838 2109 919 inévitables ruches de tulle ou de blonde.
1311 895 2338 970 Robe de cachemire malakoff, corsage sans basques
1265 958 2329 1023 monté sur une ceinture; jupe unie sans garniture;
1265 1001 2326 1076 manteau HONGROIS, faisant l’effet d’une casaque à très¬
1265 1053 2331 1127 longues basques; les manches sont feudues jusqu'à la
1258 1124 2325 1190 saignée, et le tout est orné d’un effilé formant des
1264 1157 2321 1240 carreaux et se terminant par une frange; ce même
1265 1216 2322 1279 effilé est posé en échelle sur toute la longueur du
1258 1264 2320 1339 devant de la jupe. Le chapeau est en satin piqué,
1266 1321 2324 1403 sans ornement, en dessous seulement sont des fleurs
1262 1367 1774 1431 et des feuilles en velours.
1307 1416 2321 1495 Robe en tissu de laine à raies satinées; sur les
1257 1464 2324 1548 coutures du lès de devant, une rangée de boutons en
1264 1526 2324 1605 passementerie entourés de franges, lesquels boutons
1261 1579 2316 1651 remontent sur le corsage. Manteau PULTAVA en drap¬
1267 1629 2322 1694 velours; ce manteau, bien que n’offrant pas la même
1261 1670 2320 1760 ampleur que le Beni-Raten et le Caïd, n’est pourtant
1265 1725 2309 1803 point tout à fait ajusté, et, malgré ses manches, l'en¬
1258 1794 2318 1855 semble ne produit pas l’effet des vêtements à manches
1257 1841 2310 1909 que nous avons vus les années précédentes; il me
1258 1898 2310 1952 paraît joli et je t'en enverrai le patron dans notre
1266 1950 2317 2008 prochain numéro; si mon goût n'était pas le tien, tu
1256 2006 2308 2058 sais que je tiens, ainsi que l’année dernière, tous les
1253 2059 2304 2107 autres patrons à ta disposition. Chapeau de satin, re¬
1256 2099 2294 2169 couvert d’une fanchon de dentelle; dessous, des fleurs
1254 2143 1524 2213 de grenadier.
1293 2202 2304 2276 Par l’ensemble de ces six manteaux, qui résument
1249 2236 2308 2328 à peu près tout ce qui se portera cet hiver, tu vois
1257 2314 2298 2374 qu'ils sont tous plus ou moins grands. La forme bur¬
1246 2365 2306 2441 nous est, dit-on, appelée à un très-grand succès et se
1242 2406 2293 2486 fera en étoffes très-simples ou trè-riches, en velours,
1250 2453 1511 2528 par exemple.
1290 2507 2302 2584 La monture de l’écran dont le dessin accompagne
1253 2570 2297 2627 ce numéro est très-facile : procure-toi d'abord une
1241 2619 2298 2672 feuille de carton un peu ferme, dans la dimension du
1246 2673 2288 2733 modèle; sur l'un des côtés du carton, tu colleras un
1242 2725 2290 2796 morceau de moire, ou simplement du papier moiré,
1249 2780 2286 2844 vert, cramoisi ou blanc, en ayant soin de couper ton
1242 2816 2290 2899 papier ou ta moire un peu plus grand que le carton,
1238 2879 2292 2941 de manière à en rabattre les bords entailladés, sur
1237 2923 2290 2998 l’autre côté du carton, côte sur lequel tu colleras
1238 2992 2282 3043 alors l’écran préalablement découpé. Tout autour,
1233 3031 2284 3096 une petite bande de papier doré simulera le cercle de
1238 3088 2281 3139 cuivre qui entoure ordinairement ces sortes d’écrans.
1234 3139 2281 3203 Quant aux manches, tu en trouveras chez tous les
1238 3199 2278 3245 marchands de papier, en bois et en ivoire. Il y en a
1232 3237 2063 3296 de très-jolis dans les prix de 2 à 3 francs.
1274 3286 2272 3348 Après t'avoir expliqué tant de travaux de tous gen¬
1222 3333 2266 3392 res, il ne me reste plus, je crois, qu’à te donner l’ex¬
1232 3392 2278 3458 plication de notre dernier rébus. L'avant-dernier était
1229 3449 2272 3505 une maxime pleine de sagesse : Mal pense qui ne re¬
1232 3505 2274 3567 pense. Celui-ci est une de ces vérités qui, hélas!
1222 3548 2269 3615 n'ont pas besoin de démonstration : Souhaits n'ont ja¬
1221 3595 1600 3681 mais rempli le sac.
