2822 3966
1598 92 1686 175 66
562 163 1598 252 novices de la lyre du moyen âge, peuvent-ils se com-
558 243 1613 298 parer, nous ne disons pas aux strophes savantes et
553 290 1599 349 parfois un peu trop pompeuses de Jean-Baptiste Rous¬
552 346 1586 397 seau, non ! seulement aux brillants efforts de Le-
556 387 988 462 franc de Pompignan?
602 438 1606 499 Au surplus, nous allons mettre nos lectrices en
560 492 1170 576 mesure de décider la question.
798 672 1342 737 LE CHATELAIN DE COUGY.
605 727 1588 841 «La plupart des anciennes chansons françaises,
560 808 1599 879 observe Roquefort avec une sévérité judicieuse, ne
548 878 1574 932 sont remplies que de lieux communs d’une fade ga-
548 922 1585 976 lanterie, de tristes supplications adressées par les
545 981 1586 1037 auteurs à leurs dames pour les attendrir, de plaintes
545 1012 1588 1089 éternelles contre les médisants ; le début en est tri¬
548 1073 1582 1137 vial, et on le prendrait pour une formule, tant il est
534 1123 1589 1186 fréquemment employé. En voici quelques exemples :
544 1179 1585 1241 La verdure renaît; le printemps revient; le rossignol
541 1233 1251 1280 chante, je veux chanter aussi, etc. »
590 1279 1585 1347 C’est un peu la manière des troubadours du Midi ;
553 1336 1573 1394 et il est facile de la reconnaître après eux, notam-
546 1378 1574 1446 ment dans une chanson d’un trouvère du Nord, Mau-
541 1428 1585 1492 rice de Craon, dont nous allons citer quelques vers
545 1476 962 1558 du premier couplet :
700 1556 1195 1654 Al entrant del doux termine
751 1626 1078 1680 Del temps nouvel,
700 1672 1224 1735 Que naist la flour en l’espine,
751 1717 943 1772 Et li oisel
691 1755 1430 1837 Chantent parmi la gaudine (le bosquet)
565 1863 1573 1927 Parmi tous ces naïfs chansonniers du moyen âge,
528 1902 1578 1988 le premier qui mérite de fixer notre attention est le
529 1962 1588 2030 fameux châtelain de Coucy. Nous ne dirons rien des
541 2012 1582 2077 romanesques et tragiques aventure que lui a prêtées
523 2065 1584 2141 l’imagination de nos bons aïeux : c’est un drame
529 2123 1572 2192 scandaleux et atroce dont nous ne saurions, sous au-
537 2172 1580 2243 cun prétexte, faire entrer l’analyse dans un travail où
528 2215 1573 2296 la morale et la littérature sont tenues de marcher
529 2265 1094 2328 toujours sur la même ligne.
577 2324 1580 2399 Biau fut et courtois, nous apprend l’auteur du
527 2371 1212 2440 Rouman dou Chastelain de Coucy:
1215 2390 1249 2450 11
684 2435 1217 2532 Onques Gauvain ne Lancelos
683 2487 1350 2585 Ne tindrent d’armes plus grand los...
687 2553 1324 2646 Guerres ne tournois, près ne loing,
684 2593 1248 2680 Ne laissait ja pour nul besoing.
577 2672 1582 2769 Il était grand clerc, et connaissait à fond toute la
523 2733 1576 2813 littérature de son temps, savoir : les histoires de la
521 2789 1577 2863 Bible et les romans de chevalerie, comme on peut
523 2843 1576 2918 s’en assurer en lisant ses chansons. Enfin, pour
520 2895 1564 2965 achever de le faire connaître, il était musicien habile
523 2958 1578 3019 et vivait un peu avant saint Louis, entre les années
520 2999 1151 3065 1187 et 1203, et peut-être 1221.
552 3056 1570 3133 Les chansons qui nous restent de luissont au nom¬
511 3106 1570 3180 bre de vingt-quatre. Elles se font remarquer presque
520 3155 1549 3232 toutes par la grâce, la fraîcheur et la naïveté. Seule-
515 3206 1564 3288 ment, il y est toujours question des oiseaux qui chan-
516 3247 1562 3341 tent, des ruisseaux qui murmurent, des vergers qui
511 3314 1561 3386 refleurissent au printemps, et de l’irrésistible désir
516 3353 1573 3458 qui entraîne alors le poète à célébrer les perfections
511 3401 759 3476 de sa dame.
556 3462 1570 3562 Il y a de la délicatesse et de la sensibilité dans les
508 3508 794 3595 vers suivants :
1826 174 2263 243 L’an que rose, ne feuille
1829 243 2431 294 Ne fleur ne vois paroir (paraître),
2574 247 2721 312 (buisson)
1829 284 2732 354 Que n’ois (que je n‘entends) chanter par breuille
1801 333 2710 399 Oisel n’au main n‘au soir (ni au matin ni au soir),
1801 379 2480 431 Adonc florit mon cœur et mon vouloir
1801 422 2523 477 En bonne amour qui m'a en son pouvoir,
1899 476 2610 528 Dont jà ne quiers issir (ne veux sortir) ;
1801 516 2638 574 Et s’il est rien qui m’en puisse partir (séparer),
1801 562 2524 619 Je ne le veux savoir, ne Dieu le veuille !
1724 663 2723 745 Ailleurs, il obéit en ces termes à sa dame qui lui a
1686 716 2170 804 commandé une chanson :
1796 812 2353 898 Belle dame me prie de chanter,
1789 878 2472 948 Si est bien droit que je face chanson ;
1798 934 2523 979 Je ne m’en sais, ne m'en puis destourner,
1793 975 2723 1049 Car n’ai pouvoir de moi, se par li non (sinon par elle).
1794 1017 2565 1088 Elle a mon cœur, que jà n'en quiers oster,
1788 1066 2721 1126 Et sais de voir (de vrai) qu’il n’y trait se mal non
2178 1125 2723 1198 (qu’il n’en retire que du mal).
1797 1153 2507 1224 Que Dieu lui donne à droit port arriver,
1796 1210 2443 1273 Car il s’est mis en mer sans aviron !
1716 1301 2720 1383 Une autre fois, il s’écrie, sur un rhythme joyeux et
1671 1358 1885 1432 sautillant :
1866 1422 2293 1519 Quand le rossignol joli
1866 1500 2332 1564 Chante sur la fleur d’esté,
1875 1558 2377 1610 Quand naist la rose et le lis,
1861 1602 2320 1656 Et la rousée au vert pré,
1862 1642 2293 1700 Plein de bonne volonté,
1863 1688 2444 1764 Chanterai com fin (loyal) ami...
1716 1779 2711 1866 Et il chante, en effet, le gentil trouvère ! Il chante.
1667 1841 2708 1918 ou plutôt il gazouille comme un oiseau printanier,
1663 1878 2574 1955 battant des ailes et prenant l’essor loin du nid.
1707 1939 2708 2009 Mais le gai soleil du renouveau ne sourit pas tou¬
1658 1985 2707 2072 jours à ses refrains heureux. Un nuage a passé là-haut,
1660 2046 2711 2119 et voilà le ciel en deuil qui semble se couvrir d’un
1663 2093 2714 2164 crêpe. Pauvre châtelain de Coucy ! sa dame vient de
1658 2137 2699 2215 l’accueillir avec une froideur hautaine dont il cher-
1658 2187 2723 2272 che en vain à se rendre compte. Ah! les prés ont beau
1658 2247 2716 2325 reverdir, et les oisillons gazouiller sur la branche ; ce
1664 2304 2716 2367 n’est plus le moment de chanter, c’ est l’heure des
1662 2343 2111 2424 soupirs et des larmes!
1777 2443 2367 2521 Quand li esté et la douce saison
1777 2511 2493 2573 Font feuille et fleur et les prés raverdir,
1777 2565 2468 2610 Et li doux chant des menu oisillons
1772 2599 2385 2667 Fait à plusieurs de joie souvenir,
1776 2654 2529 2721 Las! chacun chante, et je pleur et soupir,
1768 2698 2401 2760 Et si n’est pas droiture ne raison ;
1777 2744 2646 2828 Car c’est adès toute m’entention (mon intention),
1775 2796 2393 2869 Dame, de vous honourer et servir.
1696 2871 2708 2977 Mais quel bonheur ! le temps vient de se remettre
1653 2964 2714 3017 au beau. Plus de nuage au ciel ! plus de souci dans
1653 3005 2704 3073 l’âme! Le poète est rassuré, content, guéri de son
1653 3069 2711 3131 angoisse de la veille. En vérité, les jours se suivent et
1650 3121 2633 3200 ne se ressemblent pas. C’est quelquefois heureux!
1765 3225 2397 3293 Au renouviau de la douceur d’esté
1771 3280 2438 3346 Qui reclarcit les eaux en la fontaine,
1771 3304 2493 3404 Et que sont verts bois et vergier et pré,
1764 3358 2386 3435 Et li rosier en mai florit et graine,
1763 3403 2460 3467 Lors chanterai : car trop m’aura grevé
1761 3459 2491 3516 Ire et émoi qui m’est au cœur prochaine,
1748 3508 2411 3565 Et fin ami à tort achoisonné (accusé)
1763 3557 2402 3639 Est moult souvent de légier effrayé.
