2840 4318
1249 227 1327 322 43
135 297 1249 379 donné toute la joie qu’elle eut à en attendre, et ce
135 362 1239 440 fut une affaire terminée; la façon dont ses obligés
135 426 1242 486 usèrent de ses largesses, jamais elle ne songea à s’en
134 482 1242 555 informer. Cependant quelles émotions plus douces
141 537 1247 616 elle eût retirées de celte libéralité princière si elle
135 594 1245 661 en avait elle-même porté la bonne nouvelle aux
130 641 1247 715 intéressés ! Et combien les fruits en eussent été plus
137 695 1245 774 durables si elle eût ensuite consenti seulement à leur
138 760 1247 821 consacrer quelques jours chaque année! Ils auraient
145 817 1242 885 vu que sa générosité ne s’arrêtait point au bienfait;
135 872 1239 930 que ce n’était pas la main seule qui s’était ouverte
130 918 1243 985 sur eux, mais que le cœur avait été véritablement
141 974 1246 1048 touché de leur infortune; ils auraient respecté la
137 1029 1245 1098 bienfaitrice dans son œuvre, et se seraient fait un
145 1084 1235 1154 point d’honneur de lui marquer leur reconnais¬
130 1150 1243 1204 sance par leur bonne conduite. Qu’arriva-t-il, au con¬
137 1192 1245 1261 traire? Trois lots des champs et des vignes avaient
135 1253 1239 1323 été consentis à l’amiable, et la ferme avait dû être
138 1309 1242 1370 occupée par les trois ménages, propriétaires des lieux.
141 1356 1245 1419 Il n’y avait pas six mois qu’elle l’était en effet, lors-
145 1412 1245 1473 que deux des femmes crurent avoir à se plaindre de
135 1469 1232 1535 la troisième, et que commencèrent des divisions in¬
141 1519 1240 1583 testines, qui ne tardèrent point à faire de cette habi¬
132 1582 1242 1643 tation, où l’on n’aurait dû entendre que des concerts
138 1627 1243 1706 d’amour et de gratitude, un séjour infernal. Les
134 1685 1235 1762 hommes épousèrent les querelles de leurs femmes;
130 1748 1229 1799 aigris par elles, ils se plaignirent du lot qui leur
131 1788 1231 1875 était échu, voulurent revenir sur le partage, et osè¬
138 1855 1235 1928 rent même s’intenter des procès; en un mot, au
138 1898 1232 1965 bout de quatre ans, au lieu de passer de leurs en¬
131 1954 1232 2033 fants à leurs petits-enfants, le bien fut vendu, à vil
145 2008 1001 2075 prix, pour couvrir les frais de procédure !
177 2068 1236 2131 Dans la même circonstance, qu’avait fait Jeannette?
135 2116 1229 2188 Elle n’avait point de terres, point d’argent à donner;
135 2170 1229 2244 elle était alors repasseuse à la journée, et le montant
137 2222 1226 2298 de ses journées était nécessaire à la maison pater¬
135 2277 1233 2353 nelle, elle n’en pouvait rien distraire ; cependant, au
132 2340 1226 2406 récit des désastres, dont une partie de la population
134 2387 1228 2477 était frappée, se représentant les petits enfants, nus,
135 2447 1218 2506 pressés dans les bras de leurs mères à peine cou-
131 2502 1220 2569 vertes elles-mêmes de misérables haillons, le cœur
130 2542 1231 2617 de Jeannette s’était embrasé d’ardeur, son esprit
130 2595 459 2672 avait fermenté.
177 2661 1224 2728 « Comment, s’était-elle dit, vouloir de toutes les
121 2705 1005 2786 forces de son âme, et ne pouvoir rien !... »
166 2767 1221 2825 Elle se trompait, la bonne fille; quand on veut sin-
120 2818 1211 2910 cèrement les choses honnêtes, Dieu inspire toujours
135 2875 806 2942 quelque moyen de les accomplir.
164 2925 1220 2998 Le village chômait de maîtresse d’école, Jeannette se
118 2977 1221 3063 savait capable d’en tenir lieu, et dès lors son plan fut
116 3040 1210 3112 arrêté. Le repassage irait son train, mais de huit heures
130 3094 1214 3161 que finissait la journée, à dix heures, il y avait deux
125 3139 1215 3225 bonnes heures que l’on pouvait employer lucrativement;
116 3194 1210 3284 Jeannette offrit de donner des leçons de lecture, d’é¬
116 3247 1207 3331 criture, d’orthographe et de calcul, à raison de vingt
116 3310 1206 3381 sous par mois, à condition qu’on lui paierait un mois
116 3363 1208 3436 d’avance; on savait que Jeannette avait été élevée au
123 3408 1213 3493 château; d’ailleurs elle avait souvent écrit pour les
116 3461 1211 3536 uns et pour les autres, et l’on connaissait sa belle
118 3521 1210 3590 main et son joli style; ses propositions furent accep¬
116 3581 1211 3645 tées; dix élèves se présentèrent immédiatement, et
110 3625 1207 3710 immédiatement dix francs furent versés à la mairie
110 3677 1207 3770 du Coudray, pour les inondés de Tours ; c’était peu,
112 3721 1213 3819 néanmoins Jeannette se sentit comme soulagée d’un
114 3790 1211 3870 grand poids, d’avoir pu, si faiblement que ce fût,
120 3852 1215 3926 coopérer à l’œuvre pie, qui était l‘œuvre de la France
1331 330 2433 410 entière ; chaque soir, elle se livrait avec un indicible
1331 383 2428 471 épanouissement de cœur à l’ingrate tâche qu’elle
1327 447 2427 518 avait entreprise, de sorte qu’elle ressentit trente fois
1328 485 1827 566 le bonheur du bienfait !
1371 555 2424 637 Du reste, son sacrifice eut encore un autre résultat:
1330 627 2429 694 en attendant une nouvelle maîtresse d’école, on la
1337 666 2431 747 pria de continuer des leçons que l’on trouvait bonnes,
1328 726 2427 787 et elle gagna ainsi ce qui lui était nécessaire pour en¬
1330 778 1696 846 trer en ménage.
1376 825 2439 909 Il y avait dans le village une honorable famille
1328 884 2436 974 de journaliers, dont le fils unique, beau garçon de
1337 938 2358 1012 vingt-quatre ans, revenait de son tour de France.
1380 1004 2435 1075 Jadis on avait bien eu quelque chose à reprendre
1328 1063 2433 1147 dans la conduite d’Eugène Duval, son caractère aussi
1328 1126 2429 1204 n’était pas des meilleurs; mais Jeannette était femme,
1330 1174 2432 1257 les dehors agréables d’Eugène Duval la séduisirent;
1338 1221 2429 1310 elle se dit que ses voyages l’avaient dû changer ; de
1339 1278 2429 1367 plus, une autre raison servait les intérêts d’Eugène
1335 1341 2432 1409 auprès de Jeannette : occupée comme elle l’avait
1331 1391 2435 1454 toujours été, nullement coquette, et d’une physiono¬
1323 1451 2439 1522 mie un peu sérieuse, on ne lui avait jamais fait la
1331 1514 2438 1571 cour; tous les garçons du village la souhaitaient
1323 1558 2439 1620 bien pour femme, mais aucun d’eux n’avait osé le lui
1327 1614 2435 1679 faire entendre; et quoiqu’il soit doux d’inspirer le
1331 1675 2435 1731 respect, il est non moins doux d’apprendre que l’on
1341 1727 2435 1784 peut inspirer l’affection : Eugène Duval eut moins
1327 1774 2439 1865 de réserve, il parla, et son mariage avec Jeannette fut
1325 1826 1480 1891 résolu.
1367 1865 2427 1974 Eugène Duval était menuisier ébéniste ; madame la
1327 1951 2424 2022 baronne du Coudray promit de l’ouvrage au château,
1327 2010 2435 2078 et fournit l’atelier du jeune maître de beaux outils
1321 2061 2424 2134 neufs ; Jeanne ajouta à ce qu’avait amassé Jeannette
1320 2120 2417 2188 et à ce que ses parents lui purent donner tout ce
1325 2166 2424 2251 qu’il fallut pour monter l’habitation des jeunes gens,
1323 2229 2418 2287 non-seulement du nécessaire, mais encore d’un
1321 2280 2424 2348 peu de superflu; en outre, les pratiques de Jeannette
1317 2325 2415 2407 lui promirent de lui continuer chez elle l’ouvrage
1321 2394 2422 2464 que jusqu’alors elle avait fait chez eux; l’avenir de la
1313 2438 2414 2520 bonne et charmante fille s’ouvrait donc sous les plus
1310 2493 2411 2571 favorables auspices; aussi le jour de son mariage,
1306 2545 2413 2601 marcha-t-elle confiante à l’autel, et bénit-elle le Sei¬
1317 2609 2396 2677 gneur avec effusion, se demandant naïvement com¬
1306 2654 2343 2732 ment elle avait pu mériter de si grands bonheurs.
1348 2716 2408 2788 Elle méritait mieux, mais les décrets de Dieu sont
1305 2774 2413 2833 impénétrables; le jour même de son mariage, elle eut
1306 2825 2408 2895 comme un avant-goût de ce qui lui était réservé; son
1298 2873 2403 2959 mari entraîné par d’anciens camarades de désordre,
1300 2939 2396 3006 les suivit au billard, et s’y oublia assez longtemps
1310 2994 2404 3065 pour retrouver sa jeune épouse toute en pleurs. Il est
1306 3048 2396 3107 vrai que la douleur de Jeannette ayant inspiré à
1302 3093 2387 3161 Eugène Duval les plus touchantes expressions de re-
1302 3148 2385 3210 gret, le doute affreux qui, un instant, était venu tor-
1302 3206 2385 3267 turer son coeur, n’avait point tardé à être chassé
1306 3260 2387 3313 comme une inspiration mauvaise, et à faire place à
1296 3319 1880 3391 la plus trompeuse quiétude.
1341 3341 2389 3447 Cependant, telle ayant été la conduite d’Eugène
1296 3424 2389 3489 Duval, le jour de son mariage, on devine ce qu’elle
1288 3469 2390 3547 fut par la suite ; d’abord, et bien que peu à peu la
1293 3533 2396 3606 confiance de la pauvre jeune femme s’ébranlât, de
1296 3581 2385 3650 semblables repentirs amenèrent des réconciliations
1292 3646 2387 3720 semblables; mais bientôt Jeannette se vit délaissée,
1296 3699 2382 3781 après avoir été préalablement et pièce à pièces dé¬
1293 3755 2390 3820 pouillée de son petit ménage; sa robe de noce
1288 3808 2385 3877 même, cette robe qu’elle avait faite de ses mains,
1293 3858 2389 3926 et qu’elle gardait comme une relique, parce qu‘elle
