2907 4318
1362 144 1438 195 15
224 198 1328 277 nisateur de la danse macabre, qui on se le rappelle,
224 263 1331 328 avait lieu le lendemain. Tout était prêt, les costu¬
224 314 1338 376 mes en état, le théâtre dressé, les décors disposés, les
222 372 1337 436 rôles sus et bien répétés, le temps superbe, lorsque la
227 426 1324 488 jeune fille, donnée par le curé pour remplir le rôle de
219 479 1325 551 la vierge Marie était, le jour même, tombée malade,
222 538 1331 606 son mal était sérieux, grave, peut-être mortel au dire
227 587 1331 675 des physiciens, ce qui allait faire manquer la repré¬
220 649 436 714 sentation.
269 682 1337 775 Or, il s’agissait pour Gagin de plus que sa fortune, il
237 758 1323 818 y allait peut-être de sa vie, d’ajourner le spectacle.
227 826 1327 870 car le populaire ne voudrait pas entendre raison, et
222 871 1328 932 qui sait si le duc de Bourgogne, lui-même, ne croirait
222 918 1324 987 pas à de mauvaises intentions, et, en fâchant le duc de
219 977 1325 1055 Bourgogne, le terrible Jean Sans-peur, le moins qui
222 1029 1331 1098 pût lui arriver était d’être pendu. Il venait donc sou-
222 1091 1324 1161 mettre à l’expérience du bon curé la gravité du cas
224 1137 1027 1214 et implorer le secours de ses lumières.
268 1193 1327 1281 Quand le pauvre orateur eut fini son discours, dont
222 1253 1337 1321 la péroraison se perdit dans un immense sanglot, il
224 1309 1327 1377 ne fut pas peu surpris, en levant les yeux sur le
224 1359 1324 1427 curé, de voir sa douce tigure s’illuminer d’un bon
224 1420 1331 1476 et joyeux sourire, comme si la communication qu’il
224 1473 1318 1551 venait de lui faire n’eût pas intéressé le cou d’un de
222 1528 779 1599 ses plus fideles paroissiens.
268 1543 1331 1642 « Tenez-vous en paix, maître Gagin, fit-il, de son
219 1631 1325 1709 ton le plus paterne, et toi, Blanche, ma mie, sèche
224 1695 1323 1771 vitement tes larmes pour n’avoir point les yeux rougis
219 1749 1321 1820 au jour de demain. Oyez, tous les deux, mes enfants,
222 1805 1321 1868 et bénissez avec moi la bonne Providence qui oncques
219 1863 1325 1930 ne fait défaut à ceux-là qui se récient vers elle; toi,
219 1907 1312 1972 Blanche, tu auras les deux écus, et vous, maître Gagin
229 1969 1323 2029 vous retrouverez une fille comme il convient pour le
222 2017 820 2091 rôle de madame la Vierge. »
263 2060 1324 2139 Une double exclamation d’étonnement joyeux éclata
222 2131 1318 2194 en même temps à cette nouvelle inattendue, et, Dom
219 2183 1325 2240 Bélinet reprenant expliqua à maître Gagin que la
224 2237 1324 2302 jeune fille, là présente, pourrait parfaitement être
219 2294 1325 2369 chargée de représenter madame Marie; elle était
216 2346 1324 2421 jeune, elle était belle, et par-dessus tout, condition
216 2404 1318 2466 indispensible, elle était d’une sagesse exemplaire.
212 2460 1316 2520 Elle avait peu à dire dans le rôle, elle serait donc à
212 2510 1316 2583 même de l’apprendre dans la nuit pour le répéter le
215 2564 1313 2631 lendemain matin. Mais il ne donnerait son consente¬
212 2627 1305 2684 ment à cet arrangement que si maître Gagin s’enga-
212 2682 1312 2753 geait à lui remettre, le soir même ou le lendemain
209 2722 967 2789 de bonne heure, deux écus d’argent.
254 2772 1298 2845 Maître Gagin s’était cru perdu, il s‘était vu, en idée
212 2836 1312 2895 lapidé par la populace ou traîné au gibet par ordre du
212 2893 1312 2952 duc, si bien que ce qui, dans un autre moment lui eût
215 2949 1303 3012 paru un prix exorbitant, lui sembla une somme mi-
212 3001 1306 3065 nime; dans l’excès de la joie il mêla les noms de Dieu,
212 3059 1313 3114 du curé et de Blanche, promit les deux écus pour le
212 3107 1306 3169 lendemain dès la première heure et remit à la jeune
216 3160 1303 3220 fille le manuscrit du rôle. Blanche, de son côté, qu’une
222 3215 1313 3292 pareille tâche eût effrayée en tout autre temps, se
217 3274 1306 3348 sentait de force à subir de bien d’autres épreuves pour
220 3320 1314 3401 sauver son père de l’ignominie du pilori; elle quitta
212 3377 1306 3441 le curé consolée et toute pleine de résolution, tandis
216 3426 1313 3498 que celui-ci remerciait le bon Dieu qui était venu si à
220 3477 871 3553 point en aide à son impuissance.
261 3537 1313 3600 Pendant que la courageuse Blanche consacre les
219 3597 1310 3654 quelques heures laissées à sa disposition à l’étude du
220 3632 1314 3724 pieux rôle qui lui a été confié, nous allons en deux
210 3716 1306 3774 mots expliquer ce que c’était que le supplice du pilori.
261 3755 1313 3827 Le pilori des Halles, puisque c’est celui qui nous oc¬
1429 222 2530 287 cupe ici, et décrire celui-là c’est les décriré à peu
1430 269 2530 343 près tous, était une construction octogone percée à
1424 333 2532 408 jour, c’est-à-dire que, mur épais jusqu’à la hauteur de
1417 374 2520 457 six à huit pieds, elle se terminait en une sorte de clo¬
1419 428 2520 516 cher reposant sur de lourds piliers en pierre. A l'in¬
1427 486 2527 569 térieur de ce cloclier ouvert, était pratiqué un tour
1419 545 2520 619 en bois mû à l’aide d’une manivelle ; dans ce tour on
1426 610 2513 675 plaçait le patient, le cou pris dans la double échan-
1423 645 2530 722 crure de deux planches, laquelle échanerure formait
1417 715 2528 780 une lucarne disposée de telle façon que la téte sortie
1426 762 2532 836 du tour n’y pouvait rentrer, et que le malheureux
1423 822 2530 884 tournant dans cette cage de pierre se trouvait ainsi
1423 882 2530 945 exposé à tous les regards pendant une ou plusieurs
1419 923 2528 992 heures, selon la gravité du délit, ou souvent selon Ia
1423 976 1791 1047 fantaisie du juge.
1459 1031 2534 1114 Mais nous ne nous étendrons pas davantage sur cet
1416 1086 2525 1171 infamant supplice, puisque, grâce au dévouement de
1424 1148 2512 1224 sa fille, Landry va y échapper. Maître Gagin, en effet.
1413 1194 2525 1275 avait ponctuellement remis dès le matin les deux
1419 1259 2519 1331 écus d’argent exigés par le digne curé de l’église des
1413 1307 2527 1376 Saints-Innocents, et Blanche était allée en toute hâte
1417 1366 2525 1438 les porter à la prévôté, moyennant quoi on lui avait
1419 1433 2450 1490 promis de nouveau la mise en liberté de son père.
1461 1479 2531 1539 Quelques heures après, les Parisiens applaudissaient
1423 1532 2525 1606 par des noëls! noëlsl enthousiastes, au merveilleux
1413 1590 2531 1650 spectacle de la Danse macabre, qui n’avait jamais eu
1413 1646 2523 1712 une exécution aussi parfaite, ni obtenu un succès
1416 1695 2520 1760 aussi complet. Electrisée par la pensée du salut de son
1412 1753 2523 1816 père dont elle acquittait le prix en ce moment, Blanche
1413 1812 2519 1876 avait joué son rôle d’inspiration, et jamais à coup sûr
1413 1866 2517 1937 la sainte mère de Jésus n’avait trouvé une plus belle
1412 1916 2517 1986 et plus digne représentante. Aussi, chacune de ses
1413 1968 2513 2040 blanches apparitions était-elle saluée par des batte¬
1419 2033 2513 2084 ments de mains, des trépignements et des cris de
1419 2070 1742 2144 joie admirative.
1454 2127 2513 2206 La comédie en était arrivée à son dernier épisode,
1413 2185 2514 2252 celui où un pauvre MANANT, sur le point d’être occis
1419 2237 2507 2311 par la mort à la place d’un Riche seigneur, était dé¬
1408 2298 2516 2367 livré par la vierge qui ordonnait à la mont de laisser
1408 2343 2502 2408 le pauvre à sa femme et à ses enfants, et de s’emparer
1412 2403 1922 2461 de l’heureux de la terre.
1450 2454 2505 2520 Au moment où l’affligé clamait d’une voix dolente :
1406 2512 2502 2585 « Bonne Vierge Marie, patronne des opprimés, venez-
1399 2583 2505 2638 moi en aide, au nom de Jésus, votre doux fils, ne
1401 2629 2159 2682 m’abandonnez pas, » Blanche parut.
1444 2666 2502 2740 Mais, à la stupéfaction des assistant, ce n’était plus
1404 2718 2505 2804 la Vierge au front sérieux, au regard calme et pur, au
1406 2785 2489 2860 sourire bienveillant. Elle était pâle; sa blonde cheve-
1406 2843 2507 2905 lure, si mignonnement tressée, était en désordre; ses
1401 2903 2496 2958 grands yeux bleus, tout à l’heure si doucement bril¬
1401 2952 2499 3012 lants, semblaient voilés; tout en elle annonçait un
1395 2999 1869 3062 trouble extraordinaire.
1437 3052 2492 3135 Le manant en demeura silencieux sur son lit de
1395 3114 2496 3176 souffrance, la mort tint sa faux suspendue, et, dans
1395 3172 2481 3225 la masse immense des spectateurs, une sorte de sai¬
1395 3220 2496 3279 sissement magnétique passa, pareil au frisson de la
1408 3274 2496 3348 peur. Mais Blanche, s’élançant sur le devant du
1394 3328 1568 3398 théâtre:
1444 3366 2478 3447 «Vous tous, bons chrétiens, qui êtes ici, s’écria-t-elle
1398 3427 2486 3500 apprenez ce qui se passe : Je suis la fille de Pierre
1395 3476 2489 3574 Landry, l’honnête enlumineur de la rue Traversine;
1395 3543 2502 3618 Jacques Gringonneur, le peintre, est le frère de ma
1395 3594 2496 3667 mère. Mon père avait été condamné à une heure de
1404 3661 2491 3735 pilori, — oh! non pas pour une mauvaise et déshon¬
1397 3720 2491 3784 nête action, et il pouvait se racheter de cette peine
1395 3766 2043 3840 moyennant deux écus d’argent.
