2897 4318
1272 169 1351 239 267
213 235 1281 308 de ce dernier. On avait connu à Corseul, à l'époque
213 294 1276 369 du Directoire, un chaudronnier nommé Michaud,
221 351 1273 417 dont le fils était un garçon madré, et se croyant pro¬
221 410 1270 476 pre à tout. Il l’était apparemment à faire sa fortune,
213 471 1272 523 car après avoir pratiqué avec succès l’industrie pater¬
213 506 1278 566 nelle, il y joignit diverses branches de commerce, et
219 559 1286 622 fit si bien que, sous le premier Empire, il devint
216 613 1281 681 l’homme le plus important de certaine petite ville des
219 667 1284 726 Côtes-du-Nord, dont le nom importe fort peu ici. Tant
221 720 1284 793 que vécut son père, notre homme signa Michaud tout
221 787 1274 832 simplement. Mais dès qu'il se vit riche, et de plus
219 824 1282 893 maire de la ville qu’il habitait, il trouva qu‘il serait
221 880 1280 935 de bon goût de joindre à son nom celui du lieu de sa
213 923 1274 1001 naissance. Le voilà donc devenu Michaud de Corseul.
279 989 1280 1046 La restoration arrive, et, peu à peu, le vulgaire
219 1033 1281 1097 Michaud disparaît, se fait remplacer par une initiale,
228 1097 1280 1153 et M (Martial ou Mariadee) de Corseul, après quel¬
228 1144 1281 1208 ques remarques un peu malignes, quelques ricane¬
224 1207 1286 1261 ments sournois, est accepté partout pour ce qu'il se
221 1250 1280 1305 donne. Le tout est de se poser avec aplomb. La révo¬
224 1301 1273 1356 lution de juillet éclate : on parle bien haut de libéra¬
228 1355 1280 1404 lisme et de démocratie. Que fera Michaud? repren¬
228 1394 1285 1465 dra-t-il le nom de son père? Nullement. Une petite
223 1450 1284 1517 concession aux idées du jour suffira. Il supprime la
233 1501 1285 1572 particule, et se fait appeler Corseul. Le goût des titres
221 1565 1282 1618 et des distinctions sociales ne tarda pas à revenir, et
219 1605 1286 1663 si l’intiale a sombré dans le naufrage, la particule
219 1663 1284 1721 reparaît plus fièrement encore, débarrassée de cette
231 1713 1282 1772 voisine équivoque. On se retrouva de Corseul sans
228 1764 1286 1820 soulever la moindre objection, et l'on eût dit que le
219 1820 1286 1872 bonhomme n’attendait que cela pour mourir, car il
219 1870 1292 1929 s'en alla, particule et tout, dans l'autre monde, juste
224 1926 1284 1981 assez à temps pour échapper aux événements de 1848.
231 1974 1290 2036 Il est probable qu'alors, l'origine plébéienne devenant
236 2025 1281 2088 une sorte d’aristocratie de circonstance, notre par¬
236 2080 1288 2134 venu se fût souvenu durant ces quelques mois du
231 2131 1284 2189 nom de Michaud, prêt à se faire, comme tant d’au¬
236 2185 1290 2243 tres, un piédestal et un bouclier des chaudrons de son
240 2241 1292 2296 père. Il mourut trop tôt! l'éclipse soudaine du nom
231 2291 1284 2345 emprunté aurait aujourd’hui amené à sa suite, non¬
231 2342 1284 2395 seulement le de Corseul des beaux jours, mais, de
239 2398 940 2459 plus, le titre de baron ou de comte.
279 2442 1284 2504 Michaud de Corseul avait un fils qui disparut avant
236 2484 1288 2554 lui, en laissant un héritier actuellement chef de nom
243 2550 1281 2599 et d’armes. Ce petits-fils, fonctionnaire public à Saint¬
231 2606 1284 2653 Brieuc, est l’heureux époux de Nathalie, jeune femme
231 2652 1284 2715 très-recherchée, très—adulée, et, depuis dix-huit mois,
233 2715 1281 2760 mère de deux jumeaux dont s’occupe tout particuliè¬
240 2756 1286 2818 rement la veuve de leur bisaïeul. Cette dernière, qui a
240 2807 1273 2864 subi sans les partager toutes les prétentions vaniteuse
245 2860 1281 2921 de son mari, habite avec son petit-fils et ses arrières
248 2916 1284 2972 petits-enfants. On vante son jugement droit quoique
243 2968 1288 3019 un peu sévère, et son activité, que rend plus remar¬
255 3015 1288 3078 quable le poids de son âge. Elle n’a pas moins de
244 3058 614 3120 soixante-seize ans.
290 3112 1289 3189 C’est dans cet intérieur que mademoiselle Brémont
247 3176 1289 3239 est venue s’établir pour quelques semaines. Il est
258 3223 1280 3291 question de mariage : M. de Corseul connaît beau¬
256 3277 1293 3340 coup le prétendu, qui voyage en Algérie; et tandis
256 3324 1282 3397 que Brémont père s’occupe d’affaires de famille, Aga¬
253 3375 1288 3440 the n’a trouvé rien de mieux que de venir parler des
251 3427 1292 3498 magnificences de la corbeille à des amis sûrs, des amits
247 3482 1293 3546 de cœur, comme elle les nomme dans ses lettres. Une
247 3525 1292 3599 autre cause inavouée a contribué à cette détermina¬
255 3585 1297 3656 tion. Dans son cercle habituel, les engagement de
245 3639 1300 3721 son père envers le futur gendre sont trop connus, et
1353 251 2424 313 l'exécution en est trop prochaine pour permettre à
1352 291 2424 366 mademoiselle Agathe de se mêler aux plaisirs du
1352 358 2412 414 monde en l’absence du cher voyageur. Or, à Saint-
1352 405 2420 467 Brieuc on donne aussi des bals, des soirées, et per¬
1352 468 2414 531 sonne, à l'exception de la famille de Corseul, n'y soup¬
1364 516 2414 591 çonne le grand événement qui se prépare. La conclu-
1355 569 2421 636 sion se devine. Mieux vaut encore danser à Saint-Brienc
1363 610 1817 677 que s'ennuyer à Paris.
1406 660 2421 736 Laurence n'avait jamais visité Saint-Brieuc-les¬
1360 718 2426 783 Choux, et la première impression qu'elle ressentit en
1365 771 2424 832 voyant les clochers de la ville fut un mélange de
1360 825 2436 891 crainte et d'abattement. L'arrivée chez d'anciens amis
1365 889 2424 938 n’est un bonheur qu’avec la pleine certitude de leur
1368 935 2429 980 causer autant de joie qu’on peut en éprouver soi¬
1359 982 2428 1049 même en les embrassant. Quelques jours auparavant,
1359 1038 2433 1093 l’amie d’Agathe volait à Saint-Jouan de l'Isle avec
1368 1088 2430 1151 cette inappréciable sécurité. Maintenant le doute avait
1360 1147 2428 1210 amené l'inquiétude. Un malaise inconnu jusque¬
1371 1204 2430 1269 oppressait la cœur de la voyageuse, et remplissait son
1364 1259 2432 1317 esprit de trouble et d'appréhension. Descendue chez
1365 1301 2426 1368 une parente de la femme qui l’accompagneit, il lui
1365 1355 2428 1422 semblait pour la première fois, en faisant sa toilette,
1368 1414 2429 1473 que le taffetas de sa robe prenait une teinte accusant
1365 1461 2429 1521 de bien longs services, que son châle, d'un beau tissu,
1372 1500 2436 1571 mais ayant appartenu à sa mère, n'était plus de
1365 1561 2430 1608 mode, que son petit chapeau de satin dont les or¬
1365 1607 2433 1678 nements lui paraissaient encore la veille si gracieux,
1365 1664 2430 1719 manquait entièrement d'élégance. Au moment d'une
1377 1719 2429 1778 visite, un examen pareil est toute une révélation :
1372 1772 2430 1836 il annonce une confiance bien ébranlée; il prouve
1365 1817 2433 1886 qu’on doute du plaisir qu’ on peut apporter avec soi,
1365 1867 2024 1927 et de la bienveillance des autres.
1414 1922 2429 1985 La maison de la famille de Corseul est située dans
1368 1976 2426 2036 un des plus beaux quartiers de la ville. On y pénètre
1377 2033 2429 2092 par une cour entourée d'arbustes et fermée par une
1377 2090 2433 2143 grille de fer. Laurence s'arrêta un instant devant cette
1377 2138 2424 2194 grille, avant de porter la main au cordon de la son¬
1365 2189 2428 2257 nette. Elle était là, timide, irrésolue, et comme étour¬
1365 2240 2433 2300 die par les battements de son cœur, lorsque la porte de
1365 2290 2433 2366 la maison s'ouvrit tout à coup. Deux jeunes femmes,
1373 2342 2429 2409 couvertes de velours, de satin, de dentelles, dans les
1375 2399 2433 2456 dimensions les plus vastes d’une mode origueilleuse et
1375 2454 2436 2514 extravagante, traversèrent la cour, la tête haute et
1364 2501 2421 2559 d’un pas délibéré. Comment retrouver dans ce main¬
1375 2551 2416 2610 tien hardi plutôt qu'aisé, dans cette profusion de pa¬
1368 2601 2424 2656 rures, ces compagnes d'autrefois vêtues uniformé¬
1368 2660 2426 2713 ment d’une petite robe violente ou amarante, et dont
1375 2712 2429 2772 la grâce naturelle n’avait rien de ces airs trop dégagés,
1375 2758 2426 2822 de ce regard superbe et peut-être impertinent? La
1373 2818 2420 2874 grille ouverte, Agathe reconnut la première made¬
1375 2858 1809 2923 moiselle de Kersaliou.
1419 2911 2426 2974 « Déjà! s'écria-t-elle avec plus d'étonnement que
1372 2975 2424 3025 de plaisir. Puis, se ravisant, et embrassant son amie:
1375 3016 2424 3071 Cette bonne Laurence ! quelle surprise elle nous mé-
1372 3065 2430 3136 nageait ! Voyons, comment es-tu venue ici ? On
1365 3118 2424 3184 m'assurait que tu ne venais jamais à Saint-Brieuc, et,
1375 3173 2414 3243 en t'écrivant, nous étions loin d'espérer qu'un heu¬
1377 3231 1691 3290 reux hasard.....
1438 3265 2424 3348 — Nous allons rentrer avec vous, dit Nathalie qui
1372 3336 2421 3389 tenait une des mains de Laurence entre les siennes.»
1426 3385 2418 3443 Vous! Nathalie lui disait vous, et Agathe n'attri¬
1372 3426 2430 3506 buait qu'à un heureux hasard l'arrivée de Laurence
1377 3475 2429 3544 dans la ville où deux amies si regretées l'avaient
1384 3542 2428 3605 priée de se rendre ! Ce n'était donc là qu'une invitu¬
1377 3597 2424 3651 tion banale, une de ces politesses de convention que
1380 3647 2436 3711 l'usage du monde exige, et où le cœur n'entre pour
