<?xml version="1.0" encoding="UTF-8" standalone="yes"?><PcGts xmlns="http://schema.primaresearch.org/PAGE/gts/pagecontent/2013-07-15"><Metadata><Creator>prov=READ-COOP:name=TrHtr:version=2.43.0:model_id=356425:date=11_05_2026_09:14</Creator><Created>2026-05-06T09:41:19.297138</Created><LastChange>2026-06-20T13:23:51.908+02:00</LastChange><TranskribusMetadata docId="14756063" pageId="115166673" pageNr="141" userId="187713" imgUrl="https://files.transkribus.eu/Get?fileType=view&amp;id=TSLRMCTLYOJCFCGPBWCMZIZJ" imageId="97254116"/></Metadata><Page imageFilename="115166673.jpg" imageWidth="2897" imageHeight="4318"><ReadingOrder><OrderedGroup><RegionRefIndexed index="0" regionRef="tr_1778053306"/><RegionRefIndexed index="1" regionRef="r_2"/><RegionRefIndexed index="2" regionRef="r"/><RegionRefIndexed index="3" regionRef="tr_1778053307"/><RegionRefIndexed index="4" regionRef="r_3"/></OrderedGroup></ReadingOrder><TextRegion id="tr_1778053306" custom="readingOrder {index:0;} structure {score:0.99; type:page-number;}"><Coords points="1201,214 1331,214 1331,289 1201,289"/><TextLine id="tr_1778053306_tl_1" custom="readingOrder {index:1;}"><Coords points="1200,295 1214,302 1241,293 1310,288 1307,217 1268,218 1257,224 1245,217 1218,239 1197,243"/><Baseline points="1206,265 1251,271 1295,271 1313,268"/><TextEquiv><Unicode>127</Unicode></TextEquiv></TextLine><TextEquiv><Unicode></Unicode></TextEquiv></TextRegion><TextRegion id="r_2" custom="readingOrder {index:1;} structure {type:paragraph;}"><Coords points="89,3907 89,311 1257,311 1257,3907"/><TextLine id="r_2_tl_1" custom="readingOrder {index:1;}"><Coords points="136,377 1220,377 1220,321 1097,299 863,335 646,295 136,324"/><Baseline points="143,361 149,361 194,361 238,358 283,355 328,352 373,355 418,355 462,355 507,358 552,358 597,358 642,361 686,361 731,361 776,361 821,361 865,358 910,358 955,358 1000,355 1045,355 1089,352 1134,352 1179,352 1224,355"/><TextEquiv><Unicode>dans le tube, et que l’on ne voie que les anthères;</Unicode></TextEquiv></TextLine><TextLine id="r_2_tl_2" custom="readingOrder {index:2;}"><Coords points="136,437 1226,425 1193,365 136,378"/><Baseline points="143,415 155,415 200,412 244,412 289,412 334,409 379,409 424,412 468,412 513,412 558,415 603,415 647,415 692,415 737,418 782,418 827,418 871,415 916,415 961,412 1006,412 1051,409 1095,409 1140,409 1185,409 1230,409"/><TextEquiv><Unicode>ensuite, on colle autour du côté inférieur du tube, le</Unicode></TextEquiv></TextLine><TextLine id="r_2_tl_3" custom="readingOrder {index:3;}"><Coords points="138,481 1227,474 1208,420 138,439"/><Baseline points="146,468 155,465 200,465 244,465 289,462 334,462 379,465 424,465 468,468 513,468 558,471 603,471 647,471 692,471 737,471 782,471 827,471 871,471 916,468 961,468 1006,465 1051,465 1095,465 1140,462 1185,462 1230,462"/><TextEquiv><Unicode>calice n° 4, de telle sorte que la déchiqueture couvre</Unicode></TextEquiv></TextLine><TextLine id="r_2_tl_4" custom="readingOrder {index:4;}"><Coords points="138,535 1230,531 1230,487 138,494"/><Baseline points="146,519 158,519 203,519 247,519 292,519 337,519 382,519 427,522 471,522 516,522 561,525 606,525 650,525 695,525 740,525 785,525 830,525 874,525 919,522 964,522 1009,522 1054,522 1098,519 1143,519 1188,519 1233,516"/><TextEquiv><Unicode>seule le bas du tube. Pour monter la branche de</Unicode></TextEquiv></TextLine><TextLine id="r_2_tl_5" custom="readingOrder {index:5;}"><Coords points="133,584 1223,580 1185,527 133,543"/><Baseline points="140,573 185,573 229,573 274,573 319,576 364,576 409,576 453,576 498,579 543,579 588,579 633,576 677,576 722,579 767,579 812,579 857,579 901,579 946,579 991,576 1036,576 1080,573 1125,573 1170,573 1215,573 1227,573"/><TextEquiv><Unicode>fleurs, il faut commencer par faire de petites touffes</Unicode></TextEquiv></TextLine><TextLine id="r_2_tl_6" custom="readingOrder {index:6;}"><Coords points="138,646 1230,651 1230,580 138,588"/><Baseline points="146,630 191,627 235,630 280,630 325,630 370,633 415,633 459,633 504,630 549,630 594,630 639,630 683,630 728,630 773,633 818,633 863,633 907,633 952,633 997,633 1042,630 1086,630 1131,630 1176,630 1221,633 1233,636"/><TextEquiv><Unicode>ou piquets composés de trois boutons et de troîs fleurs,</Unicode></TextEquiv></TextLine><TextLine id="r_2_tl_7" custom="readingOrder {index:7;}"><Coords points="133,698 1223,694 1185,644 133,640"/><Baseline points="140,680 185,680 229,683 274,686 319,686 364,686 409,686 453,686 498,683 543,683 588,683 633,683 677,680 722,683 767,683 812,683 857,686 901,686 946,686 991,686 1036,686 1080,686 1125,686 1170,686 1215,683 1227,683"/><TextEquiv><Unicode>et former après cela des branches avec des piquets</Unicode></TextEquiv></TextLine><TextLine id="r_2_tl_8" custom="readingOrder {index:8;}"><Coords points="138,749 1218,756 1185,699 138,701"/><Baseline points="146,737 191,737 235,740 280,740 325,740 370,740 415,740 459,740 504,740 549,737 594,737 639,737 683,737 728,737 773,737 818,740 863,740 907,740 952,740 997,740 1042,740 1086,740 1131,740 1176,737 1221,734"/><TextEquiv><Unicode>de feuilles, ayant soin, comme je te le répéterai tou¬</Unicode></TextEquiv></TextLine><TextLine id="r_2_tl_9" custom="readingOrder {index:9;}"><Coords points="136,806 1142,817 1229,801 1230,762 137,749"/><Baseline points="143,800 158,791 203,794 247,794 292,794 337,794 382,794 427,794 471,794 516,794 561,794 606,791 650,791 695,788 740,791 785,791 830,791 874,791 919,791 964,794 1009,791 1054,794 1098,794 1143,791 1188,791 1233,791"/><TextEquiv><Unicode>jours, de prendre modèle sur la nature. Tu trouveras</Unicode></TextEquiv></TextLine><TextLine id="r_2_tl_10" custom="readingOrder {index:10;}"><Coords points="138,854 1227,867 1227,801 138,808"/><Baseline points="146,848 155,845 200,845 244,845 289,845 334,845 379,845 424,845 468,845 513,845 558,848 603,848 647,845 692,845 737,845 782,845 827,845 871,845 916,845 961,845 1006,845 1051,845 1095,845 1140,845 1185,842 1230,845"/><TextEquiv><Unicode>les feuilles et les boutons chez tous les marchands</Unicode></TextEquiv></TextLine><TextLine id="r_2_tl_11" custom="readingOrder {index:11;}"><Coords points="138,911 1227,911 1227,869 1129,854 138,856"/><Baseline points="146,898 155,898 200,898 244,898 289,898 334,898 379,898 424,898 468,898 513,901 558,901 603,901 647,901 692,898 737,898 782,898 827,898 871,895 916,895 961,895 1006,895 1051,895 1095,895 1140,895 1185,895 1230,895"/><TextEquiv><Unicode>d’apprêts pour fleurs. Les patrons de toutes ces fleurs</Unicode></TextEquiv></TextLine><TextLine id="r_2_tl_12" custom="readingOrder {index:12;}"><Coords points="141,979 1226,989 1226,915 141,917"/><Baseline points="149,958 155,955 200,952 244,952 289,952 334,952 379,952 424,952 468,955 513,952 558,955 603,955 647,955 692,955 737,952 782,952 827,952 871,952 916,952 961,952 1006,952 1051,949 1095,949 1140,949 1185,949 1230,952"/><TextEquiv><Unicode>peuvent aussi servir pour l’exécution des fleurs en</Unicode></TextEquiv></TextLine><TextLine id="r_2_tl_13" custom="readingOrder {index:13;}"><Coords points="138,1049 160,1039 171,1042 200,1020 213,1028 226,1023 241,1034 250,1033 250,983 237,983 226,975 213,980 202,975 188,980 181,976 167,980 158,975 138,979"/><Baseline points="146,1012 164,1009 209,1009 253,1009"/><TextEquiv><Unicode>peau.</Unicode></TextEquiv></TextLine><TextLine id="r_2_tl_14" custom="readingOrder {index:14;}"><Coords points="177,1075 1226,1089 1226,1024 1146,1017 483,1041 284,993 177,1031"/><Baseline points="185,1060 229,1063 274,1063 319,1063 364,1063 409,1063 453,1063 498,1066 543,1066 588,1066 633,1063 677,1063 722,1063 767,1063 812,1063 857,1063 901,1060 946,1063 991,1060 1036,1060 1080,1060 1125,1060 1170,1060 1215,1057 1230,1060"/><TextEquiv><Unicode>51, DESSOUS DE VERRE D'EAU. Les feuilles se font en</Unicode></TextEquiv></TextLine><TextLine id="r_2_tl_15" custom="readingOrder {index:15;}"><Coords points="138,1130 1223,1123 1223,1090 1120,1064 550,1100 138,1070"/><Baseline points="146,1116 152,1113 197,1116 241,1116 286,1119 331,1119 376,1116 421,1119 465,1119 510,1119 555,1119 600,1119 645,1119 689,1119 734,1119 779,1116 824,1116 868,1116 913,1116 958,1116 1003,1116 1048,1116 1092,1113 1137,1113 1182,1113 1227,1113"/><TextEquiv><Unicode>laine ombrée verte, comme nous l’avons expliqué plu-</Unicode></TextEquiv></TextLine><TextLine id="r_2_tl_16" custom="readingOrder {index:16;}"><Coords points="138,1183 1204,1194 1214,1141 138,1134"/><Baseline points="146,1170 185,1170 229,1170 274,1170 319,1173 364,1170 409,1170 453,1173 498,1173 543,1173 588,1173 633,1173 677,1173 722,1173 767,1170 812,1173 857,1173 901,1173 946,1173 991,1170 1036,1170 1080,1170 1125,1170 1170,1167 1215,1164"/><TextEquiv><Unicode>sieurs fois; entre chaque feuille est une petite mar-</Unicode></TextEquiv></TextLine><TextLine id="r_2_tl_17" custom="readingOrder {index:17;}"><Coords points="141,1246 171,1242 180,1248 213,1231 250,1233 262,1242 298,1233 298,1196 272,1188 265,1192 256,1183 250,1188 229,1183 197,1198 189,1190 184,1194 171,1188 141,1201"/><Baseline points="149,1227 194,1224 238,1224 283,1227 301,1227"/><TextEquiv><Unicode>guerite.</Unicode></TextEquiv></TextLine><TextLine id="r_2_tl_18" custom="readingOrder {index:18;}"><Coords points="184,1283 1225,1289 1207,1211 1130,1253 184,1241"/><Baseline points="191,1278 235,1281 280,1278 325,1281 370,1281 415,1281 459,1281 504,1281 549,1281 594,1281 639,1281 683,1281 728,1281 773,1284 818,1281 863,1281 907,1281 952,1281 997,1281 1042,1281 1086,1281 1131,1278 1176,1278 1221,1275 1227,1278"/><TextEquiv><Unicode>Il faut une carcasse ovale en fil de fer, de 35 centi-</Unicode></TextEquiv></TextLine><TextLine id="r_2_tl_19" custom="readingOrder {index:19;}"><Coords points="136,1349 1233,1341 1212,1289 136,1305"/><Baseline points="143,1325 185,1334 229,1334 274,1334 319,1334 364,1334 409,1334 453,1337 498,1337 543,1337 588,1337 633,1334 677,1337 722,1337 767,1337 812,1337 857,1337 901,1337 946,1337 991,1337 1036,1334 1080,1334 1125,1334 1170,1331 1215,1331 1236,1331"/><TextEquiv><Unicode>mètres sur 25, au prix de 2 fr. 50 centimes; 1 fr. 25</Unicode></TextEquiv></TextLine><TextLine id="r_2_tl_20" custom="readingOrder {index:20;}"><Coords points="144,1399 1230,1393 1230,1351 1108,1341 144,1351"/><Baseline points="152,1385 158,1385 203,1388 247,1388 292,1388 337,1391 382,1391 427,1391 471,1391 516,1388 561,1391 606,1391 650,1388 695,1391 740,1391 785,1391 830,1391 874,1391 919,1391 964,1391 1009,1388 1054,1388 1098,1388 1143,1385 1188,1385 1233,1382"/><TextEquiv><Unicode>de laine de Saxe pour les fleurs, 1 fr. 25 de laine do</Unicode></TextEquiv></TextLine><TextLine id="r_2_tl_21" custom="readingOrder {index:21;}"><Coords points="141,1454 1230,1460 1230,1397 141,1399"/><Baseline points="149,1442 158,1439 203,1442 247,1442 292,1445 337,1445 382,1445 427,1445 471,1445 516,1445 561,1445 606,1445 650,1445 695,1445 740,1445 785,1445 830,1445 874,1445 919,1445 964,1442 1009,1442 1054,1442 1098,1439 1143,1439 1188,1439 1233,1439"/><TextEquiv><Unicode>Berlin pour les feuilles, une bobine de laiton, et</Unicode></TextEquiv></TextLine><TextLine id="r_2_tl_22" custom="readingOrder {index:22;}"><Coords points="144,1506 258,1519 326,1502 370,1528 517,1504 568,1525 627,1517 627,1469 612,1464 528,1474 440,1452 418,1467 336,1455 313,1474 206,1473 144,1455"/><Baseline points="152,1496 197,1496 241,1499 286,1499 331,1499 376,1499 421,1499 465,1499 510,1499 555,1499 600,1499 630,1499"/><TextEquiv><Unicode>40 cent. de taffetas vert.</Unicode></TextEquiv></TextLine><TextLine id="r_2_tl_23" custom="readingOrder {index:23;}"><Coords points="184,1558 1226,1566 1226,1511 184,1510"/><Baseline points="191,1549 200,1549 244,1549 289,1552 334,1552 379,1552 424,1552 468,1552 513,1552 558,1549 603,1549 647,1549 692,1552 737,1552 782,1549 827,1549 871,1549 916,1549 961,1549 1006,1549 1051,1549 1095,1549 1140,1546 1185,1546 1230,1546"/><TextEquiv><Unicode>52, MODÈLE D'UNE ROSE EN COTON. Ces fleurs sont</Unicode></TextEquiv></TextLine><TextLine id="r_2_tl_24" custom="readingOrder {index:24;}"><Coords points="136,1622 1225,1614 1225,1566 136,1577"/><Baseline points="143,1600 188,1603 232,1603 277,1603 322,1603 367,1603 412,1603 456,1603 501,1603 546,1603 591,1603 636,1603 680,1603 725,1603 770,1606 815,1603 860,1603 904,1603 949,1603 994,1603 1039,1603 1083,1600 1128,1600 1173,1600 1218,1603 1227,1603"/><TextEquiv><Unicode>charmantes pour les autels du mois de mai. Com¬</Unicode></TextEquiv></TextLine><TextLine id="r_2_tl_25" custom="readingOrder {index:25;}"><Coords points="138,1669 1230,1672 1207,1618 138,1625"/><Baseline points="146,1654 191,1657 235,1657 280,1657 325,1657 370,1657 415,1657 459,1657 504,1657 549,1657 594,1657 639,1657 683,1657 728,1657 773,1660 818,1660 863,1657 907,1660 952,1657 997,1657 1042,1657 1086,1657 1131,1657 1176,1657 1221,1660 1233,1663"/><TextEquiv><Unicode>mence par prendre une feuille de papier rose-tendre,</Unicode></TextEquiv></TextLine><TextLine id="r_2_tl_26" custom="readingOrder {index:26;}"><Coords points="144,1717 1226,1721 1226,1676 144,1687"/><Baseline points="152,1711 155,1708 200,1711 244,1711 289,1711 334,1711 379,1711 424,1711 468,1711 513,1714 558,1714 603,1711 647,1711 692,1714 737,1714 782,1714 827,1714 871,1714 916,1714 961,1711 1006,1711 1051,1711 1095,1711 1140,1711 1185,1711 1230,1708"/><TextEquiv><Unicode>coupe-la en quatre, plie un des quatre morceaux, d’a¬</Unicode></TextEquiv></TextLine><TextLine id="r_2_tl_27" custom="readingOrder {index:27;}"><Coords points="138,1768 1227,1791 1227,1735 1177,1721 138,1718"/><Baseline points="146,1761 191,1761 235,1764 280,1764 325,1764 370,1764 415,1764 459,1764 504,1764 549,1764 594,1764 639,1767 683,1767 728,1767 773,1767 818,1764 863,1767 907,1764 952,1767 997,1764 1042,1764 1086,1764 1131,1764 1176,1764 1221,1764 1230,1764"/><TextEquiv><Unicode>bord en deux, puis en quatre, et replie-le de manière</Unicode></TextEquiv></TextLine><TextLine id="r_2_tl_28" custom="readingOrder {index:28;}"><Coords points="144,1833 1223,1836 1185,1776 144,1773"/><Baseline points="152,1815 197,1815 241,1818 286,1818 331,1818 376,1818 421,1818 465,1818 510,1818 555,1818 600,1818 645,1818 689,1818 734,1821 779,1821 824,1818 868,1821 913,1818 958,1821 1003,1821 1048,1818 1092,1818 1137,1818 1182,1821 1227,1821"/><TextEquiv><Unicode>à ce qu’il forme un angle très-aigu; après cela,</Unicode></TextEquiv></TextLine><TextLine id="r_2_tl_29" custom="readingOrder {index:29;}"><Coords points="144,1881 1223,1887 1208,1833 144,1847"/><Baseline points="152,1872 197,1869 241,1869 286,1869 331,1872 376,1872 421,1872 465,1875 510,1872 555,1872 600,1875 645,1875 689,1875 734,1875 779,1875 824,1875 868,1875 913,1875 958,1875 1003,1875 1048,1875 1092,1872 1137,1872 1182,1872 1227,1869"/><TextEquiv><Unicode>avec des ciseaux assez fins, découpe le papier en con¬</Unicode></TextEquiv></TextLine><TextLine id="r_2_tl_30" custom="readingOrder {index:30;}"><Coords points="151,1933 1230,1949 1230,1896 149,1885"/><Baseline points="158,1923 203,1923 247,1926 292,1926 337,1926 382,1929 427,1929 471,1929 516,1929 561,1929 606,1929 650,1929 695,1929 740,1932 785,1929 830,1929 874,1929 919,1929 964,1929 1009,1929 1054,1929 1098,1929 1143,1929 1188,1929 1233,1932"/><TextEquiv><Unicode>trariant la découpure; plus cette découpure est fine,</Unicode></TextEquiv></TextLine><TextLine id="r_2_tl_31" custom="readingOrder {index:31;}"><Coords points="141,2010 1230,2002 1207,1942 141,1946"/><Baseline points="149,1976 194,1976 238,1979 283,1979 328,1979 373,1979 418,1979 462,1979 507,1979 552,1982 597,1982 642,1982 686,1982 731,1982 776,1982 821,1982 865,1982 910,1982 955,1982 1000,1982 1045,1982 1089,1982 1134,1982 1179,1982 1224,1982 1233,1985"/><TextEquiv><Unicode>plus le travail est joli ; déplie, enfin, ton morceau de</Unicode></TextEquiv></TextLine><TextLine id="r_2_tl_32" custom="readingOrder {index:32;}"><Coords points="154,2057 1226,2045 1198,1999 1045,1988 154,2005"/><Baseline points="161,2033 206,2033 250,2033 295,2033 340,2033 385,2036 430,2036 474,2036 519,2036 564,2036 609,2036 653,2036 698,2036 743,2036 788,2036 833,2036 877,2036 922,2036 967,2036 1012,2039 1057,2039 1101,2036 1146,2036 1191,2036 1230,2036"/><TextEquiv><Unicode>papier avec grande précaution. Maintenant, choisis un</Unicode></TextEquiv></TextLine><TextLine id="r_2_tl_33" custom="readingOrder {index:33;}"><Coords points="151,2091 1226,2101 1226,2043 151,2053"/><Baseline points="158,2084 203,2084 247,2084 292,2084 337,2087 382,2090 427,2090 471,2087 516,2090 561,2090 606,2090 650,2090 695,2090 740,2090 785,2090 830,2090 874,2090 919,2090 964,2090 1009,2090 1054,2090 1098,2090 1143,2090 1188,2090 1230,2090"/><TextEquiv><Unicode>cœur de cette fleur, que tu fixeras à une tige de fil de</Unicode></TextEquiv></TextLine><TextLine id="r_2_tl_34" custom="readingOrder {index:34;}"><Coords points="151,2147 1230,2158 1185,2098 1104,2128 151,2101"/><Baseline points="158,2138 203,2138 247,2138 292,2141 337,2138 382,2141 427,2141 471,2141 516,2141 561,2141 606,2141 650,2144 695,2144 740,2144 785,2144 830,2144 874,2144 919,2144 964,2144 1009,2144 1054,2144 1098,2144 1143,2144 1188,2144 1233,2147"/><TextEquiv><Unicode>fer longue à peu près de quinze centimètres; enfile</Unicode></TextEquiv></TextLine><TextLine id="r_2_tl_35" custom="readingOrder {index:35;}"><Coords points="148,2208 1220,2213 1220,2167 994,2153 148,2154"/><Baseline points="155,2188 200,2191 244,2191 289,2191 334,2191 379,2191 424,2191 468,2194 513,2191 558,2194 603,2194 647,2194 692,2194 737,2194 782,2194 827,2197 871,2194 916,2197 961,2197 1006,2197 1051,2200 1095,2197 1140,2197 1185,2197 1224,2191"/><TextEquiv><Unicode>dans cette tige les papiers découpés, puis, procure-</Unicode></TextEquiv></TextLine><TextLine id="r_2_tl_36" custom="readingOrder {index:36;}"><Coords points="149,2263 1238,2257 1237,2208 148,2208"/><Baseline points="155,2242 200,2245 244,2245 289,2245 334,2242 379,2245 424,2245 468,2245 513,2245 558,2245 603,2248 647,2248 692,2248 737,2248 782,2248 827,2248 871,2248 916,2251 961,2248 1006,2248 1051,2251 1095,2251 1140,2248 1185,2248 1230,2251 1239,2251"/><TextEquiv><Unicode>toi une feuille de ouate, dans laquelle tu couperas</Unicode></TextEquiv></TextLine><TextLine id="r_2_tl_37" custom="readingOrder {index:37;}"><Coords points="148,2306 1233,2320 1231,2256 850,2290 762,2257 147,2263"/><Baseline points="155,2296 200,2299 244,2296 289,2299 334,2299 379,2299 424,2299 468,2299 513,2299 558,2299 603,2299 647,2302 692,2302 737,2302 782,2302 827,2305 871,2302 916,2302 961,2302 1006,2302 1051,2302 1095,2302 1140,2305 1185,2305 1230,2305 1236,2305"/><TextEquiv><Unicode>trois bandes, ayant, la première, 5 centimètres, la</Unicode></TextEquiv></TextLine><TextLine id="r_2_tl_38" custom="readingOrder {index:38;}"><Coords points="148,2359 1226,2375 1207,2313 148,2319"/><Baseline points="155,2347 200,2353 244,2353 289,2353 334,2353 379,2353 424,2353 468,2353 513,2353 558,2353 603,2353 647,2353 692,2356 737,2356 782,2356 827,2356 871,2356 916,2356 961,2356 1006,2356 1051,2356 1095,2356 1140,2359 1185,2359 1230,2359"/><TextEquiv><Unicode>seconde, 8, et la troisième, 12; tu commenceras par</Unicode></TextEquiv></TextLine><TextLine id="r_2_tl_39" custom="readingOrder {index:39;}"><Coords points="148,2428 1218,2438 1226,2383 147,2359"/><Baseline points="155,2403 200,2406 244,2406 289,2406 334,2406 379,2406 424,2406 468,2406 513,2406 558,2406 603,2406 647,2406 692,2409 737,2409 782,2409 827,2409 871,2409 916,2409 961,2409 1006,2409 1051,2409 1095,2412 1140,2412 1185,2412 1230,2418"/><TextEquiv><Unicode>tourner la plus étroite autour du cœur de la fleur,</Unicode></TextEquiv></TextLine><TextLine id="r_2_tl_40" custom="readingOrder {index:40;}"><Coords points="152,2474 1230,2472 1194,2418 151,2431"/><Baseline points="158,2457 203,2457 247,2460 292,2460 337,2460 382,2460 427,2460 471,2460 516,2460 561,2460 606,2460 650,2460 695,2463 740,2466 785,2466 830,2463 874,2463 919,2463 964,2463 1009,2463 1054,2463 1098,2463 1143,2463 1188,2466 1233,2463"/><TextEquiv><Unicode>puis la seconde, et enfin la troisième; il faut faire</Unicode></TextEquiv></TextLine><TextLine id="r_2_tl_41" custom="readingOrder {index:41;}"><Coords points="151,2520 1230,2531 1230,2487 1116,2474 151,2475"/><Baseline points="158,2508 203,2511 247,2511 292,2514 337,2514 382,2514 427,2514 471,2514 516,2514 561,2514 606,2514 650,2517 695,2517 740,2517 785,2517 830,2517 874,2517 919,2517 964,2517 1009,2517 1054,2520 1098,2517 1143,2517 1188,2517 1233,2517"/><TextEquiv><Unicode>une très-grande attention à ce que ces bandes de</Unicode></TextEquiv></TextLine><TextLine id="r_2_tl_42" custom="readingOrder {index:42;}"><Coords points="156,2577 1231,2579 1205,2530 156,2538"/><Baseline points="164,2565 209,2565 253,2565 298,2565 343,2568 388,2568 432,2568 477,2565 522,2565 567,2568 612,2568 656,2571 701,2571 746,2568 791,2568 836,2571 880,2571 925,2571 970,2574 1015,2574 1060,2574 1104,2571 1149,2574 1194,2574 1233,2574"/><TextEquiv><Unicode>coton soient tout à fait lisses à leurs surface, sans</Unicode></TextEquiv></TextLine><TextLine id="r_2_tl_43" custom="readingOrder {index:43;}"><Coords points="148,2623 1211,2651 1229,2581 147,2586"/><Baseline points="155,2615 200,2618 244,2618 289,2618 334,2618 379,2618 424,2621 468,2618 513,2621 558,2621 603,2621 647,2621 692,2621 737,2624 782,2624 827,2624 871,2624 916,2624 961,2624 1006,2624 1051,2624 1095,2624 1140,2624 1185,2624 1230,2630 1233,2630"/><TextEquiv><Unicode>cela le coton passerait à travers le papier découpé,</Unicode></TextEquiv></TextLine><TextLine id="r_2_tl_44" custom="readingOrder {index:44;}"><Coords points="154,2684 1223,2689 1223,2649 1057,2629 154,2637"/><Baseline points="161,2672 206,2672 250,2672 295,2675 340,2675 385,2672 430,2675 474,2675 519,2675 564,2675 609,2675 653,2675 698,2675 743,2675 788,2675 833,2675 877,2678 922,2678 967,2678 1012,2678 1057,2678 1101,2678 1146,2678 1191,2678 1227,2678"/><TextEquiv><Unicode>ce qui serait fort laid. Lorsque tu as donné à ta fleur</Unicode></TextEquiv></TextLine><TextLine id="r_2_tl_45" custom="readingOrder {index:45;}"><Coords points="151,2734 1230,2751 1230,2695 1179,2686 151,2689"/><Baseline points="158,2723 203,2726 247,2726 292,2726 337,2729 382,2729 427,2726 471,2729 516,2729 561,2729 606,2729 650,2729 695,2729 740,2729 785,2732 830,2732 874,2732 919,2732 964,2732 1009,2732 1054,2732 1098,2732 1143,2732 1188,2732 1233,2732"/><TextEquiv><Unicode>toute la grâce dont elle est susceptible, tu rabats</Unicode></TextEquiv></TextLine><TextLine id="r_2_tl_46" custom="readingOrder {index:46;}"><Coords points="151,2795 1240,2799 1238,2749 1164,2740 149,2733"/><Baseline points="158,2780 203,2780 247,2780 292,2780 337,2783 382,2783 427,2783 471,2783 516,2783 561,2783 606,2783 650,2783 695,2786 740,2786 785,2786 830,2786 874,2786 919,2786 964,2786 1009,2786 1054,2786 1098,2786 1143,2789 1188,2786 1233,2786 1242,2789"/><TextEquiv><Unicode>d’abord un des morceaux découpés, le tendant autant</Unicode></TextEquiv></TextLine><TextLine id="r_2_tl_47" custom="readingOrder {index:47;}"><Coords points="148,2845 1238,2855 1200,2797 148,2807"/><Baseline points="155,2830 200,2830 244,2833 289,2833 334,2836 379,2836 424,2836 468,2836 513,2836 558,2839 603,2836 647,2839 692,2839 737,2839 782,2839 827,2839 871,2842 916,2839 961,2839 1006,2839 1051,2839 1095,2842 1140,2839 1185,2842 1230,2842 1242,2842"/><TextEquiv><Unicode>que faire se peut, et l’attachant en dessous de la</Unicode></TextEquiv></TextLine><TextLine id="r_2_tl_48" custom="readingOrder {index:48;}"><Coords points="148,2904 1233,2904 1192,2851 148,2845"/><Baseline points="155,2881 200,2884 244,2887 289,2887 334,2890 379,2890 424,2890 468,2890 513,2893 558,2893 603,2893 647,2893 692,2893 737,2893 782,2896 827,2893 871,2893 916,2893 961,2893 1006,2896 1051,2896 1095,2893 1140,2896 1185,2896 1230,2896 1236,2899"/><TextEquiv><Unicode>fleur à l’aide d’un laiton fin; par-dessus celui-ci, tu</Unicode></TextEquiv></TextLine><TextLine id="r_2_tl_49" custom="readingOrder {index:49;}"><Coords points="151,2958 1233,2954 1203,2903 151,2900"/><Baseline points="158,2938 203,2938 247,2938 292,2938 337,2941 382,2944 427,2944 471,2944 516,2947 561,2947 606,2947 650,2947 695,2947 740,2947 785,2947 830,2950 874,2950 919,2950 964,2947 1009,2950 1054,2950 1098,2950 1143,2950 1188,2947 1233,2947 1236,2947"/><TextEquiv><Unicode>rabats le suivant, le plaçant de manière à ce que les</Unicode></TextEquiv></TextLine><TextLine id="r_2_tl_50" custom="readingOrder {index:50;}"><Coords points="156,3007 1235,3010 1235,2954 156,2952"/><Baseline points="164,2995 209,2992 253,2992 298,2995 343,2998 388,2998 432,2998 477,2998 522,2998 567,3001 612,3001 656,3001 701,3001 746,3001 791,3004 836,3004 880,3004 925,3004 970,3004 1015,3004 1060,3004 1104,3004 1149,3004 1194,3001 1239,3004"/><TextEquiv><Unicode>jours contrariés dissimulent un peu le coton, ainsi</Unicode></TextEquiv></TextLine><TextLine id="r_2_tl_51" custom="readingOrder {index:51;}"><Coords points="151,3052 1233,3070 1233,3014 151,3009"/><Baseline points="158,3039 203,3042 247,3045 292,3048 337,3051 382,3051 427,3054 471,3051 516,3054 561,3054 606,3054 650,3054 695,3057 740,3057 785,3057 830,3057 874,3057 919,3057 964,3057 1009,3057 1054,3057 1098,3054 1143,3057 1188,3057 1233,3057 1236,3057"/><TextEquiv><Unicode>de suite. La tige, recouverte de papier vert, portera un</Unicode></TextEquiv></TextLine><TextLine id="r_2_tl_52" custom="readingOrder {index:52;}"><Coords points="149,3109 285,3121 383,3110 459,3125 495,3113 494,3067 429,3076 413,3066 389,3081 351,3061 322,3080 239,3052 147,3058"/><Baseline points="155,3093 200,3096 244,3099 289,3102 334,3102 379,3105 424,3105 468,3105 498,3108"/><TextEquiv><Unicode>feuillage de rose.</Unicode></TextEquiv></TextLine><TextLine id="r_2_tl_53" custom="readingOrder {index:53;}"><Coords points="196,3155 1188,3187 1237,3176 1237,3129 195,3113"/><Baseline points="203,3150 247,3150 292,3153 337,3156 382,3156 427,3159 471,3159 516,3162 561,3162 606,3165 650,3162 695,3165 740,3165 785,3165 830,3165 874,3165 919,3165 964,3162 1009,3165 1054,3165 1098,3165 1143,3165 1188,3165 1233,3165 1239,3162"/><TextEquiv><Unicode>Tu obtiendras ainsi, non-seulement des roses, mais</Unicode></TextEquiv></TextLine><TextLine id="r_2_tl_54" custom="readingOrder {index:54;}"><Coords points="155,3214 1233,3224 1231,3188 1144,3176 154,3166"/><Baseline points="161,3201 206,3201 250,3204 295,3204 340,3207 385,3210 430,3210 474,3213 519,3213 564,3216 609,3216 653,3216 698,3219 743,3219 788,3219 833,3222 877,3219 922,3222 967,3222 1012,3219 1057,3219 1101,3219 1146,3219 1191,3219 1236,3222"/><TextEquiv><Unicode>des dalhias, des hortensias, etc.; un papier de deux</Unicode></TextEquiv></TextLine><TextLine id="r_2_tl_55" custom="readingOrder {index:55;}"><Coords points="156,3279 1163,3295 1226,3283 1226,3228 950,3253 155,3214"/><Baseline points="164,3257 209,3254 253,3254 298,3254 343,3257 388,3260 432,3260 477,3263 522,3266 567,3266 612,3269 656,3272 701,3272 746,3275 791,3272 836,3272 880,3272 925,3272 970,3272 1015,3272 1060,3272 1104,3272 1149,3272 1194,3272 1230,3275"/><TextEquiv><Unicode>teintes convient à toutes ces fleurs; le plus foncé se</Unicode></TextEquiv></TextLine><TextLine id="r_2_tl_56" custom="readingOrder {index:56;}"><Coords points="154,3331 1163,3354 1234,3336 1233,3281 152,3279"/><Baseline points="161,3308 206,3308 250,3308 295,3308 340,3311 385,3311 430,3314 474,3317 519,3320 564,3320 609,3320 653,3323 698,3323 743,3326 788,3326 833,3329 877,3326 922,3326 967,3326 1012,3326 1057,3326 1101,3329 1146,3329 1191,3326 1236,3326"/><TextEquiv><Unicode>place sur le coton. Les boules de neige peuvent se repro-</Unicode></TextEquiv></TextLine><TextLine id="r_2_tl_57" custom="readingOrder {index:57;}"><Coords points="148,3382 1214,3388 1212,3350 1112,3334 147,3332"/><Baseline points="155,3362 200,3362 244,3362 289,3362 334,3362 379,3362 424,3365 468,3368 513,3368 558,3371 603,3374 647,3374 692,3377 737,3380 782,3380 827,3380 871,3380 916,3380 961,3380 1006,3380 1051,3380 1095,3380 1140,3383 1185,3380 1215,3383"/><TextEquiv><Unicode>duire aussi avec du papier d’un vert presque blanc.</Unicode></TextEquiv></TextLine><TextLine id="r_2_tl_58" custom="readingOrder {index:58;}"><Coords points="199,3425 1234,3443 1231,3383 197,3376"/><Baseline points="206,3416 250,3416 295,3416 340,3416 385,3416 430,3419 474,3419 519,3422 564,3425 609,3425 653,3428 698,3431 743,3431 788,3431 833,3431 877,3434 922,3434 967,3434 1012,3434 1057,3434 1101,3434 1146,3437 1191,3434 1236,3437"/><TextEquiv><Unicode>53, SAC A ARGENT. Notre planche de ce mois n’ayant</Unicode></TextEquiv></TextLine><TextLine id="r_2_tl_59" custom="readingOrder {index:59;}"><Coords points="156,3493 1156,3512 1226,3501 1226,3446 155,3440"/><Baseline points="164,3472 209,3469 253,3469 298,3469 343,3469 388,3469 432,3469 477,3472 522,3472 567,3475 612,3478 656,3481 701,3481 746,3484 791,3484 836,3484 880,3484 925,3484 970,3484 1015,3484 1060,3484 1104,3484 1149,3487 1194,3487 1230,3487"/><TextEquiv><Unicode>pu contenir le patron, je te l’enverrai dans notre pro-</Unicode></TextEquiv></TextLine><TextLine id="r_2_tl_60" custom="readingOrder {index:60;}"><Coords points="148,3549 1226,3560 1209,3499 148,3497"/><Baseline points="155,3523 200,3523 244,3523 289,3523 334,3523 379,3523 424,3523 468,3526 513,3526 558,3526 603,3532 647,3535 692,3535 737,3535 782,3538 827,3538 871,3538 916,3538 961,3538 1006,3538 1051,3541 1095,3541 1140,3541 1185,3544 1230,3544"/><TextEquiv><Unicode>chain numéro, avec l’explication pour exécuter ce sac.</Unicode></TextEquiv></TextLine><TextLine id="r_2_tl_61" custom="readingOrder {index:61;}"><Coords points="189,3586 1231,3609 1198,3550 188,3538"/><Baseline points="197,3580 241,3580 286,3580 331,3577 376,3577 421,3580 465,3577 510,3580 555,3580 600,3583 645,3586 689,3586 734,3589 779,3589 824,3592 868,3592 913,3592 958,3595 1003,3595 1048,3595 1092,3595 1137,3595 1182,3598 1227,3598 1233,3598"/><TextEquiv><Unicode>54 et 55, Figurés devant m'aider à t'expliquer la</Unicode></TextEquiv></TextLine><TextLine id="r_2_tl_62" custom="readingOrder {index:62;}"><Coords points="144,3642 1230,3663 1201,3602 144,3597"/><Baseline points="152,3637 197,3637 241,3634 286,3634 331,3634 376,3634 421,3634 465,3634 510,3634 555,3634 600,3634 645,3637 689,3637 734,3640 779,3643 824,3643 868,3646 913,3646 958,3649 1003,3649 1048,3649 1092,3649 1137,3652 1182,3655 1227,3652 1233,3652"/><TextEquiv><Unicode>broderie à la minute. Cette nouvelle invention, je</Unicode></TextEquiv></TextLine><TextLine id="r_2_tl_63" custom="readingOrder {index:63;}"><Coords points="144,3702 1230,3719 1230,3672 143,3643"/><Baseline points="152,3690 197,3690 241,3690 286,3690 331,3687 376,3687 421,3687 465,3687 510,3687 555,3687 600,3687 645,3687 689,3687 734,3693 779,3696 824,3699 868,3699 913,3699 958,3699 1003,3702 1048,3702 1092,3702 1137,3705 1182,3705 1227,3705 1233,3705"/><TextEquiv><Unicode>te l’ai déjà dit, peut servir pour tous les dessins</Unicode></TextEquiv></TextLine><TextLine id="r_2_tl_64" custom="readingOrder {index:64;}"><Coords points="141,3749 1231,3776 1201,3712 141,3706"/><Baseline points="149,3741 194,3744 238,3747 283,3744 328,3744 373,3744 418,3744 462,3741 507,3741 552,3741 597,3741 642,3741 686,3741 731,3744 776,3744 821,3747 865,3750 910,3750 955,3753 1000,3753 1045,3753 1089,3756 1134,3759 1179,3759 1224,3765 1233,3765"/><TextEquiv><Unicode>composés de feuilles fendues, de grains de café,</Unicode></TextEquiv></TextLine><TextLine id="r_2_tl_65" custom="readingOrder {index:65;}"><Coords points="141,3805 1230,3819 1203,3764 1129,3794 980,3757 325,3781 141,3748"/><Baseline points="149,3795 194,3798 238,3798 283,3798 328,3801 373,3801 418,3798 462,3798 507,3798 552,3798 597,3798 642,3795 686,3795 731,3798 776,3798 821,3801 865,3801 910,3801 955,3801 1000,3804 1045,3807 1089,3810 1134,3810 1179,3813 1224,3813 1233,3813"/><TextEquiv><Unicode>d’étoiles ou d’êpines; le travail, très-vite fait, a de</Unicode></TextEquiv></TextLine><TextLine id="r_2_tl_66" custom="readingOrder {index:66;}"><Coords points="148,3896 538,3859 1233,3898 1233,3838 1186,3823 148,3809"/><Baseline points="155,3852 200,3849 244,3852 289,3855 334,3855 379,3855 424,3855 468,3855 513,3855 558,3855 603,3852 647,3852 692,3852 737,3852 782,3852 827,3855 871,3855 916,3855 961,3858 1006,3858 1051,3861 1095,3861 1140,3864 1185,3864 1230,3873 1236,3873"/><TextEquiv><Unicode>plus l’agrément, lorsqu’on en a un peu l‘habitude,</Unicode></TextEquiv></TextLine><TextEquiv><Unicode></Unicode></TextEquiv></TextRegion><TextRegion id="r" custom="readingOrder {index:2;} structure {type:paragraph;}"><Coords points="1295,1441 1304,297 2452,310 2457,1441"/><TextLine id="r_tl_1" custom="readingOrder {index:1;}"><Coords points="1312,362 2398,385 2396,302 2087,341 1310,309"/><Baseline points="1319,349 1364,349 1409,349 1454,349 1499,346 1543,346 1588,349 1633,349 1678,352 1723,352 1767,355 1812,358 1857,361 1902,361 1946,364 1991,370 2036,370 2081,370 2126,373 2170,373 2215,373 2260,376 2305,376 2350,376 2394,376 2400,376"/><TextEquiv><Unicode>d’être régulier et uni comme le plumetis le plus fin.</Unicode></TextEquiv></TextLine><TextLine id="r_tl_2" custom="readingOrder {index:2;}"><Coords points="1305,422 2400,440 2398,394 1304,362"/><Baseline points="1313,406 1358,406 1403,406 1448,403 1493,403 1537,403 1582,403 1627,403 1672,403 1717,403 1761,406 1806,406 1851,409 1896,409 1941,418 1985,418 2030,421 2075,424 2120,424 2164,427 2209,427 2254,430 2299,430 2344,430 2388,430 2403,432"/><TextEquiv><Unicode>Le numéro 54 est la première partie du travail; pour</Unicode></TextEquiv></TextLine><TextLine id="r_tl_3" custom="readingOrder {index:3;}"><Coords points="1305,461 2398,503 2396,440 1305,422"/><Baseline points="1313,459 1358,462 1403,459 1448,459 1493,462 1537,459 1582,459 1627,456 1672,456 1717,456 1761,459 1806,459 1851,459 1896,462 1941,465 1985,468 2030,468 2075,474 2120,477 2164,480 2209,480 2254,480 2299,480 2344,483 2388,486 2400,486"/><TextEquiv><Unicode>celle-ci, je t’engage à prendre du coton numéro 10,</Unicode></TextEquiv></TextLine><TextLine id="r_tl_4" custom="readingOrder {index:4;}"><Coords points="1305,528 2400,546 2398,503 2342,491 1305,484"/><Baseline points="1313,516 1358,516 1403,516 1448,516 1493,516 1537,513 1582,513 1627,513 1672,513 1717,513 1761,510 1806,513 1851,513 1896,513 1941,513 1985,516 2030,519 2075,522 2120,525 2164,531 2209,534 2254,534 2299,534 2344,534 2388,534 2403,537"/><TextEquiv><Unicode>à la croix. Tu commences par piquer ton aiguille dans</Unicode></TextEquiv></TextLine><TextLine id="r_tl_5" custom="readingOrder {index:5;}"><Coords points="1310,577 2402,598 2401,558 1308,527"/><Baseline points="1316,573 1361,573 1406,573 1451,570 1496,570 1540,570 1585,570 1630,570 1675,567 1720,567 1764,570 1809,567 1854,567 1899,567 1943,567 1988,570 2033,570 2078,573 2123,573 2167,579 2212,585 2257,585 2302,588 2347,588 2391,588 2406,588"/><TextEquiv><Unicode>le sens opposé à l’aiguille du numéro 54, puis tu</Unicode></TextEquiv></TextLine><TextLine id="r_tl_6" custom="readingOrder {index:6;}"><Coords points="1315,643 2404,655 2372,592 1315,581"/><Baseline points="1322,630 1367,627 1412,624 1457,627 1502,627 1546,627 1591,627 1636,627 1681,624 1726,624 1770,624 1815,624 1860,624 1905,621 1949,621 1994,621 2039,621 2084,624 2129,627 2173,630 2218,633 2263,636 2308,639 2353,639 2397,642 2406,642"/><TextEquiv><Unicode>redescends sur la feuille, et, sur le bout de l’aiguille</Unicode></TextEquiv></TextLine><TextLine id="r_tl_7" custom="readingOrder {index:7;}"><Coords points="1315,690 2400,703 2380,655 2157,631 1315,644"/><Baseline points="1322,680 1367,683 1412,683 1457,683 1502,683 1546,683 1591,683 1636,683 1681,680 1726,680 1770,680 1815,680 1860,677 1905,677 1949,677 1994,674 2039,674 2084,674 2129,677 2173,680 2218,683 2263,683 2308,686 2353,689 2397,692 2403,689"/><TextEquiv><Unicode>qui ressort, tu tournes ton coton douze fois, allant de</Unicode></TextEquiv></TextLine><TextLine id="r_tl_8" custom="readingOrder {index:8;}"><Coords points="1311,739 2402,753 2404,705 1312,702"/><Baseline points="1319,734 1364,737 1409,737 1454,737 1499,737 1543,740 1588,740 1633,737 1678,737 1723,737 1767,737 1812,737 1857,734 1902,734 1946,734 1991,731 2036,731 2081,731 2126,731 2170,731 2215,731 2260,734 2305,734 2350,737 2394,740 2406,743"/><TextEquiv><Unicode>droite à gauche (le nombre de ces Tours ne peut être</Unicode></TextEquiv></TextLine><TextLine id="r_tl_9" custom="readingOrder {index:9;}"><Coords points="1315,797 2404,794 2393,751 2254,739 1315,747"/><Baseline points="1322,785 1367,788 1412,788 1457,791 1502,794 1546,791 1591,794 1636,791 1681,791 1726,794 1770,791 1815,791 1860,791 1905,791 1949,788 1994,785 2039,788 2084,785 2129,785 2173,785 2218,785 2263,785 2308,788 2353,788 2397,788 2406,791"/><TextEquiv><Unicode>limité, cela tient tout à fait au genre de dessin; seu¬</Unicode></TextEquiv></TextLine><TextLine id="r_tl_10" custom="readingOrder {index:10;}"><Coords points="1311,853 2402,860 2402,809 2352,799 1311,801"/><Baseline points="1319,842 1331,842 1376,842 1421,842 1466,845 1511,845 1555,848 1600,851 1645,848 1690,848 1734,848 1779,848 1824,848 1869,848 1914,848 1958,845 2003,845 2048,845 2093,842 2138,842 2182,842 2227,842 2272,842 2317,842 2362,842 2406,839"/><TextEquiv><Unicode>lement, ici, je parle sciemment, ayant exécuté le</Unicode></TextEquiv></TextLine><TextLine id="r_tl_11" custom="readingOrder {index:11;}"><Coords points="1315,917 2405,911 2405,863 2343,852 1315,861"/><Baseline points="1322,895 1334,895 1379,895 1424,895 1469,895 1513,895 1558,898 1603,898 1648,898 1693,901 1737,901 1782,901 1827,904 1872,901 1917,901 1961,901 2006,898 2051,901 2096,898 2141,898 2185,895 2230,898 2275,895 2320,892 2365,892 2409,889"/><TextEquiv><Unicode>dessin que je t’envoie); à mesure que l’on tire l‘ai¬</Unicode></TextEquiv></TextLine><TextLine id="r_tl_12" custom="readingOrder {index:12;}"><Coords points="1319,965 2391,975 2411,911 1318,917"/><Baseline points="1325,949 1370,949 1415,946 1460,946 1505,949 1549,949 1594,952 1639,952 1684,952 1728,955 1773,955 1818,955 1863,955 1908,958 1952,955 1997,955 2042,955 2087,955 2132,955 2176,952 2221,952 2266,952 2311,952 2356,952 2400,952 2415,955"/><TextEquiv><Unicode>guille, on maintient, avec le pouce gauche, le coton</Unicode></TextEquiv></TextLine><TextLine id="r_tl_13" custom="readingOrder {index:13;}"><Coords points="1311,1009 2220,1037 2390,1022 2402,972 1310,971"/><Baseline points="1319,1000 1364,1000 1409,1000 1454,1000 1499,1003 1543,1000 1588,1003 1633,1003 1678,1003 1723,1006 1767,1006 1812,1009 1857,1009 1902,1009 1946,1009 1991,1012 2036,1012 2081,1009 2126,1009 2170,1009 2215,1009 2260,1009 2305,1006 2350,1006 2394,1006 2406,1006"/><TextEquiv><Unicode>enroulé, qui glisse sur l’aiguillée ; regarde le numéro</Unicode></TextEquiv></TextLine><TextLine id="r_tl_14" custom="readingOrder {index:14;}"><Coords points="1311,1065 2408,1081 2393,1019 1311,1023"/><Baseline points="1319,1054 1364,1054 1409,1054 1454,1054 1499,1054 1543,1054 1588,1054 1633,1054 1678,1057 1723,1057 1767,1057 1812,1060 1857,1060 1902,1063 1946,1063 1991,1063 2036,1063 2081,1063 2126,1063 2170,1066 2215,1063 2260,1063 2305,1063 2350,1060 2394,1060 2409,1060"/><TextEquiv><Unicode>55 ; tu repiques ensuite ton aiguille vers la queue de</Unicode></TextEquiv></TextLine><TextLine id="r_tl_15" custom="readingOrder {index:15;}"><Coords points="1311,1122 2407,1142 2405,1086 2339,1076 1310,1065"/><Baseline points="1319,1104 1361,1110 1406,1107 1451,1107 1496,1110 1540,1110 1585,1110 1630,1107 1675,1110 1720,1110 1764,1110 1809,1110 1854,1110 1899,1113 1943,1113 1988,1116 2033,1116 2078,1116 2123,1116 2167,1119 2212,1119 2257,1116 2302,1116 2347,1116 2391,1113 2409,1116"/><TextEquiv><Unicode>la fleur, tu la ramènes dans le haut, et tu la repiques</Unicode></TextEquiv></TextLine><TextLine id="r_tl_16" custom="readingOrder {index:16;}"><Coords points="1318,1175 2402,1179 2389,1133 1318,1140"/><Baseline points="1325,1161 1370,1164 1415,1161 1460,1164 1505,1164 1549,1164 1594,1164 1639,1164 1684,1164 1728,1164 1773,1164 1818,1164 1863,1164 1908,1164 1952,1164 1997,1167 2042,1167 2087,1170 2132,1170 2176,1170 2221,1170 2266,1170 2311,1170 2356,1173 2400,1170 2406,1170"/><TextEquiv><Unicode>en dessous, dans le but de consolider ton ouvrage, ce</Unicode></TextEquiv></TextLine><TextLine id="r_tl_17" custom="readingOrder {index:17;}"><Coords points="1318,1246 2402,1242 2402,1185 1318,1194"/><Baseline points="1325,1218 1370,1218 1415,1218 1460,1218 1505,1218 1549,1218 1594,1215 1639,1218 1684,1218 1728,1218 1773,1218 1818,1215 1863,1218 1908,1218 1952,1215 1997,1218 2042,1218 2087,1221 2132,1221 2176,1221 2221,1224 2266,1224 2311,1224 2356,1224 2400,1224 2406,1221"/><TextEquiv><Unicode>qui ramène le coton à son point de départ. Ce procédé</Unicode></TextEquiv></TextLine><TextLine id="r_tl_18" custom="readingOrder {index:18;}"><Coords points="1318,1299 1560,1271 2397,1301 2379,1234 1318,1245"/><Baseline points="1325,1272 1370,1272 1415,1275 1460,1272 1505,1272 1549,1272 1594,1269 1639,1272 1684,1272 1728,1272 1773,1272 1818,1272 1863,1272 1908,1272 1952,1272 1997,1269 2042,1272 2087,1272 2132,1272 2176,1272 2221,1272 2266,1275 2311,1278 2356,1278 2400,1284 2403,1281"/><TextEquiv><Unicode>est surtout avantageux pour les broderies de deuil,</Unicode></TextEquiv></TextLine><TextLine id="r_tl_19" custom="readingOrder {index:19;}"><Coords points="1323,1342 2408,1340 2408,1304 2315,1283 1323,1294"/><Baseline points="1331,1325 1376,1325 1421,1328 1466,1325 1511,1325 1555,1325 1600,1325 1645,1325 1690,1325 1734,1325 1779,1325 1824,1325 1869,1325 1914,1325 1958,1325 2003,1325 2048,1325 2093,1325 2138,1325 2182,1325 2227,1325 2272,1325 2317,1328 2362,1328 2406,1334 2412,1334"/><TextEquiv><Unicode>qui, ne se lavant pas, n’auront point à souffrir du</Unicode></TextEquiv></TextLine><TextLine id="r_tl_20" custom="readingOrder {index:20;}"><Coords points="1321,1388 2405,1393 2367,1338 1321,1345"/><Baseline points="1328,1379 1373,1379 1418,1379 1463,1379 1508,1379 1552,1379 1597,1379 1642,1379 1687,1379 1731,1379 1776,1379 1821,1379 1866,1379 1911,1379 1955,1379 2000,1379 2045,1379 2090,1379 2135,1379 2179,1379 2224,1379 2269,1379 2314,1382 2359,1382 2403,1382 2409,1382"/><TextEquiv><Unicode>manque de solidité, seul reproche que peut-être cette</Unicode></TextEquiv></TextLine><TextLine id="r_tl_21" custom="readingOrder {index:21;}"><Coords points="1321,1455 1364,1467 1421,1454 1459,1473 1530,1458 1595,1458 1614,1473 1632,1459 1717,1464 1717,1408 1702,1401 1500,1411 1466,1392 1449,1406 1321,1396"/><Baseline points="1328,1433 1373,1433 1418,1433 1463,1433 1508,1433 1552,1433 1597,1433 1642,1433 1687,1433 1720,1433"/><TextEquiv><Unicode>broderie encourra.</Unicode></TextEquiv></TextLine><TextEquiv><Unicode></Unicode></TextEquiv></TextRegion><TextRegion id="tr_1778053307" custom="readingOrder {index:3;} structure {type:heading;}"><Coords points="1403,1452 2367,1452 2367,1546 1403,1546"/><TextLine id="tr_1778053307_tl_1" custom="readingOrder {index:1;}"><Coords points="1419,1522 1695,1525 1789,1565 2298,1526 2298,1456 1419,1460"/><Baseline points="1427,1516 1472,1516 1516,1519 1561,1516 1606,1516 1651,1516 1696,1519 1740,1519 1785,1519 1830,1519 1875,1519 1920,1519 1964,1519 2009,1519 2054,1519 2099,1519 2144,1519 2188,1519 2233,1519 2278,1522 2302,1522"/><TextEquiv><Unicode>EXPLICATION DE LA GRAVURE DE MODES</Unicode></TextEquiv></TextLine><TextEquiv><Unicode></Unicode></TextEquiv></TextRegion><TextRegion id="r_3" custom="readingOrder {index:4;} structure {type:paragraph;}"><Coords points="2463,1560 2443,3923 1297,3906 1284,1560"/><TextLine id="r_3_tl_1" custom="readingOrder {index:1;}"><Coords points="1363,1614 2408,1614 2408,1569 2312,1552 1363,1552"/><Baseline points="1370,1594 1415,1594 1460,1594 1505,1594 1549,1594 1594,1594 1639,1594 1684,1594 1728,1594 1773,1594 1818,1594 1863,1591 1908,1594 1952,1594 1997,1594 2042,1594 2087,1594 2132,1594 2176,1594 2221,1594 2266,1594 2311,1597 2356,1597 2400,1594 2412,1597"/><TextEquiv><Unicode>Petit garçon à gauche. — Blouse et pantalon de ve-</Unicode></TextEquiv></TextLine><TextLine id="r_3_tl_2" custom="readingOrder {index:2;}"><Coords points="1311,1656 2413,1669 2413,1611 1311,1615"/><Baseline points="1319,1645 1364,1648 1409,1648 1454,1648 1499,1648 1543,1648 1588,1648 1633,1648 1678,1651 1723,1648 1767,1648 1812,1648 1857,1648 1902,1648 1946,1651 1991,1651 2036,1651 2081,1651 2126,1651 2170,1651 2215,1651 2260,1651 2305,1651 2350,1651 2394,1651 2415,1651"/><TextEquiv><Unicode>lours. La blouse, sur le devant, et le pantalon, sur Ie</Unicode></TextEquiv></TextLine><TextLine id="r_3_tl_3" custom="readingOrder {index:3;}"><Coords points="1318,1713 2407,1718 2407,1670 2364,1663 1318,1658"/><Baseline points="1325,1699 1370,1705 1415,1702 1460,1702 1505,1702 1549,1702 1594,1702 1639,1702 1684,1702 1728,1705 1773,1702 1818,1702 1863,1705 1908,1705 1952,1705 1997,1705 2042,1705 2087,1705 2132,1705 2176,1705 2221,1705 2266,1705 2311,1705 2356,1705 2400,1702 2409,1702"/><TextEquiv><Unicode>côté, sont ornés d’un galon en passementerie, sur le¬</Unicode></TextEquiv></TextLine><TextLine id="r_3_tl_4" custom="readingOrder {index:4;}"><Coords points="1321,1781 2418,1783 2418,1709 1321,1733"/><Baseline points="1328,1755 1373,1755 1418,1755 1463,1755 1508,1755 1552,1755 1597,1755 1642,1758 1687,1758 1731,1758 1776,1758 1821,1758 1866,1758 1911,1758 1955,1758 2000,1758 2045,1758 2090,1758 2135,1758 2179,1758 2224,1758 2269,1758 2314,1758 2359,1758 2403,1758 2421,1758"/><TextEquiv><Unicode>quel repose un rang de boutons plats; le revers des</Unicode></TextEquiv></TextLine><TextLine id="r_3_tl_5" custom="readingOrder {index:5;}"><Coords points="1318,1820 2413,1844 2413,1783 2359,1773 1318,1781"/><Baseline points="1325,1809 1370,1812 1415,1809 1460,1812 1505,1809 1549,1809 1594,1809 1639,1812 1684,1812 1728,1812 1773,1812 1818,1812 1863,1812 1908,1812 1952,1812 1997,1812 2042,1812 2087,1812 2132,1812 2176,1812 2221,1812 2266,1812 2311,1809 2356,1812 2400,1812 2415,1812"/><TextEquiv><Unicode>manches est garni de même. Col et manchettes en</Unicode></TextEquiv></TextLine><TextLine id="r_3_tl_6" custom="readingOrder {index:6;}"><Coords points="1311,1877 1329,1884 1370,1869 1396,1881 1447,1870 1533,1876 1533,1844 1491,1824 1418,1840 1381,1821 1363,1831 1342,1821 1311,1828"/><Baseline points="1319,1863 1364,1863 1409,1863 1454,1863 1499,1863 1537,1866"/><TextEquiv><Unicode>toile unie.</Unicode></TextEquiv></TextLine><TextLine id="r_3_tl_7" custom="readingOrder {index:7;}"><Coords points="1359,1943 2413,1936 2413,1877 1359,1872"/><Baseline points="1367,1920 1412,1920 1457,1917 1502,1920 1546,1917 1591,1920 1636,1920 1681,1920 1726,1920 1770,1920 1815,1920 1860,1920 1905,1923 1949,1923 1994,1920 2039,1923 2084,1923 2129,1920 2173,1920 2218,1920 2263,1920 2308,1923 2353,1920 2397,1923 2415,1926"/><TextEquiv><Unicode>Petite fille de dix à onze ans. — Robe de popeline;</Unicode></TextEquiv></TextLine><TextLine id="r_3_tl_8" custom="readingOrder {index:8;}"><Coords points="1318,1977 2408,1994 2408,1954 2294,1932 1370,1958 1318,1928"/><Baseline points="1325,1970 1370,1973 1415,1970 1460,1970 1505,1973 1549,1973 1594,1970 1639,1973 1684,1976 1728,1976 1773,1976 1818,1973 1863,1973 1908,1976 1952,1973 1997,1976 2042,1973 2087,1973 2132,1973 2176,1973 2221,1973 2266,1973 2311,1973 2356,1973 2400,1970 2412,1973"/><TextEquiv><Unicode>la seconde jupe, découpée à dents, est ornée de ve¬</Unicode></TextEquiv></TextLine><TextLine id="r_3_tl_9" custom="readingOrder {index:9;}"><Coords points="1321,2040 2409,2040 2380,1988 1321,1990"/><Baseline points="1328,2027 1373,2027 1418,2021 1463,2027 1508,2027 1552,2027 1597,2027 1642,2027 1687,2027 1731,2027 1776,2027 1821,2027 1866,2027 1911,2027 1955,2027 2000,2027 2045,2027 2090,2027 2135,2027 2179,2027 2224,2027 2269,2027 2314,2027 2359,2027 2403,2027 2412,2030"/><TextEquiv><Unicode>lours; les manches, à doubtless volants, sont faites de</Unicode></TextEquiv></TextLine><TextLine id="r_3_tl_10" custom="readingOrder {index:10;}"><Coords points="1321,2086 2409,2095 2409,2038 1321,2039"/><Baseline points="1328,2081 1373,2078 1418,2081 1463,2078 1508,2081 1552,2081 1597,2081 1642,2081 1687,2081 1731,2081 1776,2081 1821,2081 1866,2081 1911,2081 1955,2081 2000,2081 2045,2081 2090,2081 2135,2081 2179,2081 2224,2081 2269,2081 2314,2081 2359,2081 2403,2084 2412,2084"/><TextEquiv><Unicode>même que la seconde jupe; le fichu Marie-Antoinette,</Unicode></TextEquiv></TextLine><TextLine id="r_3_tl_11" custom="readingOrder {index:11;}"><Coords points="1311,2156 2408,2150 2408,2094 1311,2097"/><Baseline points="1319,2132 1364,2132 1409,2132 1454,2132 1499,2132 1543,2132 1588,2132 1633,2135 1678,2135 1723,2135 1767,2135 1812,2135 1857,2135 1902,2135 1946,2135 1991,2135 2036,2135 2081,2135 2126,2135 2170,2135 2215,2135 2260,2135 2305,2135 2350,2135 2394,2135 2412,2135"/><TextEquiv><Unicode>noué par derrière, de même étoffe que la robe, est</Unicode></TextEquiv></TextLine><TextLine id="r_3_tl_12" custom="readingOrder {index:12;}"><Coords points="1318,2193 2407,2198 2379,2143 1318,2157"/><Baseline points="1325,2185 1370,2188 1415,2188 1460,2185 1505,2188 1549,2188 1594,2188 1639,2185 1684,2185 1728,2188 1773,2188 1818,2188 1863,2188 1908,2188 1952,2188 1997,2188 2042,2188 2087,2188 2132,2188 2176,2185 2221,2188 2266,2188 2311,2188 2356,2185 2400,2182 2409,2185"/><TextEquiv><Unicode>aussi garni de velours ; chemisette suisse; manches</Unicode></TextEquiv></TextLine><TextLine id="r_3_tl_13" custom="readingOrder {index:13;}"><Coords points="1321,2254 2412,2252 2412,2199 1321,2201"/><Baseline points="1328,2242 1373,2242 1418,2242 1463,2242 1508,2242 1552,2239 1597,2242 1642,2242 1687,2242 1731,2242 1776,2242 1821,2242 1866,2242 1911,2242 1955,2242 2000,2242 2045,2242 2090,2242 2135,2242 2179,2242 2224,2239 2269,2242 2314,2242 2359,2242 2403,2242 2415,2242"/><TextEquiv><Unicode>bouillons à poignets brodés ; chapeau Louis XIII en</Unicode></TextEquiv></TextLine><TextLine id="r_3_tl_14" custom="readingOrder {index:14;}"><Coords points="1321,2320 2060,2306 2060,2274 1981,2256 1321,2254"/><Baseline points="1328,2296 1373,2293 1418,2293 1463,2296 1508,2296 1552,2296 1597,2296 1642,2296 1687,2296 1731,2296 1776,2296 1821,2296 1866,2296 1911,2296 1955,2296 2000,2296 2045,2296 2063,2296"/><TextEquiv><Unicode>paille guipure entouré d’une plume.</Unicode></TextEquiv></TextLine><TextLine id="r_3_tl_15" custom="readingOrder {index:15;}"><Coords points="2101,2349 2123,2361 2209,2354 2287,2370 2332,2360 2367,2374 2408,2353 2408,2316 2337,2304 2322,2319 2246,2306 2208,2317 2171,2298 2156,2306 2132,2290 2099,2293"/><Baseline points="2108,2347 2144,2347 2188,2347 2233,2347 2278,2350 2323,2350 2368,2350 2412,2344"/><TextEquiv><Unicode>Robe de pope¬</Unicode></TextEquiv></TextLine><TextLine id="r_3_tl_16" custom="readingOrder {index:16;}"><Coords points="1366,2365 2032,2367 2032,2315 2001,2306 1933,2326 1892,2301 1836,2323 1366,2309"/><Baseline points="1373,2347 1418,2347 1463,2347 1508,2350 1552,2347 1597,2350 1642,2350 1687,2347 1731,2350 1776,2350 1821,2350 1866,2350 1911,2350 1955,2350 2000,2350 2036,2350"/><TextEquiv><Unicode>Petite fille de trois à quatre ans.</Unicode></TextEquiv></TextLine><TextLine id="r_3_tl_17" custom="readingOrder {index:17;}"><Coords points="1311,2412 2400,2428 2400,2360 1311,2361"/><Baseline points="1319,2400 1364,2400 1409,2400 1454,2403 1499,2403 1543,2403 1588,2403 1633,2403 1678,2403 1723,2403 1767,2403 1812,2403 1857,2403 1902,2403 1946,2403 1991,2403 2036,2403 2081,2403 2126,2403 2170,2403 2215,2400 2260,2403 2305,2403 2350,2403 2394,2403 2403,2403"/><TextEquiv><Unicode>line grise ; de chaque côté de la jupe, deux velours</Unicode></TextEquiv></TextLine><TextLine id="r_3_tl_18" custom="readingOrder {index:18;}"><Coords points="1315,2461 2415,2467 2289,2408 1315,2416"/><Baseline points="1322,2454 1343,2454 1388,2454 1433,2457 1478,2457 1522,2457 1567,2457 1612,2457 1657,2457 1702,2457 1746,2457 1791,2457 1836,2457 1881,2457 1926,2457 1970,2457 2015,2457 2060,2457 2105,2457 2150,2457 2194,2457 2239,2454 2284,2454 2329,2457 2374,2457 2418,2451"/><TextEquiv><Unicode>n° 5 posés à plat, sont bordés par une rangée de bou¬</Unicode></TextEquiv></TextLine><TextLine id="r_3_tl_19" custom="readingOrder {index:19;}"><Coords points="1318,2508 2415,2523 2415,2467 1318,2475"/><Baseline points="1325,2508 1370,2508 1415,2508 1460,2508 1505,2508 1549,2511 1594,2511 1639,2511 1684,2511 1728,2511 1773,2508 1818,2511 1863,2511 1908,2511 1952,2511 1997,2511 2042,2508 2087,2508 2132,2508 2176,2511 2221,2511 2266,2511 2311,2508 2356,2511 2400,2508 2418,2511"/><TextEquiv><Unicode>tons grelots; le corsage, mi-décolleté et à basques, est</Unicode></TextEquiv></TextLine><TextLine id="r_3_tl_20" custom="readingOrder {index:20;}"><Coords points="1321,2581 2400,2575 2363,2519 1321,2533"/><Baseline points="1328,2571 1373,2565 1418,2562 1463,2565 1508,2565 1552,2562 1597,2562 1642,2562 1687,2562 1731,2565 1776,2565 1821,2565 1866,2565 1911,2565 1955,2565 2000,2565 2045,2565 2090,2565 2135,2565 2179,2565 2224,2565 2269,2562 2314,2565 2359,2562 2403,2559"/><TextEquiv><Unicode>garni du même velours et des mêmes boutons ; les man-</Unicode></TextEquiv></TextLine><TextLine id="r_3_tl_21" custom="readingOrder {index:21;}"><Coords points="1321,2623 2405,2623 2374,2572 1321,2579"/><Baseline points="1328,2618 1334,2615 1379,2615 1424,2615 1469,2615 1513,2618 1558,2618 1603,2618 1648,2618 1693,2618 1737,2618 1782,2618 1827,2618 1872,2618 1917,2618 1961,2618 2006,2618 2051,2618 2096,2615 2141,2615 2185,2615 2230,2615 2275,2615 2320,2615 2365,2615 2409,2615"/><TextEquiv><Unicode>ches se composent d’un bouillon terminé par un volant.</Unicode></TextEquiv></TextLine><TextLine id="r_3_tl_22" custom="readingOrder {index:22;}"><Coords points="1370,2685 2034,2682 2032,2629 2003,2623 1935,2649 1836,2627 1369,2633"/><Baseline points="1376,2666 1421,2669 1466,2669 1511,2672 1555,2669 1600,2669 1645,2669 1690,2669 1734,2672 1779,2672 1824,2669 1869,2669 1914,2669 1958,2672 2003,2672 2036,2669"/><TextEquiv><Unicode>Petite fille de sept à huit ans.</Unicode></TextEquiv></TextLine><TextLine id="r_3_tl_23" custom="readingOrder {index:23;}"><Coords points="2101,2685 2121,2695 2139,2681 2198,2673 2235,2684 2283,2674 2400,2685 2401,2627 2099,2640"/><Baseline points="2108,2666 2153,2669 2197,2666 2242,2669 2287,2669 2332,2669 2376,2669 2406,2669"/><TextEquiv><Unicode>Robe en étoffe</Unicode></TextEquiv></TextLine><TextLine id="r_3_tl_24" custom="readingOrder {index:24;}"><Coords points="1315,2742 2415,2730 2415,2684 1315,2688"/><Baseline points="1322,2723 1367,2723 1412,2723 1457,2723 1502,2723 1546,2723 1591,2723 1636,2723 1681,2723 1726,2723 1770,2723 1815,2723 1860,2720 1905,2723 1949,2723 1994,2723 2039,2723 2084,2720 2129,2720 2173,2720 2218,2720 2263,2723 2308,2720 2353,2723 2397,2723 2418,2726"/><TextEquiv><Unicode>laine et soie, à deux jupes; sur la première jupe sont</Unicode></TextEquiv></TextLine><TextLine id="r_3_tl_25" custom="readingOrder {index:25;}"><Coords points="1325,2797 2402,2785 2402,2730 1326,2740"/><Baseline points="1334,2780 1376,2777 1421,2774 1466,2777 1511,2777 1555,2774 1600,2777 1645,2774 1690,2777 1734,2777 1779,2774 1824,2777 1869,2774 1914,2774 1958,2771 2003,2774 2048,2774 2093,2774 2138,2774 2182,2774 2227,2774 2272,2774 2317,2777 2362,2777 2406,2777"/><TextEquiv><Unicode>posées, tout autour, des bandes de moire antique de</Unicode></TextEquiv></TextLine><TextLine id="r_3_tl_26" custom="readingOrder {index:26;}"><Coords points="1315,2856 2405,2837 2364,2786 1315,2795"/><Baseline points="1322,2830 1334,2830 1379,2830 1424,2830 1469,2830 1513,2830 1558,2830 1603,2830 1648,2830 1693,2827 1737,2827 1782,2827 1827,2827 1872,2827 1917,2827 1961,2827 2006,2824 2051,2827 2096,2827 2141,2827 2185,2827 2230,2827 2275,2827 2320,2827 2365,2827 2409,2821"/><TextEquiv><Unicode>même couleur que la robe et bordées par une petite ru¬</Unicode></TextEquiv></TextLine><TextLine id="r_3_tl_27" custom="readingOrder {index:27;}"><Coords points="1323,2897 2408,2900 2364,2841 1323,2855"/><Baseline points="1331,2881 1376,2884 1421,2884 1466,2884 1511,2884 1555,2884 1600,2884 1645,2884 1690,2884 1734,2881 1779,2881 1824,2884 1869,2884 1914,2884 1958,2884 2003,2881 2048,2884 2093,2884 2138,2884 2182,2884 2227,2884 2272,2884 2317,2881 2362,2881 2406,2884 2412,2884"/><TextEquiv><Unicode>che de ruban; le revers du corsage, les basques et les</Unicode></TextEquiv></TextLine><TextLine id="r_3_tl_28" custom="readingOrder {index:28;}"><Coords points="1321,2941 2405,2955 2405,2913 2317,2896 1321,2900"/><Baseline points="1328,2938 1373,2938 1418,2938 1463,2938 1508,2938 1552,2938 1597,2938 1642,2938 1687,2935 1731,2935 1776,2935 1821,2935 1866,2935 1911,2938 1955,2938 2000,2935 2045,2938 2090,2935 2135,2935 2179,2935 2224,2938 2269,2938 2314,2938 2359,2938 2403,2941 2409,2941"/><TextEquiv><Unicode>doubles manches pagodes, ont le même ornement;</Unicode></TextEquiv></TextLine><TextLine id="r_3_tl_29" custom="readingOrder {index:29;}"><Coords points="1321,3002 2412,3000 2412,2954 1321,2959"/><Baseline points="1328,2992 1340,2992 1385,2992 1430,2992 1475,2992 1519,2992 1564,2992 1609,2989 1654,2989 1699,2989 1743,2989 1788,2989 1833,2992 1878,2989 1923,2992 1967,2992 2012,2992 2057,2989 2102,2989 2147,2989 2191,2989 2236,2992 2281,2989 2326,2989 2371,2992 2415,2989"/><TextEquiv><Unicode>sur la poitrine le vide laissé par les deux revers est</Unicode></TextEquiv></TextLine><TextLine id="r_3_tl_30" custom="readingOrder {index:30;}"><Coords points="1321,3055 2412,3055 2398,3000 1321,3018"/><Baseline points="1328,3045 1340,3045 1385,3045 1430,3042 1475,3042 1519,3042 1564,3042 1609,3042 1654,3042 1699,3042 1743,3042 1788,3045 1833,3045 1878,3045 1923,3045 1967,3045 2012,3045 2057,3045 2102,3045 2147,3045 2191,3045 2236,3045 2281,3045 2326,3045 2371,3045 2415,3042"/><TextEquiv><Unicode>rempli de petites traverses de ruban ruché. Col avec</Unicode></TextEquiv></TextLine><TextLine id="r_3_tl_31" custom="readingOrder {index:31;}"><Coords points="1326,3105 2412,3110 2412,3054 1326,3065"/><Baseline points="1334,3096 1340,3099 1385,3096 1430,3096 1475,3096 1519,3096 1564,3099 1609,3099 1654,3099 1699,3099 1743,3099 1788,3099 1833,3099 1878,3099 1923,3099 1967,3099 2012,3099 2057,3099 2102,3099 2147,3099 2191,3099 2236,3099 2281,3096 2326,3096 2371,3096 2415,3093"/><TextEquiv><Unicode>chemisette composés d’entre-deux de valencienne et</Unicode></TextEquiv></TextLine><TextLine id="r_3_tl_32" custom="readingOrder {index:32;}"><Coords points="1321,3157 1503,3170 1555,3158 1571,3174 1636,3161 1636,3107 1582,3124 1550,3113 1515,3120 1478,3103 1434,3124 1400,3107 1377,3122 1342,3109 1321,3125"/><Baseline points="1328,3153 1373,3153 1418,3153 1463,3153 1508,3153 1552,3153 1597,3153 1639,3156"/><TextEquiv><Unicode>de bouillonnés.</Unicode></TextEquiv></TextLine><TextLine id="r_3_tl_33" custom="readingOrder {index:33;}"><Coords points="1366,3214 2402,3214 2402,3162 2320,3153 1366,3159"/><Baseline points="1373,3204 1376,3204 1421,3207 1466,3207 1511,3207 1555,3207 1600,3207 1645,3207 1690,3210 1734,3207 1779,3207 1824,3210 1869,3210 1914,3207 1958,3207 2003,3207 2048,3207 2093,3204 2138,3204 2182,3201 2227,3201 2272,3201 2317,3198 2362,3198 2406,3198"/><TextEquiv><Unicode>Petit garçon de quatre ans. —Blouse écossaise en drap</Unicode></TextEquiv></TextLine><TextLine id="r_3_tl_34" custom="readingOrder {index:34;}"><Coords points="1318,3264 2228,3262 2379,3253 2398,3214 1319,3211"/><Baseline points="1325,3251 1370,3251 1415,3254 1460,3257 1505,3254 1549,3254 1594,3254 1639,3254 1684,3254 1728,3254 1773,3254 1818,3254 1863,3254 1908,3254 1952,3251 1997,3251 2042,3251 2087,3248 2132,3248 2176,3245 2221,3245 2266,3242 2311,3239 2356,3239 2400,3239"/><TextEquiv><Unicode>léger, garnie, dans le bas, d’une bande de moire an¬</Unicode></TextEquiv></TextLine><TextLine id="r_3_tl_35" custom="readingOrder {index:35;}"><Coords points="1318,3307 2348,3303 2389,3251 1318,3264"/><Baseline points="1325,3296 1361,3299 1406,3299 1451,3302 1496,3302 1540,3302 1585,3302 1630,3302 1675,3302 1720,3302 1764,3299 1809,3299 1854,3299 1899,3299 1943,3299 1988,3296 2033,3296 2078,3290 2123,3290 2167,3290 2212,3287 2257,3287 2302,3287 2347,3284 2391,3284"/><TextEquiv><Unicode>tique, ainsi que le bas des manches ; écharpe écos¬</Unicode></TextEquiv></TextLine><TextLine id="r_3_tl_36" custom="readingOrder {index:36;}"><Coords points="1321,3355 1559,3390 2076,3339 2389,3362 2382,3290 1322,3309"/><Baseline points="1328,3347 1364,3347 1409,3347 1454,3347 1499,3347 1543,3347 1588,3347 1633,3347 1678,3347 1723,3347 1767,3347 1812,3341 1857,3344 1902,3344 1946,3341 1991,3338 2036,3338 2081,3332 2126,3332 2170,3332 2215,3332 2260,3332 2305,3332 2350,3332 2394,3326"/><TextEquiv><Unicode>saise mise en sautoir ; chaussettes également écos¬</Unicode></TextEquiv></TextLine><TextLine id="r_3_tl_37" custom="readingOrder {index:37;}"><Coords points="1321,3401 1342,3413 1388,3398 1403,3399 1417,3412 1436,3406 1459,3413 1459,3368 1415,3360 1404,3365 1381,3353 1367,3360 1321,3355"/><Baseline points="1328,3395 1373,3392 1418,3392 1463,3395"/><TextEquiv><Unicode>saises.</Unicode></TextEquiv></TextLine><TextLine id="r_3_tl_38" custom="readingOrder {index:38;}"><Coords points="1369,3450 2378,3436 2397,3390 1370,3402"/><Baseline points="1376,3440 1415,3440 1460,3440 1505,3437 1549,3437 1594,3437 1639,3437 1684,3437 1728,3434 1773,3434 1818,3431 1863,3431 1908,3428 1952,3428 1997,3428 2042,3425 2087,3422 2132,3422 2176,3422 2221,3422 2266,3422 2311,3422 2356,3425 2400,3428"/><TextEquiv><Unicode>Tous ces charmants costumes nous viennent de la</Unicode></TextEquiv></TextLine><TextLine id="r_3_tl_39" custom="readingOrder {index:39;}"><Coords points="1318,3499 2401,3483 2365,3429 1319,3457"/><Baseline points="1325,3481 1328,3484 1373,3487 1418,3484 1463,3484 1508,3481 1552,3481 1597,3478 1642,3481 1687,3481 1731,3478 1776,3478 1821,3475 1866,3475 1911,3472 1955,3472 2000,3472 2045,3472 2090,3469 2135,3469 2179,3469 2224,3469 2269,3469 2314,3469 2359,3472 2403,3469"/><TextEquiv><Unicode>maison Hayez, qui le mois dernier t’a déjà envoyé de</Unicode></TextEquiv></TextLine><TextLine id="r_3_tl_40" custom="readingOrder {index:40;}"><Coords points="1311,3538 1646,3531 1646,3488 1611,3501 1544,3498 1534,3487 1464,3499 1422,3490 1407,3502 1352,3491 1311,3510"/><Baseline points="1319,3529 1334,3529 1379,3529 1424,3529 1469,3529 1513,3529 1558,3526 1603,3523 1648,3526"/><TextEquiv><Unicode>si jolies choses.</Unicode></TextEquiv></TextLine><TextLine id="r_3_tl_41" custom="readingOrder {index:41;}"><Coords points="1371,3579 2068,3579 2105,3575 2106,3524 1746,3512 1371,3542"/><Baseline points="1379,3574 1391,3574 1436,3574 1481,3574 1525,3571 1570,3571 1615,3568 1660,3568 1705,3568 1749,3565 1794,3562 1839,3562 1884,3562 1929,3559 1973,3562 2018,3562 2063,3562 2108,3562"/><TextEquiv><Unicode>Voilà qui est fait? Non ! Et le rebus !</Unicode></TextEquiv></TextLine><TextLine id="r_3_tl_42" custom="readingOrder {index:42;}"><Coords points="1503,3626 1643,3649 1896,3615 2172,3635 2221,3631 2223,3575 1503,3593"/><Baseline points="1511,3622 1555,3622 1600,3622 1645,3619 1690,3619 1734,3616 1779,3616 1824,3616 1869,3613 1914,3613 1958,3616 2003,3616 2048,3613 2093,3616 2138,3616 2182,3619 2224,3622"/><TextEquiv><Unicode>Tel se plaint qui n'a point de mal.</Unicode></TextEquiv></TextLine><TextLine id="r_3_tl_43" custom="readingOrder {index:43;}"><Coords points="1359,3678 2394,3689 2394,3646 2226,3623 1359,3639"/><Baseline points="1367,3672 1412,3675 1457,3675 1502,3675 1546,3672 1591,3672 1636,3672 1681,3672 1726,3670 1770,3670 1815,3667 1860,3667 1905,3667 1949,3667 1994,3670 2039,3670 2084,3670 2129,3672 2173,3672 2218,3672 2263,3675 2308,3675 2353,3678 2397,3678"/><TextEquiv><Unicode>Pour le coup, je n’oublie rien. Adieu, ma Florence.</Unicode></TextEquiv></TextLine><TextLine id="r_3_tl_44" custom="readingOrder {index:44;}"><Coords points="1318,3733 2402,3726 2345,3682 1318,3690"/><Baseline points="1325,3726 1331,3726 1376,3723 1421,3723 1466,3720 1511,3720 1555,3717 1600,3717 1645,3714 1690,3714 1734,3714 1779,3714 1824,3714 1869,3714 1914,3714 1958,3714 2003,3714 2048,3717 2093,3717 2138,3720 2182,3720 2227,3723 2272,3720 2317,3723 2362,3723 2406,3717"/><TextEquiv><Unicode>Adieu, le doux mot ! Je ne le dis point qu’il ne m’at¬</Unicode></TextEquiv></TextLine><TextLine id="r_3_tl_45" custom="readingOrder {index:45;}"><Coords points="1321,3786 2397,3779 2387,3730 1321,3733"/><Baseline points="1328,3768 1373,3768 1418,3768 1463,3765 1508,3762 1552,3762 1597,3762 1642,3762 1687,3759 1731,3759 1776,3759 1821,3762 1866,3762 1911,3762 1955,3762 2000,3762 2045,3765 2090,3765 2135,3768 2179,3768 2224,3771 2269,3771 2314,3771 2359,3768 2400,3768"/><TextEquiv><Unicode>tendrisse. C’est que je ne le dis point que je n’y songe</Unicode></TextEquiv></TextLine><TextLine id="r_3_tl_46" custom="readingOrder {index:46;}"><Coords points="1323,3824 2400,3835 2400,3776 2339,3772 1323,3786"/><Baseline points="1331,3813 1373,3816 1418,3813 1463,3810 1508,3810 1552,3807 1597,3807 1642,3807 1687,3807 1731,3807 1776,3807 1821,3807 1866,3807 1911,3807 1955,3810 2000,3810 2045,3813 2090,3816 2135,3816 2179,3816 2224,3816 2269,3816 2314,3816 2359,3816 2403,3810"/><TextEquiv><Unicode>et remette entre les mains de Dieu celui auquel je</Unicode></TextEquiv></TextLine><TextLine id="r_3_tl_47" custom="readingOrder {index:47;}"><Coords points="1319,3877 1381,3887 1429,3875 1458,3882 1480,3905 1519,3911 1525,3818 1425,3830 1397,3820 1378,3831 1322,3824"/><Baseline points="1328,3864 1346,3864 1391,3861 1436,3858 1481,3855 1525,3855"/><TextEquiv><Unicode>l’adresse!</Unicode></TextEquiv></TextLine><TextEquiv><Unicode></Unicode></TextEquiv></TextRegion></Page></PcGts>