2840 4318
1267 202 1331 305 41
147 291 1245 374 limites de sa spécialité ; mais là aussi devrait com¬
141 369 1250 424 mencer la sollicitude clairvoyante d’une mère. J’ai
141 417 1249 485 toujours éprouvé une sensation pénible en écoutant
144 475 1245 539 des voix fraiches et chastes chanter des paroles ridi¬
147 523 1245 593 cules, si ce n’est pire encore, sur d’admirables notes
147 578 1250 645 où le génie a déposé souvent son souffle divin. Ceci
144 643 1252 711 se passe dans tous les salons sans qu’on y trouve à
150 690 1243 758 reprendre, tant la légèreté des habitudes est conta-
154 746 1250 807 gieuse, tant elle obscurcit les meilleurs jugements :
144 811 1252 858 entraîné par la routine, on ne réfléchit pas : on imite.
190 853 1260 911 » Dans les maisons les plus honorables, les pianos
150 909 1253 965 sont encombrés de compositions lyriques dont la
141 963 1249 1024 niaiserie sentimentale est le moindre défaut; de duos
150 1013 1248 1074 étranges, offrant l’assortiment de la platitude des
159 1077 1248 1142 vers et du scandale des mots. Oh! combien j’engage
147 1130 1261 1182 à abjurer cette indifférence!... Si l’on savait ce qu’ on
147 1184 1261 1260 ôte à la candeur, ce qu’on livre au hasard, cequ’ on
159 1237 1253 1303 perd en inspirations hautes et puissantes, on com¬
154 1295 1255 1353 prendrait que cette négligence peut s’appeler un mal¬
147 1346 1256 1408 heur. Le chant d’une jeune fille devrait avoir la
154 1414 1243 1481 pureté d’une prière, sa jolie bouche ne devrait s’ou-
159 1451 1253 1519 vrir que pour proférer des mots dignes d’un cœur
147 1508 999 1571 sans tache et d’une vie de séraphin...... »
1382 286 2438 388 Qui n’applaudirait à la justesse de ces réflexions?
1334 383 2440 441 A ces avis, qui regardent surtout l’éducation des jeu-
1346 427 2445 496 nes personnes, madame Thierry a ajouté un chapitre
1341 485 2445 556 sur la direction des garçons; on y reconnaît la mère
1335 541 2438 611 intelligente et dévouée. Quelques lettres, adressées
1342 593 2438 658 à une jeune fille, remplies de bons conseils, de gra¬
1347 649 2448 718 cieux details, terminent l’ouvrage, qui mérite une
1345 697 2438 765 place distinguée parmi les écrits sur l’éducation,
1345 756 2454 825 excellents et nombreux, dont la France a doté les
1342 807 2444 876 mères. Après madame de Genlis, madame Campan,
1342 868 2438 922 madame de Rémusat, madame Guizot, madane Tas¬
1345 911 2454 976 tu, les Simples Conseils de madame Thierry seront
1343 968 2452 1049 lus avec plaisir, médités avec fruit, car, à chaque
1347 1030 2448 1088 page, on retrouvera l’impression d’une expérience
1352 1084 2454 1144 personnelle, toujours si précieuse. Nous voudrions
1343 1145 2448 1212 seulement que ce bon livre fût rédigé avec plus de
1342 1196 2454 1263 méthode; que l’auteur classât et réunit les différents
1341 1252 2438 1307 chapitres qui traitent de l’instruction et de l'éduca-
1341 1293 2454 1375 tion, et nous espérons que, dans une seconde édition,
1342 1349 2451 1415 ce travail excellent gagnera encore en se présentant à
1343 1403 2451 1474 l’œil et à l’esprit du lecteur avec plus d’ordre et de
1346 1457 1510 1521 netteté.
2176 1512 2316 1590 M. F.
839 1709 1318 1876 OB ET
1324 1708 1396 1855 1
1512 1776 1550 1860 1
1590 1729 1774 1859 G
190 2272 1253 2330 Jeanne du Coudray, comtesse de Mauroy, avait eu
147 2325 1245 2389 pour sœur de lait Jeannette Lebègue, femme Duval,
147 2384 1242 2444 et quelque différentes que, naturellement, leurs desti-
147 2437 1255 2498 nées eussent dû être, la noble comtesse et l’humble
146 2486 1077 2551 ouvrière s’étaient gardé une amitié sincère.
190 2538 1250 2602 Il est vrai que les deux jeunes filles avaient grandi
148 2595 1250 2669 ensemble sur les vastes pelouses du château du
147 2651 1248 2712 Coudray, dont le parc se déroule en immense éven¬
141 2700 1242 2774 tail, touffu, moussu, fleuri, du sommet de la colline,
144 2761 1245 2814 où sont situés le château et le village, jusque sur les
141 2811 1242 2874 bords de la Seine, un peu au-dessus de la petite ville
140 2863 376 2931 de Corbeil.
186 2924 1252 2976 Et non-seulement leurs membres souples et agiles
147 2978 1245 3036 s’étaient développés aux mêmes lieux, non-seulement
150 3028 1245 3086 leurs jeunes regards s’étaient ouverts aux mêmes
159 3087 1246 3145 spectacles et leurs oreilles aux mêmes sons, toutes
154 3140 1242 3195 coïncidences dont l’esprit et le cœur gardent à ja¬
159 3195 1246 3252 mais le souvenir, et qui fournissent, pour toute la
154 3236 1245 3302 durée de l’existence, aux charmants et éternels
157 3291 1245 3357 t’en souviens-tu? mais encore madame la baronne
158 3346 1239 3428 du Coudray avait voulu, un peu pour le bien de Jean¬
154 3403 1238 3474 nette, un peu pour donner à Jeanne de l’émulation,
154 3473 1242 3535 que les sœurs de lait partageassent, non pas toutes,
154 3524 1249 3582 mais presque toutes les mêmes leçons; encore, n’en
146 3565 1245 3642 aurait-elle excepté aucune, si la mère nourrice, qui
146 3622 1238 3699 recevait de telles faveurs avec la sincère recon¬
147 3680 1238 3746 naissance qu’elles méritaient, ne s’était cependant,
150 3736 1248 3789 respectueusement mais formellement opposée à ce que
147 3789 1245 3855 Jeannette participât à celles de ces leçons qui étaient
159 3836 932 3919 consacrées à la musique et au dessin.
1601 1955 2210 2034 Tout ce que vous donnerez an
1496 2013 2200 2097 nom de mon Père vous sera compté
1490 2067 1779 2145 dans les cieux !
1386 2273 2445 2334 « Le reste est bon, avait dit, ou à peu près, la judi¬
1335 2336 2444 2398 cieuse paysanne ; aujourd’hui le savoir est une manne
1335 2389 2438 2452 dont chacun doit récolter sa part; qui plus, qui moins;
1335 2445 2444 2508 et c’est par ce moyen que l’amélioration pénètre dans
1335 2492 2438 2556 tous les corps d’état; chez le laboureur aussi bien que
1332 2549 2440 2609 chez l’ouvrier ; que laboureurs et ouvriers s’instruisent
1335 2603 2430 2670 donc! Lire, écrire, compter, un peu de géographie,
1338 2656 2426 2728 un peu d’histoire, très-bien ! Cela est utile et agréable
1329 2717 2438 2766 et ça n’empêche pas qu’on apprenne un métier ni
1335 2764 2433 2821 qu’on l’exerce avec cœur ; le chant c’est encore bon ;
1338 2817 2438 2881 la jeunesse qui se réunit pour chanter ne pense pas à
1329 2876 2441 2942 mal ; le chant donne envie de prier, quand il n’est pas
1329 2932 2422 2986 lui-même une prière; mais le piano, mais Ie des
1332 2983 2441 3048 sin, c’est de ça que nous n’avons que faire ! Chez
1332 3037 2433 3091 celles des filles pauvres qui n’en savent qu’un peu, ce
1338 3093 2431 3155 peu suffit pour leur tourner la tête, et faire prendre
1335 3138 2422 3205 en pitié l’ouvrier qui est leur père, et la blanchis-
1329 3190 2420 3254 seuse hâlée qui est leur mère; chez celles qui par-
1335 3248 2426 3317 viennent à en savoir beaucoup, ça peut bien ne pas
1328 3298 2430 3363 corrompre le cœur; j’ai entendu dire que le vrai
1331 3344 2426 3424 savoir et l’honnêteté marchent souvent de pair! mais
1328 3421 2420 3479 ça produit un autre effet, ça leur donne soif de renom¬
1329 3473 2426 3522 mée, ça fait danser devant leurs yeux, cent et cent
1329 3520 2420 3581 rêves, cruels follets à la poursuite desquels elles s’é¬
1329 3572 2427 3633 lancent, eux fuyant toujours, elles ne cessant de les
1345 3631 2431 3692 poursuivre, jusqu’à ce qu’épuisées par les angoisses et
1329 3683 2423 3740 les faux espoirs, elles meurent à la peine ! Ici même,
1336 3741 2425 3801 pas plus tard qu’il y a deux ans, nous en avons eu un
1328 3784 2437 3852 triste exemple; allez voir ce qu’il y a d’écrit sur la
1329 3840 2199 3929 tombe de Louise, la fille de Jean Louis! »
