2840 4318
1179 238 1265 324 87
79 311 1201 399 étrangères, que la mode patronne depuis quelques
83 375 1187 458 années. Je ne puis voir sans peine, je l’avoue, une
83 432 1182 508 jeune fille suspendue à l’épaule d’un danseur, soute¬
73 498 1180 564 nue par son bras, tournoyant avec lui, sous son re-
73 547 1184 623 gard, sous son haleine... c’est un tableau qui me
68 603 1191 677 choque... Je vous prie d’y bien réfléchir et de vous
74 645 883 726 distinguer encore dans cette occasion.
117 677 1182 780 En dansant, ne regardez votre cavalier qu’à l’é¬
74 758 1162 824 paule : c’est le conseil d’un célèbre maître de danse.
68 819 1169 890 Si vous n’êtes pas très-sûre de votre mémoire, in¬
64 868 1172 934 scrivez vos engagements pour éviter les discussions :
71 924 1184 1000 elles n’ont jamais lieu en bonne compagnie, mais qui
74 973 1179 1040 peut répondre de tous ceux qu’il invite ? Ne deman¬
71 1028 1187 1106 dez aucun service à votre danseur, n’en faites ni
68 1086 1175 1167 un porte-flacon, ni un porte éventail, ni. un porté-
71 1140 1177 1207 mouchoir : ces petits soins que l’on réclame ont
74 1202 1184 1282 un air de coquetterie qu’il faut éviter. Également,
76 1251 1180 1322 en vous retirant, ne souffrez pas qu’un étranger s’oc-
74 1312 1192 1375 cupe de vous pour vous mettre votre sortie de bal, ou
83 1366 1179 1432 vous offrir votre écharpe ou votre capuchon. Ne cher-
76 1410 1174 1483 chez pas à attirer les regards, et vous serez modeste ;
69 1464 1172 1542 ne croyez pas les attirer, et vous n’éprouverez ni
74 1528 1189 1604 gêne ni embarras, en quelque lieu que vous vous
73 1574 269 1643 trouviez.
117 1598 1180 1714 Quand on passera les plateaux de rafraîchissements,
71 1694 1184 1761 servez-vous, mais avec modération, et quel que soit
66 1734 1184 1822 le choix de ces bonbons et de cet liqueurs, ne vous
83 1799 1179 1868 permettez jamais, à cet endroit, la critique ou le sar-
68 1854 1184 1915 casme. Croyez-moi, ma chère Albertine, il n’est pas
78 1903 1164 1986 difficile d’occuper dans le monde une place agréable
76 1952 1177 2047 il suffit pour cela d’une bonne dose de bienveillance
1287 306 2379 427 pour autrui, et d’un grand calme pour ses propres
1285 400 2374 490 prétentions. Si vous ne rencontriez pas toujours au-
1287 449 2369 532 tour de vous cette bienveillance polie que je vous
1278 490 2381 586 recommande, si vous trouviez sur votre chemin un
1278 549 2369 635 homme grossier, une femme mal élevée, ne dites
1280 615 2381 686 rien, ne vous plaignez pas : un regard surpris, une
1285 672 2378 751 indifférence complète sont la seule vengeance que
1280 724 2386 811 l’on puisse tirer d’un manque d‘égards ou d‒une in-
1278 768 1542 841 convenance.
1326 790 2385 888 Soyez attentive à saluer la première les femmes
1285 880 2385 958 que vous connaissez; si vous occupez un fauteuil à
1280 939 2386 1017 côté de la maîtresse de la maison, ne manquez pas
1278 974 2378 1067 de le céder à la femme qui arrivera après vous. Si
1283 1047 2378 1113 vous assistez à un concert, applaudissez quand la
1280 1101 2381 1170 maîtresse de la maison applaudit, mais ne louez les
1285 1152 2374 1223 talents que dans les femmes. Si, en dansant, votre
1280 1201 2381 1278 cavalier vous adresse la parole, répondez sans vous
1280 1263 2379 1344 animer; un air doux, un ton un peu froid sont fort
1278 1312 2378 1395 bien de mise. Enfin, retirez-vous comme vous êtes
1280 1376 2379 1454 entrée, doucement et sans désirer être aperçue ; saluez
1278 1424 2381 1505 en traversant les salons qui conduisent à l’anticham¬
1275 1469 2371 1564 bre, et là, si vous recevez quelque service d’un do-
1285 1537 2378 1599 mestique, remerciez-le poliment. Vous devez une
1280 1581 2072 1648 visite à la personne qui vous a invitée.
1331 1614 2378 1704 Voilà, mon enfant, quelques conseils sur ces fêtes
1275 1692 2379 1770 du monde, qui, vous l’éprouverez, ne valent pas,
1273 1739 2385 1831 dans leur magnificence, une fête du cœur, une feite de
1275 1804 2381 1885 famille. Je vous écrirai bientôt, et je suis à toujours,
1847 1880 2263 1969 Votre amie dévouée,
2060 1947 2187 2048 M. M.
849 2371 1601 2526 LE PROGRÈS MUSICAL.
552 2569 1912 2680 CATALOGUES GÉNÉRAUX DU PROGRÈS MUSICAL
1167 2702 1305 2812 No 3.
110 2847 1184 2915 Dans notre catalogue de ce mois-ci, qui contient une liste
83 2905 1187 2964 très-variée de morceaux de musique ; nous venons d’ajouter
76 2957 1189 3009 un quadrille qui sera une bonne fortune pour les amateurs
74 2999 1184 3057 de danse. Les Lanciers de la reine, de Leduc, seul quadrille
83 3048 1189 3126 dansé aux bals de la cour d’Angleterre et qui a produit un
83 3102 674 3170 effet de véritable enthousiasme.
1316 2854 2381 2911 Il est à remarquer que ce quadrille contient une nouvelle
1285 2900 2381 2959 théorie de figures à huit ou seize personnes, dont la nou¬
1280 2957 2376 3011 veauté et la grâce sont appelées à produire une révolution
1280 3003 2381 3074 dans le monde dansant; aussi les premiers professeurs en
1278 3052 1915 3131 font-ils moisson pour leurs élèves.
1289 3329 1758 3410 MUSIGALE.
719 3325 1207 3411 ÉDUCATION
292 3487 986 3573 MADEMOISELLE SONTAG,
459 3584 833 3710 (Troisième article.)
128 3700 1186 3788 L’union était si sincère entre ces deux coeurs in¬
90 3779 1184 3842 capables d’envie que mademoiselle Sontag avait pour
95 3825 1192 3889 confidente Malibran, sa rivale de théâtre; l’illustre
1272 3494 2378 3565 contralto fut pendant longtemps l’unique dépositaire
1272 3538 2376 3622 du secret de mademoiselle Sontag, et, malgré ce qu’on
1273 3595 2371 3666 dit du bavardage des femmes, jamais secret ne fut
1278 3658 2374 3717 mieux gardé. A Malibran seule, elle avoua sa préfé¬
1275 3714 2374 3778 rence cachée pour l’unique de ses admirateurs qu’elle
1280 3771 2371 3830 eût distingué, c’est-à-dire le comte Rossi, qui était
1275 3818 2364 3881 alors conseiller d'ambassade à la légation de Sar-
