2840 4318
1194 181 1273 280 91
74 292 1182 372 Le spectacle, le public, le lieu de la scène, tout était
76 334 348 406 enchanleur !
115 399 1186 475 Un autre spectacle, également peu commun, a été,
76 461 1186 521 aussi, donné aux Tuilerics : c'est la réception, par leurs
69 506 1186 586 majestés l’Empereur et l‘Impératrice, de Féruk-Khan,
69 565 566 631 ambassadeur de Perse.
117 625 1187 688 Cette ambassade a rappelé celle que prit au sérieux
69 673 1184 742 Louis XIV, sur le déclin de sa vie, en février 1715, et
67 743 1183 798 que, selon les mémoires du duc de Saint-Simon,
70 785 1187 853 Pontchartrain avait imaginée, pour faire sa cour au
76 837 1187 903 vieux roi ; avec cette différence que l'une n'était
72 896 1173 958 qu’un vain simulacre, payé à beaux deniers comptants,
76 950 1177 1012 tandis que celle-ci est la marque de la haute estime
63 1000 877 1057 dans laquelle on nous tient à Téhéran.
105 1055 1176 1120 Laissant de côté les envoyés birmans que je n'ai
72 1113 1169 1177 point encore vus, arrivons à l'analyse de nos plan¬
66 1172 1179 1232 ches. Ce sera d'ailleurs un moyen de transition, tel
62 1211 1169 1291 quel, pour passer de ces fêtes mondaines aux sérieu¬
66 1277 1175 1336 ses méditations qui doivent nous occuper aujourd'hui.
111 1332 1173 1391 1. et 2. PASSE ET FOND de bonnet pour enfant de trois
66 1375 1161 1444 à quatre ans. Cette forme, toute nouvelle, va admira¬
63 1439 1182 1501 blement ; car elle emboite la tête et contient très-bien
66 1489 1169 1560 les oreilles. Quant au dessin, il est des plus simples et
58 1546 1169 1610 se fait au plumetis. Je voulais à ce sujet, te parler
60 1599 1173 1668 d'une nouvelle manière de broder, appelée broderie à la
58 1659 1173 1717 minute. Le nom te dit assez combien ce nouveau genre
60 1710 1173 1772 doit aller vite ; en effet, en moins de deux heures
59 1773 1173 1828 tu peux te broder le plus beau col possible, imitant
58 1829 1169 1891 parfaitement le plumetis ; mais pourquoi, dois-tu dire,
63 1878 1169 1940 ne pas me donner tout de suite le mot de l’énigme?
58 1935 1163 1994 Par la simple raison qu'au moment de t'envoyer cette
60 1994 1166 2056 explication, qui m'a été transmise par madame Marie
56 2036 1166 2112 Soudant, j'ai compris qu'il fallait, pour te rendre la
58 2100 1166 2159 chose plus claire, que je joignisse sur notre planclie
66 2147 1176 2211 jaune quelques figures te représentant le détail de ma
58 2214 1176 2258 démonstration, et si je te dis un petit mot aujour¬
63 2259 1166 2331 d’hui de cette nouvelle découverte, c'est afin que tu
62 2308 1169 2383 saches de quoi on parle, dans le cas où le bruit en
58 2360 1161 2422 arriverait jusqu'à toi. Reprenons notre petit bon¬
51 2424 1170 2494 net. Tu le monteras, en faisant entrer les ronds et
63 2473 1169 2539 la pointe du fond dans les trois creux de la passe ; le
49 2544 1169 2609 tour, ainsi que dans les autres bonnets, est garni d'une
60 2589 1163 2651 petite dentelle, avec ou sans mélange de ruban. On
51 2644 1169 2709 revient aussi beaucoup aux doubtless ruches de tulle
58 2696 1161 2751 uni, et l'on a bien raison ; cela vaut mieux que ces
56 2752 1161 2807 masses de dentelles et de rubans sous lesquelles dis¬
63 2802 642 2868 paraissent ces petits minois.
93 2856 1161 2920 Pour ce bonnet, si l'on veut, on cachera la jonction
51 2906 1162 2976 de la passe au fond, par une toute petite dentelle, un
51 2970 1161 3026 peu tuyautée. Le croquis de ce bonnet se trouve au
58 3012 548 3094 verso de notre planche.
103 3070 455 3143 3, LA, plumetis.
98 3123 464 3195 4, BD, plumetis.
98 3181 634 3240 5, Théodorine, plumetis.
98 3234 1062 3305 6, SEMÉ, plumetis, pour bouillon, bonnet, etc.,
107 3279 811 3357 7, C L, plumetis simple ou feston.
98 3334 465 3402 8, L T, plumetis.
104 3382 458 3455 9, J L, plumetis.
122 3438 1154 3524 10, SEMÉ ayant le même emploi que celui du n°0,
66 3489 451 3559 plumetis et feston.
105 3546 1163 3632 11, COL A MÉDAILLONS; ce dessin se brode au plumetis
60 3607 1158 3680 sur mousseline. En plaçant du tulle crêpe dans le
62 3663 1159 3732 fond de chaque médaillon, la petite guirlande, qui
60 3716 1156 3791 serpente tout le long du col, pourrait être remplacée
63 3770 1159 3836 par un entre-deux de guipure ou de valencienne; ces
69 3822 1158 3888 derniers, comme solidité, sont préférables. Dans le
1188 3840 1197 3890 1
1284 273 2411 347 bord, les endroits pointillés indiquent les jours, ou la
1283 357 1973 424 place d'un tulle à réseaux variés.
1326 402 2155 464 12, BANDE POUR MANCHEZ assortic au col.
1324 464 1808 537 13, Augusta, plumetis.
1324 517 1853 600 14, ENTREDEUX, plumetis.
1329 576 1686 652 15, A P, enlacés.
1324 631 1717 707 16, II G, plumetis.
1324 691 2384 756 17, DEVANT D'UNE CHEMISE DE NUIT; ce dessin se brode
1273 750 2388 813 au plumetis avec mélange de valencienne ou de galon
1270 805 2376 867 de coton très-fin; sur les raies unies, entre les deux
1276 858 2365 917 points d'échelle, on pose une petite dentelle légère-
1269 905 1564 965 ment froncée.
1321 954 2376 1027 18, MANCHETTE pour la manche de la chemise.
1269 1003 2366 1094 Cette manchette, qui se renverse sur un poignet, se
1270 1064 1950 1132 borde de deux rangs de dentelle.
1318 1116 1801 1193 18 bis, M H, plumetis.
1311 1189 2353 1259 19, 20 et 21, VOLANTS GRADUÉS pour robe de mous¬
1273 1242 2352 1311 seline ; ce dessin, plumetis et feston, est très facile,
1266 1305 2369 1359 s'exécute très-promptement et produit un charmant
1267 1343 2370 1420 effet. Au lieu des pois, tu pourrais broder tout le
1264 1391 2366 1457 dessin (à part le feston) au métier, et tu verrais com¬
1263 1439 2367 1510 bien ton ouvrage marcherait plus vite. Pour l'ornement
1264 1506 2367 1581 du corsage, tu prendras le n° 19. Avant de com¬
1262 1564 2367 1623 mencer ce travail, qui, quelque habile que tu puisses
1267 1617 2365 1675 être, sera toujours assez long, je dois te dire que les
1257 1675 2370 1739 robes à deux ju es semblent vouloir l'emporter sur
1259 1725 2369 1783 les robes à volants ; il ne faut donc mettre les ciscaux
1259 1782 2362 1838 dans ta mousseline qu'après avoir réfléchi à laquelle
1262 1832 2365 1902 de ces deux robes lu donnes la préférence. Si tu me
1259 1891 2360 1946 faisais l'honneur de me consulter, je te dirais : Choisis
1259 1945 2362 2004 les doubtless jupes, c'est la fantaisie du moment ; si
1259 1991 2356 2067 la mode change de nouveau, ce dont personne ne
1264 2050 2359 2109 doute, rien ne t'empêchera de transformer les dou¬
1259 2108 2346 2176 bles jupes en une robe à volants, tandis que le con¬
1259 2161 1829 2230 traire ne serait pas faisable.
1321 2210 2359 2275 22, Sidonie ; si ce nom est destiné à un mouchoir à
1259 2269 2360 2327 vignettes, on pourrait broder les pois avec du coton de
1259 2317 1569 2386 deux couleurs.
1300 2373 2352 2433 23, ÉCUSSON AVEC COURONNE, renfermant les lettres
1255 2431 1957 2502 J. D, le tout au plumetis très-fin.
1300 2488 2359 2549 24, BAS DE JUPON; ce dessin, plumetis et feston,
1255 2535 2359 2596 doit se broder avec du coton un peu gros ; il demande
1252 2592 1658 2662 à être bien bourré.
1314 2643 2346 2702 25, BOUTONNIÈRE pour chemise d’homme, plumetis¬
1302 2696 1769 2771 20, Mithide, plumetis.
1293 2748 2346 2813 27, G L enlacés, pour marquer du linge de table.
1252 2810 2353 2865 Ainsi que je te l'ai déjà dit, ces sortes de chiffres se
1246 2865 2352 2924 brodent soit en rouge, soit eu blanc, mais ce que l'on
1255 2918 2126 2987 préfère, ce sont ces deux couleurs réunies.
1297 2965 2344 3032 28, Écusson pour mouchoir d’homme, renfermant
1246 3019 1937 3087 les lettres M H ; plumetis simple.
1308 3076 2344 3143 29, COL. PIERROT pour petit garçon de quatre à six
1249 3135 2346 3187 ans. Ce dessin se brode tout au plumetis, ou bien avec
1245 3178 2348 3246 un mélange de point de plume. Dans le cas où ce col
1246 3229 2337 3291 te semblerait un peu grand, tu pourrais supprimer le
1245 3285 2339 3364 dentelés du bord et terminer au premier feston formé
1246 3337 2344 3417 par les æillets; mais pour la solidité de l'ouvrage il
1246 3392 2108 3456 faudrait toujours finir par un petit feston.
1293 3452 1690 3524 305. V B, plumelis.
1287 3510 2337 3572 31, PETITE GARSITURE pour objets de layette et de
1241 3563 1465 3632 trousseau.
1293 3607 1673 3675 32, Ida, plumetis.
1287 3661 2328 3732 33, ENTRE-DEUX pour poignets de manches, orne¬
1241 3705 2342 3786 ments de robes d'enfant et devants de camisoles, etc.
1287 3779 2339 3837 34, QUART D'UN MOUCHOIR, plumetis, point de plume,
1249 3836 2341 3897 jours aux endroits indiqués et feston feuille de rose.
