2822 3966
1607 38 1723 145 152
534 108 1614 204 Romains tiraient leurs joueurs de flûte de l’Étrurie.
594 180 1619 264 On trouve dans les lois des Douze-Tables, instituées
534 231 1605 315 l'an 502 de Rome, que le maître des funérailles pou¬
546 295 1609 369 vait y employer dix joueurs de flûte. Au rapport
540 345 1609 425 d'Horace, Lucius fut le premier qui, vers l'an l'10,
544 399 1605 475 inventa à Rome une comédie dans laquelle on réci¬
541 452 1612 522 tait des vers sur le théâtre en les accompagnant par
541 509 1603 573 des joueurs de flûte, puis ensuite par des joueur,
541 555 1601 619 d’instruments à cordes. Sous le consulat d'Emilius.
536 609 1597 687 l'an de Rome 560, la musique parut avec plus d'éclat,
544 678 1595 743 et fut introduite dans les festins; on accorda alors
541 732 1605 801 des priviléges aux musiciens de tous les pays, qui
545 768 1121 834 viendraient s’établir à Rome.
573 836 1593 916 L'instrument triangulaire que les anciens appe¬
522 874 1596 966 laient trigone, et que quelques auteurs croient être le
522 947 1599 1008 même que la sambuca, correspond à la harpe mo¬
529 986 1593 1058 derne. La harpe d’ivoire à sept cordes était due
525 1043 1591 1114 aux Grecs, qui la négligèrent; mais les Romains la
525 1100 1392 1170 conservèrent longtemps dans les sacrifice.
567 1162 1582 1239 La lyre avait différents noms : lyra, phormynæ,
517 1204 1588 1285 chelys, barbiton, cithara. — Phormynæ, était un nom
525 1258 1595 1338 générique : il s'appliquait aussi à de grandes lyres
529 1330 1588 1393 qu’on portait sur le dos. — Le nombre des cordes de
519 1358 1582 1447 la lyre a beaucoup varié : celle d’Olympus et de Ther¬
529 1426 1581 1509 pandre n'en avait que trois. La lyre à sept cordes
519 1476 1582 1555 était la plus usitée. Simonide y ajouta une huitième
519 1530 1569 1618 corde. La lyre de l’Apollon d’Herculanum en a neuf.
561 1586 1572 1673 La lyre se touchait avec les doigts ou avec un petit
510 1634 1566 1714 instrument d’ivoi e appelé pecten, plectron ou plec¬
507 1699 1570 1787 trum. Il était plus habile de toucher la lyre sans plec¬
504 1750 1573 1829 trum. On en jouait aussi quelquefois avec les deux
504 1807 1570 1881 mains, ce qui s’appelait pincer en dedans et en de¬
507 1853 1573 1925 hors. Les Seythes, pour jouer du pentachorde, instru¬
506 1915 1576 1975 ment à cinq cordes, se servaient d'une mâchoire de
507 1952 1578 2045 chien au lieu du plectrum. La matière des montants
1703 151 2760 252 et de la table des lyres était de cornes d'animaux, de
1700 215 2478 283 bois de chêne, d’écaille de tortue, etc.
1741 272 2754 367 L'usage de la lyre l’emporta à la fin sur celui de la
1697 319 2746 403 flûte; quelquefois ces deux instruments s'accompa¬
1696 375 2751 456 gnaient l'un l'autre. Les noms d'Orphée, Plinus, Am¬
1699 430 2763 515 phion, Arion et Démodocus, joueurs de lyres, ont été
1699 472 2751 567 transmis à la postérité comme des noms d'artistes de
1699 522 2739 613 génie. Il ne faut pas oublier que les dons de la com¬
1691 582 2750 661 position musicale et de l'invention se confondaient
1687 625 2748 711 dans les mêmes artistes, qui, au reste, chantaient
1691 682 2752 766 en même temps, souvent leurs propres poésies. Tous
1684 729 2744 814 les Grecs apprenaient la musique, et à la fin ou au
1691 791 2744 871 commencement des repas, on chantait des chansons
1683 852 2740 928 appelées scholies. On passait la lyre de main en main,
1684 897 2744 970 et chacun chantait à son tour une strophe en s'accom¬
1692 948 2742 1033 pagnant; la lyre ayant, dans une semblable occasion,
1684 1001 2750 1082 passé à Thémistocle, qui ne put s'en servir, on jugea
1676 1048 2746 1121 qu'il n'avait pas d'éducation. Le mot amousikos, sans
1678 1108 2733 1185 musique, signifiait un homme sans goût, sans éduca¬
1676 1159 2733 1258 tion, comme on dit parmi nous un homme sans let¬
1669 1192 1957 1274 tres : illettré.
1718 1254 2733 1336 Les joueurs de lyre se nommaient lyristes, citha¬
1664 1308 2271 1378 ristes; les femmes, psaltriai.
1714 1370 2743 1440 La cithare était une petite lyre qui fut aussi appelée
1665 1411 2735 1485 chélys : on en pinçait les cordes avec les doigts, sans
1666 1477 2732 1553 employer le plectrum. On appelait cithariste le joueur
1666 1515 2732 1589 de lyre qui ne s’accompagnait pas de la voix, et ci¬
1664 1570 2729 1638 tharæde celui qui ne jouait de la lyre qu'en chan¬
1668 1631 2732 1703 tant. Les citharædes disputaient les couronnes dans
1664 1666 2724 1753 les jeux pythiens et delphiens. La tunique de ces mu¬
1665 1733 2728 1803 siciens descendait jusqu’au talon comme celle des
1658 1777 2727 1849 femmes : ils paraissaient aussi sur le théâtre avec des
1657 1834 2720 1908 chaussures de femme. Leur coiffure était très-re¬
1662 1880 2724 1958 cherchée, et ils portaient, contre l’usage ordinaire,
1662 1944 2725 2022 des cheveux longs et bouclés, ceints d'une couronne
1651 1988 2186 2054 de laurier ou même d’or.
2271 2003 2631 2068 MARIE LASSAVEUR.
1219 2182 1977 2303 Revue Musicale.
534 2347 1555 2439 Nous ne sommes pas de ces rigoristes austères qui pré¬
490 2416 1563 2485 tendent qu’on doit toujours prendre la vie de son côté le
496 2462 1565 2539 plus sérieux ; nous admettons et nous aimons autant que
495 2505 1563 2583 personne les plaisirs honnêtes, les disiractions de bon goût,
487 2554 1561 2627 et tout ce petit cortége de gais sourires qui servent de halte
492 2590 1558 2675 à nos vicissitudes quotidiennes. Il faut rire vite, a dit le
486 2628 1546 2717 philosoche, de peur de mourir sans avoir ri. Aussi nous al¬
486 2689 1553 2765 lons, joyeuse au départ, satisfaite au retour, écouter les char¬
480 2739 1558 2816 mantes vocalises de madame Miolan, applaudir les cadences
473 2773 1543 2874 hardies de madame Ungalde, et nous réjouir des scènes bœuf¬
480 2829 1540 2913 fonnes du théâtre de M. Offenback. Nous jetons très
476 2893 1545 2957 volontiers un bouquet ou une couronne, dans tel ou tel
468 2936 1551 3005 concert, aux débutants qui, faisant œuvre d’intelligence,
475 2970 1546 3053 de travail et de volonté, entrent courageusement dans la
465 3019 1546 3100 rude carrière de l’art. Mais, avouons-le, la grande musique,
467 3070 1551 3143 les belles tradition, les compositions magistrales éveillent
468 3120 1538 3200 plus puissamment nos sympathies. Elles nous émeuvent,
471 3172 1538 3239 nous pénètrent, nous retrempent, et nous y revenons tou¬
468 3211 1540 3291 jours avec un nouveau charme, avec une plus vive admira¬
468 3251 1538 3354 tion. C'est. que dans ces créations merveilleuses de l'art, il
476 3310 1539 3397 y a des poèmes infinis, des splendeurs dont nulle autre mu¬
475 3350 1547 3448 sique ne sourait nous donner l’idée, il y a ce sentiment du
468 3399 1547 3481 beau que Dieu envoie aux natures privilégiées, et que nous
464 3435 1546 3533 tous, petits et grands, conscrits ou vétérans de la science
463 3489 1547 3594 musicale, pouvons du moins comprendre et sentir, si nous
464 3539 1078 3626 sommes impuissants à les imiter.
1685 2378 2708 2470 Nous avons entendu Obéron au théâtre Lyrique, nous
1641 2457 2708 2508 avons applaudi Don Juan aux Italiens. Ce fut vraiment
1639 2479 2700 2558 une fête pour les bilettanti parisiens, habitués aux ga¬
1641 2536 2702 2593 zouillements de la musique moderne; il manquait un com¬
1642 2575 2693 2651 plément à cette bonne fortune, un élément à ce début glo¬
1639 2629 2702 2697 rieux, pour en faire une magnifique et imposante trilogie.
1639 2678 2712 2746 La Société des Concerts vient de réaliser ce grand travail en
1642 2725 2710 2797 traduisant, orchestrant et naturalisant en France la belle
1635 2767 2183 2846 partition des Saisons d'Haydn.
1669 2824 2708 2908 Rendons hommage au ténor Roger, qui, ayant chanté
1638 2882 2706 2948 les saisons dans l’idiome allemand, connaissait jusqu’aux
1627 2931 2706 3004 moindres nuances, jusqu’aux plus fugitifs détails, jasqu‘aux
1637 2988 2708 3050 plus imperceptibles inflexions du texte original. Roger a été
1627 3028 2706 3095 à la fois poète et compositeur, grand par l’inspiration comme
1630 3086 2706 3141 par l'exécution. Nous venons donc ajouter l'humble tribut
1628 3128 2697 3191 de notre gratitude à l’enthousiasme que cette double tâche,
1634 3168 2693 3253 laborieusement entreprise et majestueusement exécutée,
1630 3218 2303 3288 fait naître dans le monde artistique.
1666 3283 2694 3362 Nous n’entreprendrons pas de citer, vers par vers, la poé¬
1626 3351 2698 3403 sie de M. Roger. Nous dirons seulement que les paroles se
1627 3391 2690 3471 lient harmonieusement à l’idée du grand compositeur alle¬
1622 3452 2690 3510 mand, et que la musique suit avec un art infini tous les
1626 3489 2683 3539 mouvements de la pensée. Là, c'est le retour du printemps;
1623 3535 2683 3592 les fleurs qui s’entr’ouvrent, les hirondelles qui reviennent,
1626 3581 2683 3653 les troupeaux qui broutent l’herbe verte des prairies, et puis
