2822 3966
1550 58 1617 150 20
521 158 1538 263 pler, quadrupler sa dette dans les mains des huissiers!
553 219 1538 290 DURCOURT. Que veux-tu? il faut bien que les
511 261 1224 342 droits des créanciers soient garantis.
553 300 1541 397 FRANVAL. D'accord ; mais il faudrait s’appliquer à
512 362 1537 444 chercher quelque autre moyen qui ne soit pas une
505 410 1537 491 difficulté de plus pour le pauvre! — Et où espères-tu
508 460 1536 561 maintenant que ton débiteur trouvera ces dix mille
505 533 656 599 francs?
548 565 1538 631 DURCOURT. Il faudra bien qu’il les trouve, et il les
505 627 1533 682 trouvera. Il a des parents riches qu’il néglige par
515 674 1537 744 fierté. Il faudra bien qu’il se décide à leur tendre la
505 739 1536 792 main ! Il ne le ferait pas pour lui, mais il le fera pour
505 779 1538 836 sa mère, dont il est l’unique soutien et que sa prise
505 837 1534 889 de corps laisserait sans ressources ; et eux aussi l’aide-
509 883 1062 952 ront par cette considération.
541 927 1536 993 FRANVAL. Il est l’unique soutien de sa mère, et tu le
504 984 1534 1054 persécutes! Malheureux!... Mais tu n’as donc pas
500 1030 1540 1094 d’entrailles? Mais l’amour de l‘or t’a donc tout à fait
509 1094 1540 1142 endurci le cœur?... Tu mérites que je te renie pour
505 1135 1523 1190 mon parent... Eh bien, je ne le connais pas, ton dé
505 1190 1540 1244 biteur, mais je l’estime et je l'aime. Un homme qui
505 1244 1541 1296 a soin de sa mère, et qui, ne voulant rien devoir
509 1289 1540 1351 qu’à son travail, dédaigne de courtiser des parents
509 1350 1537 1399 riches dont il faudrait peut-être acheter les faveurs
505 1390 1538 1447 au prix d’humiliations, cet homme-là est un noble
505 1444 1540 1499 cœur, et je sympathise avec lui sans le connaître.
512 1496 1534 1554 Tu ne le tourmenteras pas plus longtemps; je t’a¬
500 1544 1354 1605 chète ta créance, voici tes dix mille francs.
548 1595 1027 1667 DURCOURT. Tu plaisantes.
548 1625 1538 1707 FRANVAL. Je parle très-sérieusement. Cet argent
500 1692 1527 1751 dormait sans emploi immédiat, tu viens m’en propo-
503 1747 1523 1820 ser un placement avantageux, j’aime mieux le dépo-
500 1802 1033 1861 ser dans le sein du pauvre.
545 1840 1540 1919 DURCOURT. Tu n’en seras peut-être jamais remboursé.
545 1908 1260 1954 FRANVAL. Dieu m’en tiendra compte.
545 1943 1540 2020 DURCOURT. Tu devrais au moins consulter ta femme.
548 2005 1232 2068 ADÈLE. Nous n’avons pas deux avis.
548 2045 1395 2110 DURCOURT. Votre fille peut en être la victime.
546 2094 1536 2191 AGATHE. Je m'associe de tout mon cœur à la noble
499 2153 991 2224 inspiration de mon père.
548 2196 1534 2277 DURCOURT. Vous êtes de singulières gens !... Je vous
500 2252 1533 2320 ai fait toutes les observations que me dictait ma con¬
503 2318 1171 2373 science; vous le voulez, j’accepte.
541 2370 1229 2423 FRANVAL. Voici tes dix mille francs.
545 2419 1545 2475 DURCOURT. Je vous transmets tous mes droits : voici
500 2463 1146 2523 le dossier de M. Eugène Belmont.
545 2505 1432 2580 AGATHE. Ah! papa!... c est le voisin d’en face!
541 2553 1537 2625 ADÈLE. Ce jeune peintre?... Cette mère respectable
505 2627 1538 2678 que j’ai été voir aujourd’hui?... Je me doutais bien
509 2662 1290 2737 qu’ils avaient quelque grand tourment!
541 2719 1545 2781 FRANVAL, à Durcourt, en lui présentant le dossier. Va
500 2777 1537 2838 tout de suite leur rendre la tranquillité et remets-leur
500 2832 1537 2916 toi-même toutes ces pièces, je me contenterai d’un
493 2877 751 2948 simple reçu.
536 2936 1540 2985 DURCOURT, à part. Quel imbécile!... (Haut.) J'irai
503 2975 1537 3049 demain matin, il faut que j’aille d’abord acheter mes
499 3033 654 3099 actions.
541 3085 1537 3151 FRANVAL, se fàchant. Et moi, j’exige que tu te rendes
505 3133 1538 3194 d’abord chez ce jeune homme ! Il n’est pas indifférent
505 3186 1533 3253 de faire passer aux malheureux une mauvaise nuit de
508 3231 845 3306 plus ou de moins.
549 3278 1538 3363 puncourr. Eh bien! je te donne ma parole d’y aller
512 3341 1541 3419 ce soir ; mais il faut que je passe avant tout au bureau
508 3386 1476 3469 de la compagnie, où je crains d’arriver trop tard.
2016 135 2276 231 SCÈNE XI.
1843 215 2442 329 FRANVAL, ADÈLE, AGATHE.
1660 318 2650 398 AGATHE, jetant ses bras autour du cou de son père.
1627 375 2663 456 Oh! papa, que je vous aime pour ce que vous venez
1623 427 1814 495 de faire !
1667 463 2647 538 FRANVAL. Ma chère enfant, j’ai besoin de t’en de-
1623 538 2659 594 mander pardon; car cette somme peut me manquer,
1629 585 2281 641 le jour où il s’agira de t’établir.
1659 634 2660 703 AGATHE. Oh! mon établissement n’est pas pressé; où
1617 699 2206 760 serais-je mieux qu’avec vous ?
1664 737 2659 808 FRANVAL. Ne m’avez-vous pas dit que ces braves
1623 802 2159 870 gens attendaient ma visite?
1667 847 1899 914 ADÈLE. Oui.
1659 883 2659 952 FRANVAL. Alors, j’y vais à l’instant, avant qu’ils
1617 951 2663 1007 soient instruits de l’affaire, et qu’ils croient m’avoir
1617 1000 1824 1066 obligation.
2008 1080 2281 1155 SCÈNE XII.
1958 1168 2334 1248 ADÈLE, AGATHE.
1667 1233 2676 1342 ADÈLE. Mon enfant, tu me parais prendre un bien
1623 1317 2133 1393 vif intérêt à cette famille.
1659 1366 2674 1454 AGATHE. Je ne m’en cache pas, maman; papa et
1623 1420 2060 1499 vous, l’éprouvez bien.
1664 1439 2668 1545 ADÈLE. De notre part celà a moins d’inconvénient;
1619 1519 2672 1607 mais toi, prends garde de laisser compromettre la
1623 1582 1988 1654 paix de ton cœur.
1667 1602 2672 1692 AGATHE. Ah! maman!... Je ne puis m’empêcher de
1623 1688 2656 1748 penser que ce ce jeune homme vaut mieux que beau
1617 1732 1895 1805 coup d’autres.
1664 1760 2666 1838 ADÉLE. Et par conséquent te conviendrait beaucoup
1615 1828 2656 1887 n’est-ce pas?... Mais qui te dit que ses sentiments ré-
1623 1877 2676 1946 pondraient aux tiens? Et quand cela serait, combien
1622 1935 2676 2015 d’obstacles peuvent s’opposer à ce que vous soyez
1619 1984 2224 2050 jamais rien l’un pour l‘autre !
1664 2032 2675 2095 AGATHE. Maman, je me dis précisément les mêmes
1623 2091 2656 2147 choses; mais cela n’empêche pas que je ne sois con
1623 2142 2431 2203 tente de ce que papa ait pu lui être utile.
1996 2216 2306 2320 SCÈNE XIII.
1841 2317 2451 2411 FRANVAL, ADELE, AGATHE.
1667 2407 2647 2473 FRANVAL. Eh bien! le secours est arrivé trop tard!
1664 2467 2423 2525 ADÈLE et AGATHE. Comment, trop tard?
1664 2504 2671 2577 FRANVAL. Hélas! oui... Ce malheureux jeune homme,
1619 2568 2680 2638 sachant sa liberté compromise, est parti avec sa mère,
1617 2623 2670 2675 sans faire connaître la direction qu’ils ont prise; aban¬
1626 2678 2680 2731 donnant tout ce qu’ils possédaient, et laissant entre
1623 2720 2680 2794 les mains de leur portière un mot d’écrit pour être
1623 2778 2687 2836 communiqué aux personnes qui viendraient les
1623 2830 2613 2887 demander. Voici à peu près la teneur de cet écrit :
1671 2881 2680 2939 « Un honnête homme ne peut abandonner à ses
1626 2932 2672 2993 » créanciers que ce qu’il possède. Je ne dois pas lais
1626 2991 2680 3048 » ser aliéner ma liberté, dans l’intérêt de ma mère,
1623 3050 2684 3106 » envers qui ma dette est, de toutes, la plus sacrée, et
1623 3095 2687 3155 » dans l’intérêt de mon créancier lui-même, dont mon
1629 3146 2683 3206 » travail est le seul gage. Je passe en pays étranger,
1626 3198 2680 3261 » et je ne reviendrai que lorsque je serai à même de
1623 3253 2687 3310 » m’acquitter intégralement. J’ose espérer que ces
1623 3301 2678 3362 » motifs excuseront ma fuite précipitée, aux yeux des
1626 3361 2507 3426 » personnes dont l’estime m’ est précieuse. »
1664 3407 2562 3481 AGATHE, baissant la téte avec accablement. Ah!
1664 3456 2581 3519 ADÈLE. Que t’avais-je dit, malheureuse enfant !
1664 3495 2680 3574 FRANVAL. Bien que mon sacrifice se trouve avoir été
