2946 4158
1585 113 1696 208 304
490 204 1583 290 sensée, comme il n’est que trop fréquent. Occupée
488 282 1596 329 sans relâche de plaire et de s'amuser, prenant toute
490 331 1583 403 chose le plus gaiement du monde, vivant sans pen¬
490 373 1583 462 ser, sans se rendre compte de la vie, d’étape en étape
497 432 1593 498 comme on fait un voyage de plaisir, Eveline offrait le
502 488 1593 559 type accompli de la femme mondaine. Il était facile
490 545 1596 608 de prévoir qu'elle ruinerait son mari, à moins d'une
491 590 1589 671 fortune considérable, et qu’elle mettrait ses enfants
497 647 1596 728 en pension jusqu'à l'époque de leur majorité, à moins
500 709 1598 778 d'un changement notable dans sa conduite, ou d'une
500 757 1589 826 vieillesse prématurée. Du reste, point de règle, point
490 828 1583 875 de suite dans sa vie. Eveline ne lisait jamais autre
487 875 1576 940 chose que ces dangeureuses bagatelles qu’on fait ex¬
497 929 1586 992 près pour les femmes. En un mot, rien de raisonna¬
487 975 1583 1051 ble n’était de son ressort. Il lui arrivait vingt fois par
484 1035 1588 1091 heure de vous adresser une question sur quelque su¬
490 1092 1586 1154 jet que ce fût, et de passer outre, sans seulement
479 1141 1578 1201 s’inquiéter de la réponse. On ne se faisait pas aisé¬
479 1196 1586 1260 ment à tant de légèreté, et j’en éprouvais quelquefois
479 1253 1586 1308 moi-même de l'impatience. Mais après tout cela, elle
479 1306 1578 1368 était bonne, et j’avais pour elle assez d’amitié pour
481 1362 1581 1423 avoir le courage d’entreprendre de la corriger, si
490 1416 915 1491 cela eùt été possible.
532 1469 1586 1533 » Vous imaginez certainement qu'avec si peu de
487 1531 1581 1588 qualités, je ne m’attendais guère à lui trouver des
484 1582 1578 1636 vertus. Et, en effet, ce que j’appelais en elle de la
484 1636 1578 1696 bonté était plutôt une grande facilité de caractère,
479 1697 1569 1754 vernie de grâce et d’enjouement, que ce suprême as¬
481 1747 1575 1807 semblage d'indulgence, de modération, de renonce¬
484 1796 1578 1854 ment, de douceur et d’amour, qui constitue cette
481 1855 1571 1911 vertu angélique, je devrais dire divine, puisque la
473 1904 1576 1965 bonté est le premier contribut de Dieu. Quant à l'amour
472 1963 1575 2027 du travail, dont le fruit est la bonne conscience, et
479 2024 1568 2070 quant à la solide piété qui produit toutes les vertus
479 2070 1575 2134 et que j’aurais dû nommer d’abord, je vous laisse à
490 2128 1195 2186 penser s’il en devait être question.
524 2173 1578 2235 « Je me demandais toujours comment il se faisait
479 2235 1575 2291 que Frédérick, si clairvoyant, si prudent en toute oc¬
481 2293 1575 2363 casion, se dissimulât en celle-ci des choses si appa¬
473 2341 626 2405 rentes.
524 2389 1581 2452 » Je comptais bien, à la fin de cet automne, servir
473 2453 1578 2517 de premier témoin au mariage de Frédérick, lorsqu’il
481 2507 1571 2573 y a quelques jours, je reçus une lettre de mon ami,
479 2560 1578 2621 quelques mots seulement, écrits en toute hâte et dans
481 2615 1572 2669 ces termes brefs et saccadés qui annoncent une dou¬
472 2662 1578 2728 leur sérieuse et profonde. Il me disait en deux mots
477 2725 1575 2788 que son père était mort subitement, qu’il en recevait
473 2776 1569 2842 à l’instant la nouvelle, qu’il avait besoin de mon ami¬
473 2819 971 2884 tié, et qu’il m’attendait.
514 2884 1572 2943 » Un post-scriptum m’annonçait que sa mère récla¬
466 2933 1576 3005 mait ses soins et sa présence jusqu’à ce que les pre¬
473 2997 1576 3056 mières atteintes d’un coup si douloureux fussent atté¬
469 3051 1581 3106 nuées, qu'il allait donc partir, et ceci dans le délai le
476 3096 809 3173 plus rapproché.
508 3136 1576 3215 » Lorsque la première prostration de cette douleur
460 3206 1571 3274 inattendue fut passée, et que je pus tirer quelques pa¬
469 3268 1558 3325 roles de sa bouche, Frédérick me parla de son départ
466 3315 1572 3386 et de ses préparatifs, qui devaient être aussi prompts
476 3375 1575 3440 que possible. Nous n’avions qu’une journée au plus
479 3431 1562 3493 pour régler ses affaires et disposer ses malles. Enfin,
473 3482 1567 3550 Frédérick me parla d'Eveline. Il ne fallait pas songer
467 3544 1569 3613 avec si peu de temps devant soi à aller faire ses adieux
469 3585 1564 3657 à Rueil, ou madame R. était encore. D’ailleurs, quand
459 3654 1574 3719 même le temps l'eût permis, Frédérick ne s'en serait
464 3699 1565 3771 pas senti le courage. Et puis, il était le plus scrupu¬
459 3761 1574 3841 leux observateur que l'on pût voir des bienséances,
1688 204 2795 276 qui sont en Hollande beaucoup moins élastiques que
1685 265 2798 332 chez vous; et pour aucune chose ni pour aueun être
1678 318 2792 390 au monde, Frédérick ne fût sorti de sa chambre ce
1678 370 1838 441 jour-là.
1726 415 2790 498 » Je fus donc, en ma qualité d’ami intime, député
1681 483 2790 552 immédiatement auprès de ces dames pour leur an¬
1672 532 2790 604 noncer le malheur qui avait frappé Frédérick, et la
1678 602 2794 670 nécessité où il se trouvait de quitter Paris pour quinze
1681 643 2787 718 jours ou un mois au plus. Je n’énumère pas les com¬
1686 714 2791 774 pliments et les doléances dont mon pauvre ami
1672 763 2797 826 m'avait si bien recommandé d'assaisonner mon dis¬
1672 818 2800 885 cours, quoiqu'il ne fût pas prolixe d'habitude, et
1675 873 2792 935 que dans cette circonstance il le dût être moins que
1669 926 2790 998 jamais. Enfin, je fus chargé d'une autre ambassade
1666 975 2546 1035 non moins délicate, et dont voici l’objet :
1714 1037 2788 1096 » Il est assez habituel en Hollande, entre gens bien
1669 1092 2787 1153 nés, d'échanger, quelque temps avant le mariage et en
1666 1140 2784 1206 signe de promesse mutuelle, de petits présents sym¬
1665 1196 2792 1270 boliques qui consistent d’ordinaire, de la part du jeune
1675 1257 2778 1317 homme, en un anneau ou en quelque bijou. Ce pro¬
1668 1322 2790 1375 cédé, qui choquerait votre délicatesse, est comme la
1666 1375 2795 1422 consécration d'un engagement réciproque; et il n'est
1672 1426 2780 1489 pas ordinaire de voir échouer des projets d’union
1669 1479 2785 1555 qui en sont venus à cette formule; vous ne donnez
1676 1540 2788 1603 pas en France au mariage ce caractère sévère, solen¬
1666 1590 2792 1648 nel, biblique en quelque sorte, que lui donnent les
1661 1626 2169 1706 nations septentrionales.
1712 1665 2788 1758 » Je fus donc chargé de remettre à Eveline, sous
1666 1740 2778 1797 les yeux et avec l’assentiment de madame R., un an¬
1666 1789 2784 1862 neau d’or avec trois diamants en chaton, au chiffre
1665 1851 2787 1920 de Frédérick, qui tenait cette bague de sa mère, et
1659 1913 2787 1983 l’offrait à la jeune fille qu’il regardait déjà comme sa
1665 1958 2784 2028 fiancée, en signe de son hommage et de la promesse
1664 2014 2784 2092 assurée de son prochain retour; et moi, tout fier de
1666 2070 2472 2127 ma mission, je me transportai à Rueil.
1707 2115 2780 2206 « Je trouvai madame R. occupée à disposer tout un
1671 2176 2780 2253 étalage de toilettes pour la saison des eaux qui s'ou¬
1665 2232 2780 2294 vrait. Eveline n’était pas moins affairée. Elle était au
1681 2284 2774 2365 salon, en compagnie de ses bonnes amies, qui répé¬
1666 2338 2784 2427 taient avec elle ce quadrille nouveau que la mode
1665 2400 2770 2469 vous a amené d’Angleterre, je crois, avec les cha¬
1669 2460 2774 2525 peaux ronds. Je tombai juste au milieu des « mouli¬
1664 2508 2769 2567 nets, » et mon inopportune apparition effaroucha les
1661 2566 2774 2619 belles danseuses, qui se dispensèrent dans lesene
1666 2610 2770 2674 en me lançant sournoisement un regard investigateur
1664 2660 2771 2736 et malveillant. Madame R. quitta ses soieries, Eveline
1662 2719 2774 2795 sa danse; mais ce ne fut pas sans desquets, ni surtout
1664 2784 2771 2856 d'assez bonne grâce pour ne point me laisser soup¬
1666 2830 2767 2898 çonner qu’elles me faisaient toutes deux un sacri¬
1654 2884 1755 2946 fice.
1706 2928 2776 2999 » J'attendis que ces demoiselles se fussent échap¬
1671 3005 2777 3063 pées dans le jardin, et lorsqu’au bout d’un quart
1661 3067 2777 3115 d’heure elles nous eurent laissés seuls, je commencai
1652 3095 2774 3180 à entrer dans les graves matières qui étaient tout l’ob¬
1665 3158 2777 3223 jet de ma visite. Madame R. se montra un peu plus
1654 3223 2780 3285 sérieuse, quand elle vit que ma démarche avait un
1659 3271 2778 3339 but officiel, et elle daigna m’écouter avec infiniment
1665 3320 2771 3405 plus d'intérêt, dès qu'elle vit qu’il s’agissait de Frédé¬
1654 3381 1769 3443 rick.
1696 3430 2774 3499 » Je m’acquittai des devoirs de ma charge avec
1652 3488 2767 3550 toute la délicatesse possible. Après tous les préam¬
1654 3545 2764 3612 bules oratoires nécessaires, je racontai le triste évé¬
1647 3606 2769 3664 nement survenu dans la vie de mon pauvre ami, sa
1657 3660 2769 3717 douleur et la nécessité de son départ presque instan¬
1654 3710 2764 3778 tané. Madame R. comprit fort bien cette nécessité,
1654 3768 2773 3864 plaignit de toute son âme mon pauvre Frédérick, et
