2822 3966
1619 107 1715 193 30
577 195 1620 268 reste à faire la manchette formant revers ; elle
584 251 1620 334 est composée d’un petit entre-deux guipure, alterne
584 307 1615 378 avec un entre-deux de mousseline brodée. Cetteman-
584 343 1620 434 chette a, dans le milieu, huit centimètres de haut et
584 395 1626 468 cinq à l’endroit des boutons; au bord est un tulle sur
589 447 1611 518 lequel s’appuie une guipure haute de deux centimè
589 493 1627 576 tres; le bord du tulle est lui-même terminé par une
589 551 1628 634 autre guipure ayant cinq centimètres. Pour la plus
593 608 1615 682 petite dentelle, il faut trente centimètres de largeur
599 657 1611 728 et pour la grande, cinquante; un mètre dix d’entre
592 709 1626 784 deux de guipure ou de l’entre-deux brodé, et le dou-
589 765 1561 857 ble de chaque chose pour la paire, naturellement
638 836 1630 900 54 et 55, ALPHABETS, grand et petit, que tu peux faire
589 900 1373 963 soit au plumetis simple, soit au feston.
638 945 1096 1047 56, Théodora, plumetis.
626 1036 1636 1099 57, Écusson, épis de blé renfermant le nom de
589 1097 1151 1163 Marthe; le tout au plumetis.
630 1139 1636 1226 58. ÉCHARPE POLONAISE, dont je t’ai parlé le mois
593 1208 1620 1282 dernier. Elle est composée d’un ruban, n° 16, en taf¬
589 1263 1622 1326 fetas vert chiné, et entourée d’une bordure de chin¬
589 1312 1635 1374 chilla, ayant quatre centimètres de largeur. Ces sortes
593 1372 1630 1432 de petites cravates sont charmantes, et, de plus,
589 1431 1630 1482 tiennent très-chaud, ce qui n’est pas à dédaigner.
589 1476 1632 1527 Ainsi que je te l’ai déjà fait observer, la fourrure du
597 1524 1632 1588 tour peut se remplacer par de la peluche; on en voit
589 1577 1632 1635 de si jolies, cette année, que l’on peut les associer aux
599 1632 1266 1697 objets de mode les plus élégants.
640 1684 1105 1788 59, Elisabeth, plumetis.
626 1780 1631 1840 60, CROQUIS D'UNE FANCHON au filet, dont le bord,
589 1832 1635 1888 brodé en reprise, simule une dentelle; cette fanchon
593 1881 1630 1934 est posée sur un fond de tulle formant carcasse ; sur
589 1931 1630 1986 le devant sont placées de longues herbes mélangées do
599 1986 1627 2046 quelques grappes de sorbier ; le tout réuni compose,
593 2044 1626 2101 comme tu le vois, une très-jolie coiffure, que tu pour-
596 2090 1624 2146 rais, pour le jour de l’an, offrir à ta mère ou à ta tante
596 2148 1632 2200 et qui leur sera très-agréable pour une petite soirée
597 2193 1635 2247 ou pour un dîner, surtout sortant de tes doigts; le
593 2230 1632 2320 filet se fait noir ou de couleur, cela dépend du goût
588 2292 1338 2375 et du genre de mise de la personne.
631 2371 1626 2428 61, MANCHE à bouillons en taffetas noir, avec garni¬
593 2423 1635 2489 ture et poignet en ruban de velours; ceci, à mon avis,
599 2473 1627 2535 est, pour l’hiver, une très-grande amélioration; car
589 2515 1624 2590 bien que la plupart des manches blanches se fassent
593 2580 1630 2636 maintenant, fermées au poignet, on ne peut, malgre
595 2630 1635 2698 tout le désir que l’on a de donner raison à la mode,
589 2686 1634 2736 nier que l’on a souvent très-froid, et qu’ensuite, avec
588 2730 1630 2804 les manteaux à manches, il est impossible d’avoir cinq
592 2774 1632 2859 minutes seulement, des manches fraîches, tandis
595 2836 1624 2901 qu’avec celles-ci, ces deux problèmes se trouvent réso-
588 2881 1624 2951 lus: avoir chaud et avoir toujours des manches très
589 2942 1632 3016 présentables, pour le négligé s’entend, car dans tout
593 2996 1551 3055 autre cas les manches blanches sont de rigueur.
626 3042 1632 3112 Pour faire cette manche économique, tu couperas
592 3086 1630 3154 d’abord deux bouillonnés ayant : celui du bas, cin-
601 3144 1630 3211 quante centimètres de large sur dix-huit de haut dans
599 3190 1632 3259 le milieu, et dix vers la couture; celui du haut, même
596 3244 1628 3328 largeur, et douze centimètres tout autour ; ces bouil¬
599 3292 1635 3375 lonnés sont, dans le milieu du bras, joints par un
596 3347 1636 3429 bracelet ayant six centimètres de haut et trente de
595 3390 1636 3471 large ; dans le bas est un poignet recouvert d’une
595 3444 1632 3528 bande de velours frappé, lequel velours se retrouve au
597 3500 1634 3592 bas du bouillonné du haut, au-dessus du bracelet ; ce
597 3558 1684 3643 velours a soixante centimètres de largeur; un dernier
1707 178 2757 261 bracelet, dans lequel sont trois rangs d’élastiques en
1707 242 2755 323 cuivre, fixe les manches sur le bras. Le velours est
1716 299 2752 381 parfois remplacé par de la dentelle ou toute autre fan-
1705 343 1834 426 taisie.
1754 366 2754 499 62, MANCHETTE au crochet, avec dentelle également
1711 463 2685 532 au crochet, ornée d’un nœud de velours épinglé.
1754 531 2755 595 63, PELOTE POUFF ou bonne femme ; cette pelote se
1712 578 2751 640 compose d’un rond de filet, ou de crochet très-fin.
1712 649 2765 701 ayant vingt-cinq centimètres de diamètre, y compris
1712 682 2765 745 la petite dentelle qui tient au rond et qui a à peine
1712 735 2762 796 trois centimètres de hauteur; ce rond terminé semonte
1712 790 2755 847 sur une carcasse ronde comme une orange et très-
1716 849 2766 903 dure; cette carcasse, que l’on fait en gros calicot et
1712 899 2759 953 que l’on remplit de son, doit avoir, à l‘endroit le
1727 940 2770 1023 plus bombé, quinze centimètres de diamètre; pour
1716 1001 2755 1066 lui donner la forme tout à fait ronde, on fait plu-
1711 1057 2770 1119 sieurs pinces de chaque côté des ouvertures ; puis, par
1712 1100 2771 1169 l’effet même de ces pinces, l’ouverture ne pouvant se
1712 1154 2767 1208 clore tout à fait, on colle dessus un petit rond de même
1719 1199 2767 1262 étoffe que celle de la carcasse : sur le calicot on pose
1719 1257 2775 1316 une enveloppe de satin, de taffetas ou de percaline
1712 1307 2755 1365 lustrée; après quoi, on doit appliquer le rond au cre
1719 1366 2778 1413 chet un peu dans le genre indiqué par le croquis, et
1719 1413 2767 1477 l’on termine enfin par la pose de nœuds de ruban,
1721 1465 2774 1530 les plaçant l’un dessus et l‘autre dessous le rond de
1719 1516 2774 1582 crochet; il en faut six. Cette pelote, d’une grande
1719 1580 2774 1647 fraîcheur, devient le complément indispensable d’une
1719 1632 2778 1704 toilette duchesse, ou d’un dessus de commode bien
1717 1673 1834 1747 orné.
1759 1735 2224 1809 64, Célestine, plumetis.
1759 1796 2774 1865 65 et 66, dessin et croquis d’un dessous de lampe
1721 1847 1988 1913 ou de flacon.
1771 1900 2774 1963 Avant de te mettre à l’ouvrage, procure-toi ou fais
1724 1957 2780 2008 faire par un menuisier, un petit cadre en bois, ayant
1724 2013 2780 2080 trente centimètres carrés, et d’une largeur de quatre
1727 2066 2767 2120 centimètres ; sur chacun des côtés de ce cadre doi
1731 2113 2781 2176 vent se trouver neuf crans placés à deux centimètres
1724 2162 2781 2224 de distance; le premier cran, partant du coin, à six
1727 2223 2781 2274 centimètres des angles. Ceci bien compris, achète
1724 2266 2777 2335 cent vingt-cinq grammes de laine de Saxe (cinq fils),
1724 2313 2784 2378 de cinq nuances à ton choix, deux petits écheveaux
1724 2370 2784 2435 foncés et seize des autres nuances; prends un des
1727 2432 2777 2482 écheveaux foncés et dévide-le sur le milieu du cadre,
1727 2481 2766 2536 allant d’un cran à celui qui est en regard; de cha
1731 2532 2784 2594 que côté de cette nuance foncée, place sur les crans
1727 2580 2777 2639 d’à côté la numéce qui vient après; ainsi de suite,
1724 2636 2780 2697 jusqu’à ce que les crans soient tous garnis ; ensuite
1724 2692 2770 2744 sur l’autre côté du cadre tu feras la même opéra-
1727 2735 2767 2801 tion : après cela, avec du fil végétal, tu noueras très
1727 2793 2780 2861 solidement chaque carré, l’arrêtant, et chaque fois
1731 2844 2785 2898 cachant le nœud sous la laine ; ceci terminé, tu dois
1727 2892 2782 2957 avec de bons ciseaux couper la laine aux trois quarts
1727 2943 2774 2998 de son épaisseur, de manière à ce que cette laine, une
1724 2992 2774 3055 fois coupée, puisse sur chaque point noué venir
1719 3046 2773 3101 former une petite masse que tu arrondis avec les
1724 3098 2774 3159 ciseaux, la tondant jusqu’à ce qu’elle ait bien pris la
1724 3152 2763 3231 forme d’une boule : tu coupes alors au bord inté
1719 3201 2780 3282 rieur du cadre la laine qui l’entoure et qui fera la
1719 3248 2782 3334 frange, et enfin, après avoir rempli un bol d’eau
1719 3309 2759 3367 bouillante, tu places dessus, à l’envers, ton ouvrage
1719 3363 2778 3411 aux petites boules duquel la vapeur de l’eau donnera
1727 3407 2777 3493 tout le fini désirable. On fait ainsi des coussins, des
1719 3461 2767 3548 dessus de table, voire même des devants de foyer,
1719 3513 2782 3611 bien entendu que pour chaque objet ’il faut un cadre
1724 3573 2197 3658 de la grandeur voulue.
