2946 4158
1504 109 1768 210 264
23 709 103 824 I
3 3668 75 3763 I
491 3721 1627 3808 mère voyait donc avec peine tout ce qui pouvait lui
488 210 1619 287 tion que vous imprimait là-bas une pieuse règle
494 276 1604 336 parce que les années écoulées depuis ton retour ont
491 321 1599 387 développé tes premiers sentiments sans en altérer
491 379 1599 430 aucun, tu crois retrouvrer également dans chacune
491 425 1596 499 de ces jeunes filles, aujourd'hui dispersées dans le
488 479 1599 554 monde, tous les généreux élans et l’affection vraie
485 525 1593 591 de la petite pensionnaire. Chasse bien loin cette illu¬
491 585 1599 649 sion, ou le charme de tes souvenirs deviendra un
491 643 1590 715 obstacle à ton bonheur. Laurence, Nathalie, Horlense,
491 689 1596 763 Agathe, peuvent encore se rencontrer, mais à coup
494 735 1596 824 sûr, ce qui ne reviendra jamais pour elles, c’est la
491 809 1593 872 douce intimité d’autrefois. L’existence en commun a
491 870 1593 924 cessé : vous n’avez plus depuis trois ou quatre ans,
488 916 1593 982 ni les mêmes occupations, ni les mômes plaisirs, ni
482 964 1590 1030 les mêmes intérêts dans la vie. En vous disant adieu,
485 1016 1593 1082 vous sentiez se remuer dans vos cœurs tout ce qui
482 1065 1593 1145 rassemble ; en vous retrouvant après une absence de
479 1139 1590 1203 quelques années, vous ne sentiriez plus, peut-être,
482 1185 1446 1251 autre chose que ce qui écarte et ce qui divise.
528 1217 1590 1306 — Je voudrais, du moins, en faire l’expérience,
482 1280 1593 1358 dit Laurence avec un sourire d’incrédulité; et, pour
482 1352 1593 1418 commencer, vous me permettrez d’aller cette nuit
485 1398 924 1481 au devant d’Agathe.
534 1412 1240 1527 — Comment, elle arrive la nuit?
537 1515 1599 1570 — Un peu avant minuit, chère maman ; mais
494 1558 1590 1622 Saint-Jouan est si près! le chemin si beau et si sûr !
488 1613 1547 1679 D’ailleurs, le jardinier est là pour m’accompagner.
534 1662 1593 1731 — Si mademoiselle Brémont s’était décidée à t’é¬
494 1722 1596 1785 crire plus tôt, reprit madame de Kersaliou, j’aurais
494 1779 1590 1837 pu l’inviter à nous donner quelques jours. Je veux
491 1828 1593 1900 t’accompagner aussi à Saint-Jouan, mais c’est beau¬
488 1888 1590 1949 coup de dérangement pour une entrevue de cinq mi¬
485 1940 1590 2006 nutes .. Tu nies que ce soit une contrariété? A la
488 1995 1590 2061 bonne heure! embrasse-moi, et ne sonblons qu’au
491 2052 1286 2115 plaisir de revoir une première amie. »
531 2058 1596 2170 Ce plaisir, mademoiselle de Kersaliou l’éprouvait
491 2155 1593 2224 d’avance. Ardente et généreuse dans ses affections ;
494 2213 1590 2285 toujours prête, au couvent, à se charger des corvées
494 2256 1590 2328 les plus désagréables, à faire les devoirs des pares-
494 2319 1590 2382 seuses, à prendre sur elle, à l’heure des punitions, la
494 2371 1590 2425 respondabilité de la faute d’une étourdie; l’humeur
494 2425 1590 2488 égale, l’esprit inventif pour imaginer sans cesse de
491 2474 1593 2546 nouveaux jeux, elle avait été naturellement le centre
491 2534 1593 2606 où se rencontraient tous les cœurs, le lien qui les
491 2589 1593 2655 unissait dans une intimité sereine et joyeuse. La sou¬
494 2646 1590 2715 veraineté qu’elle avait exercée ainsi du consente¬
491 2686 1593 2767 ment unanime n’était pas de ces liens que deux ou
491 2749 1593 2810 trois années de solitude font oublier. Pour une âme
494 2804 1590 2870 élevée et bienveillante, l’adolesrence est l‘âge de la
491 2853 1593 2922 confiance et de la candeur. A douze ans, à quinze
491 2904 1593 2970 ans même, Laurence n’avait nullement fait l’étude
491 2962 1587 3034 des petits défauts de ses compagnes, et comme elle
488 3014 1593 3085 chérissait alors ces dernières pour leurs qualités, les
485 3074 1590 3140 qualités seules, embellies encore par le prestige des
485 3137 1590 3183 regrets, étaient restées vivantes dans sa mémoire.
485 3180 1593 3243 Faute de s’être mêlée à la foule et d’avoir acquis
485 3234 1593 3303 quelque expérience des mécomptes de la vie, elle
482 3286 1593 3344 croyait, comme l’avait dit sa mère, que ces tranquil¬
488 3338 1593 3398 les et chaudes sympathies qu’abritait si bien la paix
488 3398 1593 3453 du cloître, se réveilleraient aussi pures, n’importe en
488 3447 1593 3521 quel lieu, le jour où toutes les amies d’autrefois vien¬
491 3504 1593 3559 draient à se rencontrer. La modeste héritière de Ker¬
494 3559 1596 3631 saliou était destinée à vivre à la campagne, soit
494 3616 1593 3699 qu’elle vieillît dans le célibat, soit qu’ellé dût épou¬
491 3651 1596 3731 ser, plus tard, le fils de quelque petit châtelain. Sa
1619 207 2793 284 rendre pénible une existence retirée, et elle ne négli¬
1667 255 2787 330 geait aucune occasion de combattre par les sévères
1667 310 2784 387 leçons de l'expérience, les chimères de l’idéal. Beau¬
1667 370 2778 436 coup d’autres mères, vivant aussi dans la retraite,
1667 416 2784 491 ont à remplir les mêmes devoirs; mais, générale¬
1667 479 2784 545 ment, au lieu des besoins du cœur, ce sont plutôt
1662 525 2781 603 les rêves de la vanité et la poursuite des plaisirs
1667 588 2784 657 bruyants qui font jeter à leurs filles un regard en¬
1667 643 2368 700 vieux sur les réunions du monde.
1711 654 2787 758 Le caractère de Laurence était différent. Si elle eût
1665 746 2784 812 retrouvé dans les manoirs voisins quelques-unes de
1665 801 2787 870 ses anciennes compagnes, nul doute qu’elle n’eût
1665 864 2784 924 préféré avec elles le séjour des champs à celui de la
1667 918 2784 982 ville. Ce qu’il lui fallait, après avoir été si entourée
1662 970 2784 1036 et si chérie durant plusieurs années, c’était une
1665 1019 2784 1088 amie de son âge: et par malheur, la seule personne
1665 1079 2781 1142 des environs dont la société aurait pu lui convenir
1665 1134 2781 1203 manquait de cette instruction et de ces goûts délicats
1667 1188 2784 1246 que le temps devait avoir encore perfectionnés chez
1665 1243 2784 1306 Agathe et chez Nathalie. Les amies de couvent étaient
1665 1294 2781 1360 donc restées sans rivales ; aussi combien la journée
1665 1352 2781 1426 parut longue à l’impatience de la jeune solitaire! Que
1662 1412 2778 1472 de questions à faire et de souvenirs à rappeler dans le
1662 1458 2778 1527 court espace de temps que pouvait lui accorder la
1665 1512 2781 1573 voyageuse ! Celle-ci se rendait-elle à Saint-Brieuc
1662 1556 2778 1630 uniquement pour visiter Nathalie, mariée aujourd’hui
1667 1622 2778 1676 à un fonctionnaire de cette ville, M. de Corseul, dont
1662 1673 2778 1739 l’aïeule, encore vivante et demeurant avec lui, était
1662 1725 2778 1785 connue de madame de Kersaliou? Il fallait le savoir.
1659 1782 2775 1848 Il fallait surtout obtenir d’Agathe la promesse de
1659 1840 2775 1891 passer une semaine à Kersaliou avant de retourner à
1659 1891 2775 1943 Paris. Laurence avait laissé là son ouvrage pour don¬
1662 1940 2772 2012 ner un coup d’œil à la chambre qu’elle destinait à
1662 2000 2772 2064 Agathe. Cette dernière aimait les camélias; on s'en
1662 2055 2772 2121 procurerait chez un amateur du voisinage; et comme
1659 2107 2775 2164 on avait beaucoup pleuré ensemble en lisant Silvio
1659 2161 2775 2224 Pellico et certains passages des Fiancés de Manzoni,
1662 2207 2772 2273 les deux poètes italiens prenaient déjà la place d’hon¬
1662 2267 2772 2339 neur sur la tablette où la main de mademoiselle Bré¬
1659 2319 2402 2391 mont irait sans doute les chercher.
1702 2376 2775 2440 La journée s’écoula tout entière en rêves et en
1659 2419 2775 2494 projets, et ce fut avec une exclamation de plaisir, que
1659 2485 2775 2549 Laurence accueillit le dernier coup de la pendule
1662 2534 2770 2600 qui sonnait onze heures. Au même moment, Bru¬
1662 2589 2767 2655 nette hennit dans la cour, et l’on entendit le vieux
1662 2640 2767 2695 Maugan, qui cumulait les fonctions de cocher et de
1659 2689 2770 2767 jardinier, sortir de la remise la modeste voiture de
1659 2744 2770 2815 la dame du manoir. La toilette prit à peine quelques
1659 2801 2775 2873 minutes ; et, l’instant d’après, la mère et la fille, cou¬
1662 2853 2772 2925 vertes de manteaux et de pelisses, se trouvaient pour
1659 2899 2772 2985 la première fois sur les chemins à une heure aussi
1659 2956 2293 3034 avancée, par une nuit d’hiver.
1699 2982 2778 3085 La petite ville de Saint-Jouan est très-riante et
1662 3059 2778 3143 très-animée les jours de marché, mais, entre onze
1662 3131 2778 3186 heures et minuit, le silence s’est fait partout; pas une
1662 3183 2772 3246 lumière ne brille aux fenêtres, si ce n’est parfois,
1662 3237 2772 3289 dans la chambre d’un malade, où la veilleuse pro¬
1662 3289 2772 3355 jette sur un lit sans sommeil sa lueur de mauvais
1662 3346 2772 3415 présage. A part le cri de l’orfraie qui, perché sur le
1662 3398 2772 3461 toit de l’église et le cou tendu vers le cimetière, sem¬
1662 3447 2772 3530 ble pleurer les morts, aucun bruit dans les rues ni sur
1662 3501 2770 3567 la place, jusqu’au moment où le fouet des valets d’é¬
1659 3550 2770 3633 curie et le pas des chevaux annoncent que la dili¬
1662 3608 2770 3679 gence approche, et qu’il est temps de se préparer à la
1662 3662 2772 3728 recevoir. Ce moment, Laurence l'attendait avec une
1627 3714 2770 3806 impatience fiévreuse. Il arriva; et sans s'apercevoir
