2959 4075
1636 119 1720 214 244
547 191 1626 280 lectrices, et causons : — Entrons-y par la grande
547 270 1627 330 porte; en réalité si nous pouvons, en imagination
544 326 1627 378 seulement si nous habitons loin de Paris. Causons
551 370 1613 435 comme au coin du feu, comme sous la charmille
541 421 1627 479 sans prétention et sans morgue. Ne nous gourmons
551 470 1626 546 point en savant; ne faisons point le pédagogue; gar¬
541 524 1626 596 dons-nous bien de déduire la règle du BEAU par A
546 581 1290 655 plus B, et de fixer sa limite ici ou là.
589 621 1613 698 Laissez-moi simplement vous dire ce qui charme
547 693 1621 750 au Salon de 1857; ce qui attire le plus généralement
547 754 1621 807 la sympathie et l’admiration des gens de goût, sans
541 791 1448 859 exception de parti et sans distinction d’école.
584 846 1615 906 Il y a d'abord un tableau de M. Robert-Fleury :
544 901 1620 970 Charles-Quint au couvent de Saint-Just. C’est un des
536 953 1571 1013 meilleurs du maître, qui en a fait de si excellents.
577 1009 1626 1065 Le grand empereur est là, dans une de ces im¬
536 1060 1619 1122 menses salles capitulaires aux murs tapissés des
532 1114 1615 1181 chefs-d’œuvre de la peinture. Mort pour le monde,
532 1171 1612 1231 il veut savoir ce que le monde pense de lui, et quels
529 1225 1615 1282 sont les premiers actes de son fils. On lui rend
536 1275 1619 1336 compte de la situation des affaires, on lui apprend
536 1332 1619 1399 que Philippe II le rappelle et le supplie de l’aider de
536 1391 1615 1439 ses conseils. Sa pensée appartient encore pour un peu
536 1441 1609 1497 aux choses de la terre. Pourtant il va mourir bientôt,
536 1493 1612 1563 mourir réellement cette fois, car la justice divine ne
547 1548 1616 1611 permit à l’homme de survivre qu’un mois à l'em¬
541 1605 1612 1665 pereur, — juste assez de temps pour qu’il pût bien
541 1646 1612 1714 sentir le néant des grandeurs, la fragilité des senti¬
532 1705 1455 1770 ments humains, la petitesse de toutes choses.
581 1750 1617 1810 Ah! vous avez joué la comédie de la mort, sire!..
526 1810 1617 1872 Ah! vous avez vu avec origueil passer votre fastueux
529 1857 1600 1919 catafalque sous les fenêtres du couvent de Saint-Just
529 1912 1605 1964 vous avez compté les prélats et les grands d’Espagne.
526 1965 1600 2020 les moines et les hommes d’armes, les chevaux capa¬
526 2018 1605 2081 raçonnés et les pleureuses. Vous avez écouté les la¬
524 2070 1609 2144 mentations des cloches lancées à toute volée, vous
536 2127 1612 2187 vous êtes enivré de cette dernière orgie des grands
529 2185 1613 2245 de ce monde, la seule dont ils ne savourent pas les
529 2232 1600 2288 délices. Eh bien! maintenant que vous savez le der¬
529 2280 1600 2342 nier mot des grandeurs humaines, maintenant que
529 2335 1612 2393 vous avez respiré tous les encens, regardez, comme
524 2391 1602 2447 de l’autre monde, le spectacle de celui-ci. — Voyez
524 2449 1602 2497 comme on vous oublie, comme les peuples et les ar¬
524 2501 1615 2557 mées se rangent autour d'un autre trône, comme ces
526 2558 1602 2613 empires au milieu desquels vous teniez une si grande
526 2601 1601 2669 place accomplissent sans vous leurs destinées. Vous
524 2658 1191 2714 n’êtes plus rien, et ils subsistent.
565 2711 1602 2770 Pauvre moine enseveli dans un couvent, vous faites
536 2767 1600 2822 votre stage pour l’éternité. N’essayez pas de vous rat¬
525 2822 1602 2893 tacher de loin ou de près à ce tourbillon qui vous
522 2883 1590 2939 oublie... Quelques jours encore et un cercueil mo¬
517 2928 1598 2988 deste sortira du couvent de Saint-Just, un corlége de
521 2976 1598 3033 moines escortera un cadavre inconnu et tout sera dit!
559 3034 1602 3098 Ce tableau, de M. Robert-Fleury a des dimension
511 3089 1605 3148 moyennes. Mais il a un grand aspect comme tout ce
517 3138 1602 3197 qui est simple et sévère. On reconnaît le maître et on
511 3197 1485 3254 découvre en même temps le poète et l'historien.
559 3239 1605 3311 Ce qui m’a le plus frappé avec le Charles-Quint à
510 3287 1589 3367 Saint-Just, c'est, dans un genre bien différent, les pay¬
517 3358 1600 3415 sages de M. Daubigny, et les Glaneuses de M- Millet.
559 3412 1594 3471 C'est calme, grandiose, magistral. Quand on a
526 3454 1597 3521 parcouru toute l'exposition, que les couleurs et les
517 3503 1605 3591 tableaux se confondent devant vos yeux et dans votre
515 3554 1593 3640 mémoire, on s'arrête tout reposé devant ces toiles
515 3608 1092 3703 tranquilles et harmonieuses.
558 3666 1613 3768 Il n'y a là ni parti pris, ni exagération, ni procédé
1722 207 2797 292 singulier qui étonne le spectateur.— On commence à
1712 260 2792 342 savoir que penser de ces moyens adroits de se faire
1725 331 2797 395 vite un nom.— M. Daubigny peint la nature même, il
1716 382 2790 454 ne la compose pas, il ne l’arrange pas, it sait la choi¬
1710 430 2789 503 sir. Ses tableaux sont disséminés dans l’exposition.
1712 469 2792 543 Mais partout où on les rencontre, ils arrêtent et repo¬
1714 525 2025 596 sent le regard.
1754 573 2783 661 Nous vous faisons ici un compte rendu d’impres¬
1714 646 2788 706 sions, et non point une revue critique du Salon.
1712 693 2788 761 Aussi ne chercherons-nous point à faire parvenir, par
1717 758 2800 814 votre entremise, aux artistes, une observation ou un
1714 805 2778 876 conseil. Nous ne dirons donc point à M. Daubigny
1736 856 2786 923 — Prenez garde de choisir vos tons dans une gamme
1717 907 2788 966 triste; et à M. Millet : Vous avez une peinture har¬
1705 963 2790 1026 monieuse, mais vous cherchez l’harmonie dans les
1714 1016 2788 1081 tons gris et vous obtiendrez plus d’harmonie encore
1706 1069 2497 1128 en ne mettant pas de couleur du tout.
1747 1120 2794 1189 Deux excellents tableaux du même genre, ce sont
1706 1176 2785 1238 ceux de M. Jules Breton. Voilà du vrai réalisme et
1706 1229 2361 1291 une couleur franche et logique !
1747 1278 2793 1347 Les tableaux de M. Gérome attirent beaucoup l'at¬
1706 1335 2788 1402 tention. Il y en a un surtout, le Duel des Pierorts, que
1709 1392 2789 1455 la foule assiége. Il a, dit-on, été vendu 25,000 francs.
1699 1441 2782 1512 Deux pierrotu qui se sont pris de dispute au bal mas¬
1709 1501 2783 1560 qué, vident leur querelle au bois de Boulogne par
1707 1557 2782 1624 une matinée d’hiver, sur un tapis de neige. L’un
1705 1600 2789 1673 tombe entre les bras de deux masques qui lui servent
1702 1652 2782 1720 de témoins. L’autre s’enfuit avec un ami. C’est dra¬
1699 1718 2785 1772 matique et saisissant. On assiste à cette scène. On
1706 1759 2790 1849 devine l’altercation qui l‘a précédée, le désespoir et le
1698 1815 2258 1885 scandale qui vont la suivre.
1747 1859 2782 1930 Un autre excellent tableau de M. Gérome, c’est
1699 1931 2782 1995 celui qui représente deux musiciens en guenilles,
1701 1988 2775 2052 donnant une sérénade à une petite statue de la vierge
1699 2024 2391 2091 nichée dans une vieille muraille.
1742 2082 2785 2157 Si vous allez à l’exposition, vous aurez bien du
1698 2142 2778 2209 bonheur d’arriver jusqu’aux tableaux de M. Meisso¬
1698 2189 2773 2258 nier sans faire plus d’un quart d‘heure de queue.
1702 2249 2778 2306 Cinquante personnes sont continuellement en extase
1701 2297 2569 2362 devant ces bijoux de finesse et d’élégance.
1740 2354 2771 2429 Mais que vous en dirais-je que vus ne sachiez déjà
1697 2400 2775 2472 Les tableaux de M. Meissonier sont aujourd'hui ce
1698 2463 2775 2522 qu’ils étaient il y a deux ans : des prodiges de talent!
1699 2513 2773 2571 Ce peintre sait peindre comme les maîtres de l’école
1694 2564 2766 2624 hollandaise et jeter l’esprit français à profusion sur
1703 2618 2775 2672 ses toiles microscopiques. On couvre d’or ses moin¬
1694 2670 2783 2723 dres tableaux. Que dis-je? on couvre d’or! — Ceci est
1694 2725 2770 2786 une locution vieillie, chères lectrices, à laquelle je
1702 2781 2782 2834 vous prie de ne point prendre garde. — Quand
1686 2828 2778 2893 M. Meissonier vend un tableau grand comme le quart
1694 2887 2779 2942 d'une page de ce journal, il rirait bien je pense si on
1695 2939 2773 2993 s’avisait de lui donner pour prix d’icelui les quelques
1694 2988 2770 3049 louis qui s’aligneraient dessus! — Couvrez-le; bon
1691 3041 2782 3101 mais mettez plusieurs couches et que chaque louis
1687 3108 2778 3157 serve de baseà une pile ! — Et vous aurez plus tôt fait
1691 3142 2391 3210 de prendre des billets de banque!
1729 3199 2782 3258 Les journaux quotidiens vous apprennent sans
1687 3248 2773 3319 doute les prix fabuleux qu’atteignent aujourd’hui les
1687 3311 2773 3368 tableaux des maîtres anciens et des artistes modernes.
1687 3358 2774 3430 C'est une véritable fureur. On paie maintenant un
1694 3418 2767 3475 tableau grand comme les deux mains le prix que va¬
1687 3476 2497 3543 lait il y a vingt ans toute une galerie.
1729 3528 2773 3607 Peut-être serez-vous étonnées de voir que je vous
1687 3581 2760 3658 occupe presque exclusivement des tab.eaux de che¬
1694 3638 2773 3718 valet, et que les grandes pages d’histoire tiennent
1697 3690 2767 3769 peu de place dans cette lettre; c'est que le talent ne
