2822 3966
1611 102 1686 196 34
565 196 1605 270 Jehan de Meung et Male-Bouche sont un seul et même
572 262 1612 346 personnage, une seule et même bouche outrageuse et
565 313 790 379 médisante.
617 355 1600 443 Donc, Male-Bouche, après avoir convoqué son ban
569 411 1603 473 et son arrière-ban, vient en armes assiéger le château
572 462 1564 531 qu’habitent Franc-Vouloir et ses aimables clientes.
678 555 1213 629 A l’assault, dames, à l‘assault;
682 617 1204 670 A l’assault dessus la muraille!
681 665 1182 726 Cy près est venu en sursault
677 700 1224 769 Male-Bouche en grosse bataille.
678 746 1266 817 A l’assault, dames ! chascune aille
673 795 971 855 A la deffense!...
600 891 1588 963 C’est ainsi que, dès l’entrée de l‘ouvrage, Franc-
564 946 1588 1016 Vouloir donne l’alarme à toute sa garnison féminine.
557 1003 1593 1075 On aperçoit au loin dans la plaine Male-Bouche et son
553 1060 1584 1121 armée, déployant çà et là leurs nombreux étendants.
596 1116 1585 1168 Le héraut d’armes Bouche-d’Or est envoyé pour
552 1164 1584 1228 parlementer avec les ennemis ; il revient triste et dé-
556 1221 1593 1283 concerté, sans avoir pu réussir à leur faire entendre
557 1269 1584 1319 raison. Plus que jamais courroucé par l’insolence et
553 1318 1584 1374 la témérité de Male-Bouche, Franc-Vouloir accepte la
557 1375 1588 1434 guerre, sort hardiment de son château, et va défier
557 1420 1573 1487 en face son autagoniste. Aussitôt le combat com
547 1476 1584 1539 mence. Mais rassurez-vous : on n’emploie d’autres
548 1526 1580 1589 armes que celles de la parole, — qui ne sont pas tou-
549 1568 1584 1643 jours, il est vrai, les moins dangereuses; — et la
547 1631 1581 1704 querelle se vide par le moyen d’avocats pour et contre
553 1673 713 1736 appelés.
585 1734 1584 1792 Male-Bouche confie le soin de sa cause à maître
544 1778 1584 1854 Brief-Conseil l’Estourdi, lequel incontinent commence
541 1831 1588 1893 son plaidoyer, de la voix la plus glapissante qu’il soit
549 1879 1575 1960 possible d’ouïr. Le Champion des Dames lui répond,
541 1927 1588 2004 cela va sans dire, avec toute l’éloquence dont il est
549 1979 1588 2075 capable et que d’ailleurs le sujet comporte. Réplique
544 2031 1568 2113 de Brief-Conseil, nouvelle réponse de Franc-Vouloir
552 2076 1577 2172 C’est un amas de dits et de contredits où, de part et
541 2133 1583 2222 d’autre, les répétitions abondent, ainsi que les injures.
593 2185 1572 2261 On fait trêve un instant, car on ne peut pas tou-
544 2222 1583 2324 jours combattre... c’est-à-dire parler. Les deux camps
539 2296 1584 2379 rivaux s’avisent enfin de prendre Vérité pour juge
540 2335 1569 2426 (mieux vaut tard que jamais), et la bataille recom-
536 2397 684 2453 mence.
583 2415 1573 2531 Male-Bouche, qui ne se sent plus assez fort pour
544 2488 1569 2575 tenir tête à Franc-Vouloir, appelle à son aide un se
540 2544 1565 2628 cond avocat, Vilain-Penser. Ce méchant et discour
537 2597 1572 2695 tois adversaire enchérit sur tout ce que son collègue
537 2645 1571 2742 Brief-Conseil avait déjà imaginé contre les femmes.
535 2695 1583 2790 Il commence par la première, par celle, dit-il, qui a
539 2745 1027 2841 perdu le genre humain :
642 2834 1209 2947 A mort tout le monde a soubmis
645 2907 1165 2969 Et de honteux péché couvert,
646 2955 1260 3014 Pour manger le fruit qu’avait mis
637 2999 1182 3059 Dieu au plaisant paradis vert.
564 3098 1573 3183 Il s’efforce, après cela, de convaincre son auditoire
532 3153 1563 3235 et sa partie adverse, qu’Éve réunissait en elle tous
532 3197 1559 3284 les vices, toutes les imperfections : coquetterie, cu¬
528 3255 1576 3344 riosité, ambition sans frein, esprit d’indépendance et
523 3290 1486 3402 de révolte, etc. La liste est passablement longue.
573 3345 1559 3459 Ce beau dénombrement se termine par la conclu-
525 3388 813 3463 sion suivante :
633 3481 1093 3586 Telle la mère fut, et telles
638 3556 1084 3643 Les filles furent et seront,
1814 200 2399 267 De l’homme ennemies mortelles,
1807 254 2320 338 Et jamais ne s’amenderont.
1734 338 2737 434 Franc- Vouloir se tire victorieusement des raison-
1689 398 2732 471 nements et des exemples que son adversaire accu¬
1690 451 2732 524 mule sans relâche. Il excuse la première femme aux
1692 512 2737 584 dépens du premier homme, et soutient qu’Adam fut
1689 555 2738 625 sans comparaison le plus coupable. N’était-il pas le
1689 613 2732 682 plus fort ? Ne devait-il pas, en conséquence, résister
1689 672 2738 738 victorieusement à la tentation, et du même coup, en
1685 713 2366 775 garantir sa trop faible compagne?
1797 774 2250 880 Si fault-il nécessairement
1805 864 2335 916 Confesser que l’homme pis fit:
1796 916 2353 972 Il, de plus hault entendement,
1797 962 2335 1017 Ne dût estre ainsi desconfit...
1805 1004 2338 1053 Car si la femme appelez fresle
1794 1047 2308 1115 Et d’inconstance l’accusez...
1798 1092 2266 1154 Si fresle fut, or l’excusez:
1802 1146 2366 1194 Fragilité ne peult ferme estre...
1796 1194 2342 1249 Concluons donc en celle part,
1796 1232 2281 1290 Et si n’en soyez jà marry,
1798 1286 2317 1346 Que la transgression ne part
1796 1323 2347 1387 D’Êve autant que de son mary.
1721 1411 2732 1492 Le Champion des Dames ajoute avec raison que si,
1677 1484 2744 1545 par malheur, quelques femmes ont incontestablement
1680 1535 2737 1596 les mauvaises qualités dont a parlé Male-Bouche, on
1682 1585 2734 1641 pourrait en citer un bien plus grand nombre qui pos¬
1680 1643 2736 1696 sèdent les vertus contraires ; que la modestie, la dou¬
1677 1694 2738 1748 ceur, l’humanité semblent être leur partage ; que
1678 1752 2724 1813 nous leur devons beaucoup, en raison des soins vigi-
1677 1788 2733 1862 lants qu’elles seules savent prodiguer à notre enfance;
1680 1841 2742 1906 et qu’enfin, tous ceux qui ont écrit contre elles ne
1670 1897 2500 1954 l’ont fait que par envie ou pour s’égayer.
1722 1923 2732 2007 Après avoir épuisé tout ce qu’il avait à dire des
1670 1991 2738 2058 femmes célèbres par l’héroïsme de leurs vertus, dans
1670 2048 2732 2117 l’histoire sacrée ou profane, Franc-Vouloir termine
1669 2111 2733 2169 en usant de récriminations. En d’autres termes, il
1670 2153 2734 2240 fait à son tour une liste des méchants hommes... et
1673 2198 2532 2264 Dieu sait si elle est abondamment fournie!
1712 2250 2724 2326 La querelle s’envenime, et atteint son apogée d’ar-
1669 2297 2734 2385 deur et de colère. Enfin, le juge Vérité sépare les an¬
1670 2362 2734 2421 tagonistes près d’en venir aux mains, prononce en
1668 2407 2732 2476 faveur du Champion des Dames, et lui met sur la tête
1670 2467 2732 2560 une couronne, ou, comme dit l’auteur, un chapelet de
1670 2511 1845 2584 laurier :
1786 2580 2397 2676 Lors au Champton s’en vient-elle,
1782 2657 2358 2726 Dont tout le monde est esperdu,
1782 2715 2362 2773 Disant : Pource que la querelle
1772 2750 2320 2817 Des dames as bien deffendu...
1778 2808 2354 2863 Franc Champion, tu n’as perdu
1780 2852 2312 2927 Le chappelet verd de laurier.
1709 2929 2717 3008 Cette victoire de Franc-Vouloir coûte la vie à l'in-
1657 2994 2721 3078 fortuné Male-Bouche, que la honte et la douleur font
1659 3066 2723 3126 mourir sur-le-champ. Il tombe, comme frappé d’un
1657 3120 2721 3181 coup de foudre... ce qui réjouit les uns, afflige les
1657 3160 2181 3236 autres, et les sépare tous.
1708 3212 2723 3281 Et voilà ce que c’est que de mal parler des dames !
1704 3265 2717 3338 Martin finit son ouvrage en adressant de modestes
1660 3324 2708 3406 excuses à ses lecteurs, et particulièrement à s es lec-
1655 3360 1798 3445 trices :
1769 3433 2358 3547 Si prie à tous ceux humblement
1770 3518 2430 3608 Lesquelz vouldront cette oeuvre lire,
1770 3572 2370 3624 Qu’ils me pardonnent pleinement
1768 3615 2301 3679 Si riens y treuvent à redire.
