2959 4075
1650 110 1785 207 234
577 204 1665 281 livre. C'est Corinne, de madame de Staël. Je compris,
576 278 1667 339 aux premières pages feuilletées rapidement, que cette
592 315 1667 376 lecture ne convenait pas à Blanche ; mais combien
581 367 1665 425 elle m'enivra ! quelle âme dans ces pages! que de so¬
577 414 1662 501 leil dans ces description de l'Italie! que d'esprit et
590 469 1662 538 d'éloquence ! Jamais programme plus difficile ne fut
581 531 1665 587 mieux exécuté : Corinne est annoncée comme une
587 583 1661 644 femme de génie, et elle dépasse tout ce que le lecteur
592 628 1661 703 peut attendre. Ses improvisations sont admirables,
577 694 1659 745 ses conversation délicieuses, et sa bonté donne un
587 736 1401 836 charme touchant à l'éclat de son génie...
1252 867 1474 956 Mars, 18...
607 939 1651 1019 Ce livre est un événement dans ma vie : j’y pense
559 997 1648 1061 sans cesse. Et c'est une femme qui l'a écrit! Une femme
570 1061 1647 1126 peut donc se faire un nom dans les lettres?... Quelle
562 1111 1650 1170 gloire et quel bonheur ! Peupler le monde des créa¬
558 1164 1650 1225 tions de son âme, donner une vie immortelle à ses
562 1212 1641 1288 pensées et à sesEfon de la fois des autres
558 1268 1641 1342 l’airain les fantômes qui flottent dans notre imagi¬
553 1331 1637 1396 nation ; passionner, par le drame conçu dans.notre
565 1384 1644 1454 propre cœur, un public enivré, qui pleure, aime et
559 1434 1637 1495 tremble avec nous et par nous, oui, c’est de la gloire,
561 1482 1637 1547 gloire périlleuse peut-être, mais séduisante!... Ah!
554 1543 1640 1602 Julie, où tes pensées vont-elles s'égarer? Reviens à la
554 1589 1639 1652 réalité : le petit roitelet envie-t-il le vol hardi de
557 1633 723 1703 l'aigle?
1271 1744 1474 1855 Mai, 18...
590 1846 1637 1906 Je travaille beaucoup; en dehors des heures de
544 1898 1632 1965 classe, j’étudie, et... l’avouerai-je? j‘écris quelquefois.
542 1946 1632 2012 Il y a dans cet air de printemps quelque chose d'ins¬
550 2005 1629 2069 pirateur ; la lyre intérieure s’éveille avec le chant
542 2058 1628 2127 du rossignol. J’ai rimé des vers que j’aï intitulés :
540 2113 1621 2187 Images du passé; je les ai adressés à ma bonne mère,
544 2168 1618 2223 et elle m'a répondu quelques mots attendris qui va¬
548 2210 1061 2287 lent mieux qu'un poème.
1251 2324 1471 2402 Juin, 18...
586 2387 1624 2459 Blanche est tout à fait guérie, mais elle nous
535 2456 1628 2511 quitte pour aller aux eaux; je suis touchée de l’ami¬
539 2508 1622 2572 tié qu’elle me témoigne, et j’espère que ces derniers
538 2571 1629 2651 mois, passés dans la souffrance et dans l’épreuve, lui
539 2607 948 2699 auront fait du bien.
1212 2705 1466 2799 Juillet, 18.
576 2775 1626 2845 Natalie aussi nous quitte bientôt; comme moi elle
533 2825 1619 2900 est destinée à l'instruction, et elle se dispose à subir
529 2884 1621 2952 ses examens. Je l'ai trouvée hier dans la classe, où
528 2936 1619 3011 elle était restée seule, assise devant une sphère et des
533 2988 1613 3074 livres épars à côté d'elle; elle paraissait fort absorbée,
522 3058 1618 3126 et elle dit à haute voix, sans m’avoir vue : « Jamais je
524 3105 1611 3168 n’en viendrai à bout ! jamais! — Qu’avez-vous, Na¬
525 3161 1615 3231 talie ? lui dis-je. — Je n'ai rien! répondit-elle selon
517 3217 1613 3287 la coutume des gens qui ont beaucoup, beaucoup d'hu¬
521 3273 1607 3346 meur. (Depuis qu'elle ne se sent plus soutenue par
522 3317 1606 3398 Blanche, elle est moins insolente, mais toujours hau¬
524 3372 1614 3454 taine et sèche.) — Mais encore? insistai-je. Vous étu¬
1752 193 2843 293 diez pour vos examens, y a-t-il quelque chose qui
1757 263 2847 337 vous embarrasse? — Et quand cela serait? — Eh
1744 321 2836 400 bien ! Natalie, je vous aiderais volontiers à aplanir la
1755 372 2840 450 difficulté. — Vous? — Mais oui ; n'est-ce pas mon
1746 428 2837 511 devoir, d'ailleurs, de vous instruire? — Pas en de¬
1751 469 2830 564 hors des heures de classe. — Toujours, Natalie : il ne
1740 533 2829 607 faut pas régler, d'un esprit avare, les heures que l'on
1751 577 2818 658 donne au devoir. Voyons, est-ce la sphère qui vous
1750 629 2822 736 embarrasse? — Oui... je n’y comprends rien, abso¬
1740 683 2080 754 lument rien... »
1784 732 2821 831 Je m'assis à côté d'elle, et j'essayai de lui démon¬
1743 809 2817 890 trer de mon mieux les détails de la sphère terrestre,
1731 857 2825 931 l'axe et les pôles, l’équateur et le méridien ; la diffé¬
1728 926 2821 996 rence entre la longitude et la latitude, entre le zénith
1737 982 2822 1045 et le nadir, etc., etc. Quoique l’esprit de Natalie soit
1744 1015 2814 1102 pénétrant et vif, elle avait de la peine à comprendre,
1732 1078 2822 1141 et je m'engageai à lui donner le lendemain une nou¬
1735 1123 2818 1204 velle leçon. J’y sacrifierai volontiers mes récréations,
1735 1175 2821 1259 quoiqu’elles soient agréablement occupées pour moi
1729 1241 2826 1314 par la lecture et l’étude des chefs-d’œuvre de notre
1725 1294 2817 1373 langue, étude si nécessaire à qui veut écrire en vers
1731 1340 2818 1415 ou en prove... mais je ne regretterai pas mes heures
1725 1395 2817 1475 tranquilles si je puis être de quelque utilité à cette
1725 1462 2811 1532 enfant, pauvre et dévouée au travail comme moi...
1715 1499 2814 1592 Je haïrais mes rêveries littéraires si elles devaient
1715 1552 2419 1654 entraver un seul bon sentiment...
2404 1698 2640 1776 Août, 18...
1762 1754 2810 1853 Natalie vient de subir, et avec un grand succès,
1720 1817 2810 1906 son premier examen. Ramenée à la pension par sa
1715 1880 2806 1961 mère, elle est accourue vers moi et s’est jetée à mon
1721 1938 2801 2003 cou, en me disant avec l’expension du bonheur :
1724 1981 2808 2058 « Oh! combien je vous remercie de m'avoir aidée
1721 2043 2806 2103 comme vous l’avez fait ! Sans vous et vos bonnes le¬
1717 2093 2461 2151 çons, je n'en serais jamais sortie... »
1758 2145 2800 2224 Et tout à coup, me regardant avec effusion, elle
1714 2206 2793 2271 ajouta : « J’étais si injuste et si méchante autrefois...
1706 2257 2186 2309 me pardonnez-vous? »
1757 2301 2659 2364 Je ne pus lui répondre qu'en l'embrassant.
2379 2459 2703 2546 Septembre, 18...
1769 2527 2796 2604 Voici les vacances tant désirées, je vais partir et
1706 2586 2796 2653 retrouver ma mère; toute la maison est dans un
1713 2645 2793 2701 désordre joyeux, et il y a dans mon cœur un écho qui
1707 2685 2797 2762 répond à cette gaieté, à ces projets, à ses mots d'af¬
1703 2751 2793 2815 fection, à ces au revoir amicalement échangés. Je
1711 2804 2797 2873 pars ce soir, demain je serai dans la petite maison si
1709 2855 2789 2910 chère où m'attendent ma mère et ma sœur, car Léo¬
1698 2910 2795 2973 nide et son fils seront là. Quelle fête ! Depuis une
1710 2955 2796 3043 année je suis seule dans ce grand Paris, depuis une
1699 3019 2800 3083 année je n’ai pas vu une figure aimée, et mon âme a
1703 3069 2793 3132 soif d'amitié et de bonheur. Au revoir donc, maison
1698 3132 2790 3196 sérieuse, où j'ai souffert, ou j'at pleuré, oû j'as com¬
1695 3184 2797 3253 mencé à comprendre le devoir... Ne me soyez pas
1693 3233 2608 3321 trop amère quand je reviendrai vers vous...
2518 3318 2649 3390 M. F.
2047 3380 2664 3475 (La suite à un autre Numéro.)
