2897 4318
1191 188 1366 290 — 111
178 272 1274 346 rêva un peu — peut-être pourriez-vous vous occuper
182 336 1282 425 d’un autre travail, plus agréable et plus productif. Je
182 390 1276 469 ne suis que coloriste, mais vous, madame, vous savez
182 443 1274 507 dessiner, vous avez du talent sans doute, vons pour-
176 499 1218 559 riez faire des images de piété, comme celles-ci...»
224 557 1276 633 Et en parlant elle tira d’un meuble une petite
180 601 1282 687 image, peinte sur papier de riz, et représentant des
174 661 1276 741 emblèmes religieux. « Voyez, continua-t-elle, une de
176 725 1274 785 mes amies avait peint ceci ; elle en avait offert des
174 767 1280 827 échantillons à une grande maison qui fait ce com¬
168 827 1270 899 merce-là; on lui avait promis de la bien payer, mais
178 873 1280 949 elle n’a pas beaucoup profité de la bonne chance ; elle
174 937 1276 987 est tombée malade, et elle est morte... pauvre Cé¬
174 987 1274 1055 cile! avant de mourir, elle m’a donné cette belle
164 1035 1282 1127 image en souvenir... tenez, madame, je vous la prête,
162 1083 535 1157 la voulez-vous? »
204 1143 1276 1224 Eulalie accepta avec reconnaissance; la jeune fille
162 1206 1270 1282 compléta ses explications, et dès le même jour, ma¬
162 1260 1274 1332 dame Guilbert se mit à l’œuvre avec un grand cou-
166 1316 1270 1390 rage. Elle avait conservé sa boîte à aquarelle, et il s’y
168 1364 1274 1434 trouvait quelques morceaux de papier de riz, qui lui
174 1424 1270 1490 servaient autrefois à peindre des écrans. Pendant
164 1466 1268 1542 huit jours, ce travail l’occupa délicieusement; elle
166 1526 1252 1604 goûta une vraie consolation à retracer, sous de mys-
162 1582 1256 1650 térieux emblèmes, les plus saintes vérités de la reli-
158 1642 1270 1718 gion; elle recherchait dans sa mémoire tout ce que ses
162 1688 1264 1764 lectures, ses méditations lui avaient appris sur ce sujet,
162 1750 1264 1822 et elle réussit à peindre une douzaine de miniatures
154 1790 1256 1870 qui, exécutées avec soin, avec goût, avec un senti¬
148 1852 1256 1930 ment vif de piété et de foi, avaient une véritable va¬
150 1902 1262 1980 leur. Le moment redoutable était venu : il fallait offrir
146 1952 1254 2045 son travail et le vendre. Elle se dirigea, timide, trem¬
144 2019 1252 2093 blante, vers le grand magasin dont la jeune ouvrière
146 2067 679 2135 lui avait donné l’adresse.
194 2119 1252 2195 Arrivée là, elle demanda le maître de la maison.
144 2173 1256 2247 Il la reçut froidement, examina longtemps, une à
144 2243 1252 2313 une, chaque image, et il en offrit un prix médiocre,
144 2293 1252 2361 mais qui dépassait ce qu’Eulalie avait espéré. Elle
138 2333 1250 2421 accepta : cet argent, laborieusement gagné, c’était la
142 2391 1250 2471 vie de son fils et de son mari! « Faites-nous d’autres
132 2451 1254 2535 images dans le même genre, dit le marchand, nous
132 2497 693 2573 les prendrons toujours...»
176 2555 1248 2637 A ce mot, qui la rassurait sur l’avenir, une joie
150 2609 1242 2689 profonde remplit son cœur, et jamais, aux jours de
126 2661 1240 2745 la fortune, semblable émotion n’avait exalté son âme.
1360 284 2451 390 Elle revint chez elle, et prit ses pinceaux avec une
1360 348 2449 441 nouvelle ardeur ; elle travaillait sans cesse, elle con¬
1360 398 2445 501 cevait de nouvelles et de plus ingénieuses combinai-
1366 461 2451 557 sons; l’amour de l‘art et l‛aiguillon de la nécessité la
1366 517 2459 601 pressaient à la fois, et rien ne lui semblait impossible
1356 573 2451 671 lorsqu’elle pensait que cet humble talent, ce labeur
1360 631 2455 719 modeste assuraient la vie de sa famille et l’éducation
1360 677 1590 749 de son fils.
1404 739 2455 805 En la voyant travailler avec tant de zèle, Léopold
1360 781 2457 867 d’abord fut surpris ; en apprenant son succès, il parut
1366 839 2455 915 sombre, car la conscience et la vanité lui faisaient de
1368 897 2459 969 poignants reproches, mais la sérénité de sa femme, la
1366 953 2449 1025 douceur de son accueil, le bien-être dont elle cher¬
1364 995 2457 1075 chait à l’entourer, firent enfin vibrer les cordes de
1358 1051 2459 1135 son cœur, si longtemps muettes. Sous l’influence de
1350 1107 2443 1183 la grâce délicate d’Eulalie, son caractère aigri se ras¬
1354 1161 2445 1252 séréna; il commença à chérir ce foyer qu’elle lui ren¬
1360 1230 2445 1298 dait si doux : il s’occupa d’Olivier, il aida même quel¬
1360 1272 2451 1354 quefois sa femme dans les préparatifs de son travail,
1354 1322 2451 1408 et, stimulé enfin par le courage silencieux et con-
1354 1382 2449 1450 stant qu’elle déployait à ses yeux, il voulut travailler
1360 1442 2455 1504 pour celle qui, depuis si longtemps, travaillait pour
1350 1490 2451 1570 lui. Il garda le silence sur ses projets, mais un jour,
1354 1536 2455 1622 il revint joyeux, et, Olivier sur ses genoux, la main
1342 1596 2455 1680 d’Eulalie dans la sienne, il dit avec expansion : « Tu
1344 1658 2453 1722 ne travailleras plus seule! regarde ce papier : je suis
1356 1704 2457 1774 nommé expéditionnaire au Ministère de la Justice...
1352 1770 2083 1832 et j’avancerai, je te le promets!... »
1384 1820 2445 1900 Eulalie pleurait, mais c’étaient des larmes de joie :
1344 1866 2449 1938 elle avait triomphé. La fortune était détruite, le luxe
1348 1930 2443 2005 et les plaisirs envolés à jamais, mais les tendresses de
1338 1972 2439 2053 la famille, autrefois si languissantes, s’étaient retrem¬
1350 2045 2439 2101 pées dans le malheur, et elle allait jouir de la seule
1336 2089 2443 2155 félicité véritable, celle qui naît d’un devoir accompli
1344 2149 2277 2215 et qui s’appuie sur les plus saintes affections.
1384 2199 2433 2277 A ce bonheur si réel et si peu compris, vint se
1338 2233 2433 2321 joindre plus tard la fortune : M. Guilbert et sa sœur
1332 2313 2435 2385 moururent à peu d’années de distance, et tante Féli¬
1338 2365 2431 2431 cité laissa un testament par lequel elle instituait no-
1326 2419 2435 2483 minativement Eulalie héritière de tous ses biens, qui
1334 2479 2435 2537 s’élevaient à vingt-cinq mille francs de rente. Ils en
1332 2523 2433 2587 furent heureux pour Olivier, mais ils se promirent de
1328 2581 2431 2645 l’élever dans l’amour du travail et dans la simplicité,
1320 2633 2429 2695 afin de ne pas appuyer son bonheur sur des bases
1330 2691 1792 2765 périssables et fragiles.
453 3096 2059 3260 LE CHEVALIER DE FAVRAY
961 3270 1562 3390 HISTOIRE D'ARTISTE
162 3580 1216 3681 Ce n’est pas d’aujourd’hui seulement que Paris est
116 3653 1210 3741 devenu le vaste centre vers lequel convergent tous les
124 3715 1210 3789 vœux, toutes les espérances, toute les ambition, et
118 3757 1216 3839 où le talent aspiré à se révéler pour se répandre de là
120 3815 1216 3915 sur le monde entier. Au siècle dernier, il n’était pas,
1300 3474 2401 3584 comme on sait, si mince cadet de famille, n’ayant
1296 3552 2399 3633 que la cape et l’épée, sa jeunesse et sa bonne mine,
1306 3604 2399 3693 qui ne s’y transportât et n’essayât d’ y trouver des
1308 3689 2399 3747 protecteurs puissants. Les faveurs de la cour étaient
1296 3717 2399 3789 une manne abondante que mille et mille solliciteurs
1296 3785 2389 3877 se disputaient. Notre temps ne nous a donc rien ap¬
1300 3829 1896 3923 pris de nouveau à cet égard.
