2897 4318
1204 298 1288 329 223
124 367 1197 420 ment quilles des deux côtés de la jupe; la même
129 416 1200 472 garniture se retrouve sur le devant du corsage, et sur
132 471 1202 524 toute la longueur des manches grecques. Une rangée
129 513 1205 582 de boutons grelots ferme le devant, et court tout au¬
132 577 1193 632 tour des basques et de l’ouverture des manches. Cha¬
129 635 1200 687 peau composé d’une passe en paille grise et d‘un fond
126 681 1190 752 de taffetas avec guirlande de groseilles, fruits et feuil¬
126 722 1187 805 lages; sous la passe, un nœud de ruban, placé sur
126 782 1197 840 le milieu du front, dont les bouts retombent sur des
124 830 1195 917 ruches de tulle. Ombrelle duchesse, en moire doublée,
117 884 507 953 avec volant pareil.
169 923 1197 1009 Toilette de mademoiselle Lilie. — Robe de taffetas,
121 987 1194 1053 avec quilles de velours zéro; sur le corsage, à demi¬
121 1038 1194 1110 décolleté, est une garniture déchiquetée, retenue par
124 1099 1187 1152 un velours; les petites manches rappellent le cor¬
120 1148 1197 1212 sage. Chapeau en paille de riz, forme Louis XIII, orné
122 1210 1193 1269 d’une traîne de roses et d’unc blonde. Bracelets en
126 1261 993 1333 perles avec médaillons. Eventail en ivoire.
166 1297 1200 1386 Tu te plains de Louise et de Berthe, ma Florence,
122 1375 1200 1435 et t’en crois oubliée ; d’abord, les bonnes amitiés ne
125 1421 1197 1486 s’oublient pas ; c’est à tout jamais qu’elles se font une
129 1467 1189 1534 place dans le cœur; ensuite, chacune de nos amies
117 1534 1194 1583 a de telles causes à faire valoir, que déjà je lis le
125 1582 1187 1636 pardon dans tes yeux; Berthe aura bientôt le bon¬
121 1625 1190 1686 heur d’être mère; et notre douce et belle Louise entre
117 1685 1187 1745 en religion; elle commence, demain même, son novi¬
121 1734 1194 1798 ciat, parmi les admirables filles du bienheureux
116 1784 1194 1860 Saint-Vincent de Paule. Quelques personnes croient
117 1833 1194 1927 qu’elle n’ira pas jusqu‘au bout; mais la vocation de
1281 366 2358 461 Louise ne repose pas sur des sentiments humains ; la
1284 435 2357 533 pratique de l’humilité, de la pauvreté, ae la charité,
1282 472 1744 540 ne fera que l'affermir.
1325 525 2360 617 Au revoir, ma Florence. Serait-il vrai que ta bonne
1284 579 2358 666 mère songe à te procurer le plaisir d'une excursion
1287 642 2358 721 en Suisse ? Tes périgrinations me donnent des ailes
1282 694 2360 768 aux talons; je rêve de tourbillons qui m’emportent,
1285 745 2356 817 de flots qui murmurent et m'invitent, de plage ve¬
1281 794 2365 877 loutée, de rocs sourcilleux; c'est te dire que je rêve
1277 851 2366 929 à la Bretagne, et à cette petite ville de Saint-Malo, à
1288 900 2365 982 ce nid de marins et de poètes, où je crois bien que
1276 942 2365 1036 nous allons nous échapper, l'un de ces jours. Je te
1284 1010 2361 1077 raconterai cela le mois prochain; mais, conte pour
1285 1068 2354 1149 conte, tu me parleras de Genève et de la Kongfrau!
1323 1122 2358 1186 Il faut que j'aie bien décidemment une dent contre
1277 1179 2361 1238 nos rébus, car je suis toujours sur le point de les ou¬
1281 1216 2358 1299 blier; voici cependant l’explication de celui de juin :
1485 1278 2036 1338 A chaque pays, ses sabots !
1329 1323 2342 1397 Puisque tu vas bientôt voyager, dépêche-toi de vé¬
1285 1379 2361 1443 rifier la justesse de ce proverbe, pendant qu'il est en¬
1276 1432 2361 1512 core vrai, car bientôt, grâce à nos rapides moyens de
1276 1484 2368 1564 locomotion, et à toutes les inventions modernes qui
1276 1544 2350 1617 tendent à rendre si faciles et si multipliés les rap¬
1277 1594 2358 1659 ports entre tous les peuples, et peut-être aussi un peu,
1270 1644 2360 1710 modestie à part, grâce au Journal des Demoiselles, il
1277 1690 2358 1761 te faudrait sortir de notre monde sublunaire pour
1277 1756 2358 1810 trouver de nouveaux sabots, et ce voyage, j’espère
1273 1799 2360 1862 bien que tu n’es pas encore près de, quoique j’aime à
1278 1855 1994 1931 te croire toujours prête à, le faire.
994 2243 1459 2375 ÉPHÉMÉRIDES.
828 2443 1631 2492 6 juillet 1535. — Mort de Thomas Morus.
158 2615 1194 2689 Des talents extraordinaires, une science profonde
110 2681 1182 2735 avaient porté Thomas Morus à la charge de grand chan¬
117 2721 1179 2784 celier d'Angleterre, mais le rang le plus élevé, l'am¬
116 2770 1194 2830 bition, la fortune furent sans attruits pour lui dès
124 2827 1185 2900 qu’il ne put les concilier avec la vertu. Henry VIII,
120 2879 1182 2942 épris d'Anne Boleyn, avait rompu les liens qui le
124 2928 1182 2993 tenaient attaché à l’église romaine ; il s’était proclamé
126 2988 1180 3059 chef suprême de l’église d’Angleterre. Morus ne pou¬
122 3036 1187 3112 vait le suivre dans cette voie. Il se démit de sa charge
122 3079 1172 3146 et se retira à la campagne pour y vivre avec sa fa¬
122 3136 1180 3218 famille et ses livres. On employa toutes sortes de
116 3203 1174 3271 moyens pour lui arracher le serment de suprématie,
125 3233 1182 3312 que le tyran anglais exigeait de ses sujets; on le
131 3291 1174 3373 jeta en prison, on le priva de ses livres; toujours Mo¬
120 3347 1179 3441 rus s’y refusa noblement. Sa femme, le conjurant
1273 2623 2341 2689 d’obéir au roi, de conserver sa vie pour le soutien de
1270 2689 2342 2749 ses enfants : « Combien d’années, lui dit-il, pensez¬
1270 2743 2335 2785 vous que je puisse vivre? — Plus de vingt ans, ré¬
1277 2791 2343 2846 pondit-elle. — Ah! ma femme, s’écria-t-il, voulez-
1270 2846 2343 2928 vous donc que je troque l’éternité contre vingt
1265 2890 1444 2944 ans?... »
1310 2935 2343 3004 Henry VIII, le voyant inébranlable, lui fit trancher
1257 2982 2331 3067 la tête. Il se prépara à la mort par la prière et la pé¬
1266 3064 2338 3104 nitence, et mourut avec le courage des martyers, en
1272 3102 2335 3163 prenant le peuple à témoin qu’il mourait dans la foi
1258 3161 2328 3214 catholique. Sa fille bien-aimée, Marguerite Roper,
1258 3208 2320 3282 eut le courage de l’exhorter à confesser sa foi; elle re¬
1258 3269 2327 3320 ßueillit ses restes et ne se consola de sa douleur fi¬
1258 3312 2192 3384 liale que par la prière et la culture des lettres.
