2939 4158
1523 90 1652 175 376
1192 263 1986 378 Revue Musicale.
478 430 1548 525 Il faut rire vite, a dit un philosothe, de peur de mourir
440 504 1548 576 sans avoir ri. Maître Griffard a donné raison à cetöpho¬
445 551 1551 625 risme, en s'épanouissant pour un jour sur les planches du
441 600 1547 669 Théâtre-Lyrique. Hélas! il a vécu ce que vivent les roses,
440 666 1545 717 malgré le talent des auteurs et la verve des comédiens.
440 693 1545 775 Aussi pourquoi apporter sur une scène sérieuse des pro¬
440 751 1544 818 ductions qui feraient un excellent effet à la salle Choiseul,
434 797 1540 862 mais qui n'ont en aucune façon les éléments d'un opéra.
434 852 1540 920 Les pochades qui font rire sans intéresser le public intelli¬
437 902 1541 965 gent, n’obtiennent de succès que dans le cénacle de M. Of¬
437 959 1543 1016 fenbach. Comment MM. Mestépès, auteur du libretto, et
427 1006 1545 1059 Léo Delibes, auteur de la musique, ont-ils pu se tromper de
427 1055 1538 1113 route ? Leur petite pièce bouffonne aurait vécu dans le sanc¬
427 1095 1538 1162 tuaire profane des jeux et des ris, comme eut dit Florian,
430 1150 1543 1220 tandis qu'il est mort sur le boulevard du Temple. Mais
427 1200 1538 1258 les choses sont ainsi faites dans notre monde de contrastes:
427 1254 1538 1299 Griffard poussait à peine son dernier soupir, que Margot
421 1300 1534 1350 sortait de ses limbes. — Margot, la petite paysane nor¬
427 1357 1534 1409 mande, toujours gaie, tou jours pimpante, touzours gra¬
430 1402 1534 1454 cieuse, a fait une entrée véritablement triomphante dans
427 1448 1527 1498 le monde où l’avait conviée M. Carvalho. — Si je devais
434 1496 1524 1554 énumérer les rares qualités, la hardiesse incomparable,
427 1548 1531 1598 les vocalises étourdissantes dont cette petite héroïne en
427 1592 1531 1651 jupe de droguet fait preuve dans l’œuvre de Messieurs de
417 1648 1534 1707 Leuven et Clapisson, il faudrait écrire un volume dont nos
418 1693 1530 1755 jeunes lectrices s’amuseraient moins qu’à voir elle-mêmes la
424 1744 1528 1799 pièce dont il est question; je me bornerai donc à dire que
424 1792 1530 1847 les succès de la Fanchonnette et de la Reine Topaze ont été
414 1845 1530 1905 dépassés par celui de Margot. Ce n'est pas que le poème de
418 1891 1527 1944 cet ouvrage ait un grand mérite littéraire, et que le sujet
410 1941 1519 1992 soit de nature à intéresser vivement le public. C’est une
420 1995 1521 2041 petite historiette toute simple, où l’on ne découvre rien
417 2040 1523 2100 qui ne soit connu au théâtre depuis longtemps; mais les
403 2091 1521 2138 auteurs en ont su tirer parti. Les scènes se succèdent sans
410 2136 1521 2196 longueur, la musique est sagement appropriée aux paroles,
406 2186 1516 2250 il y a parfois une gaieté vraie, parfoi un sentiment naïf;
410 2231 1514 2291 enfin, le tout, sans être une œuvre remarquable, est sau¬
418 2284 1516 2343 poudrée par madame Miolan-Carvalho de tant de sel, de
403 2326 1519 2417 tant de grâce, surtout de tant de talent, que chacun en est
404 2375 590 2433 enchanté.
445 2409 1510 2486 L’ouverture de Margot se borne à uneefrduction pas¬
400 2474 1514 2532 torale où les violons, les altos, les violoncelles, les clari¬
390 2534 1513 2595 nettes, prétendent imiter à tour de rôle le chant du coq,
400 2567 1513 2629 la brise du matin et le gazouillement des oiseaux. Avouons
411 2625 1510 2692 qu'il faut beaucoup de bonne volonté pour trouver cette
396 2668 659 2730 ressemblance.
445 2720 1505 2784 Un petit duo, ou plutôt une romance à deux voix entre
394 2775 1510 2833 madame Miolan et Froment, ouvre le premier acte. Puis
403 2819 1505 2888 vient un autre duo, chanté par madame Miolan et Mont¬
403 2860 1506 2930 jauze, dont le style et la verve ont mérité les honneurs du
392 2919 1507 2980 bis. On a remarqué dans le second acte les couplets de
390 2964 1506 3032 Meillet : Va, mon enfant, qui vivra verra, qui sont d'une
386 3019 1507 3091 bonne facture, un chant de brave dont la mélodie n'a
1640 452 2763 528 rien de neuf, et l’air des fleurs, par Margot, avec des ger¬
1634 500 2761 578 bes de vocalises, d’arpéges, de trilles, tout un poème d‘ara¬
1643 558 2757 611 besques qui a soulevé l’auditoire. Cet incroyable point d’or¬
1645 614 2757 678 gue ne peut se formuler. Ce n'est pas de la musique, c’est
1638 659 2765 723 un feu roulant de fantaisies et de difficultés. Un chœur de
1644 718 2763 782 paysans, qui commence le troisième acte, est traité avec
1636 766 2754 821 assez de franchise ; le duo entre Meillet et mademoiselle
1634 810 2754 866 Girard, et l’air chanté par madame Miolan, ne doivent leur
1634 855 2748 928 valeur qu’à la manière remarquable dont ils sont exécutés.
1626 900 2753 971 Les couplets de mademoiselle Girard, Peut-être q’ j’en au¬
1627 962 2754 1021 rais fait autant, ont été redemandés par la salle entière.
1627 1010 2747 1066 Bref, la pièce n’a réussi que grâce au talent des interprètes,
1636 1058 2754 1124 et nous pouvons affirmer, sans crainte d’être démentis, que
1627 1107 2732 1162 madame Miolan-Carvalho est tout le succès de l’ouvrage.
1675 1155 2751 1221 Nos lectrices ont pu remarquer, si elles se sont donné la
1636 1206 2751 1266 peine de lire nos articles avec quelque attention, que nous
1627 1258 2748 1320 avions une grande propension vers la musique religieuse.
1630 1307 2746 1361 Les plus nobles sentiments de l’âme traduits dans une lan¬
1630 1362 2751 1412 gue subline, voilà certes ce que nous plaçons beaucoup
1621 1409 2751 1459 au-dessus des créations même les plus remarquables de la
1626 1461 2746 1520 musique profane. Aussi regardons-nous comme une bonne
1624 1502 2747 1567 fortune la composition d’un auteur moderne qui consperre
1627 1548 2747 1605 son talent au genre sacré. M. Benoist, professeur au Con¬
1624 1603 2750 1658 servatoire et organiste de l’empereur, a fait exécuter le
1630 1654 2748 1707 jour de la Toussaint à Saint-Eustache, une fort belle messe
1624 1709 2743 1762 en musique, de sa composition. De grandes et sérieuses qua¬
1619 1740 2744 1813 lités se font remarquer dans cet ouvrage, écrit avec le
1624 1798 2746 1853 charme et la pureté d’Haydn. Le Kyrie, cette prière du
1616 1850 2741 1906 chrétien implorant la divine miséricorde, a jeté dans l’âme
1616 1893 2734 1950 des auditeurs cette émotion qui la dispose à écouter et à
1612 1947 2737 2002 sentir les bienfaits de la parole sainte. Le Christe d’abord
1610 1995 2740 2058 en solo pour ténor, puis repris en chœur, est une page
1609 2053 2732 2105 vraiment grande, vraiment religieuse ; le Gloria est bien un
1612 2093 2737 2157 chant de triomphe. Le Gratias en quatuor et solo est dialecto¬
1610 2153 2733 2202 gué et ciselé comme une messe de Cherubini. Le Sanctus,
1612 2195 2737 2255 l'Hosânna, l'O salutaris, l’Agnus Dei, tout a été admirable
1616 2234 2727 2298 de profondeur, d’élévation et d‘harmonie. Partout on sent
1603 2289 2727 2351 dans cette composition magistrale un sentiment de la foi,
1612 2339 2727 2396 qui pénètre, une grande manière qu’on admire; l’Offertoire
1602 2395 2729 2447 a été joué par M. Edouard Baptiste, sur le grand origue de
1602 2427 2729 2513 Barker ; c’était le préclude et la fugue en ut mineur de J. S.
1599 2479 1721 2550 Bach.
1643 2533 2726 2602 Nous devons mentionner un événement qui est appelé à
1603 2584 2725 2650 faire sensation dans le monde musica. La jeune veuve de
1602 2630 2725 2713 l'éminent Fumagalli est décidée à accepter la rude carrière
1603 2678 1891 2737 du professorat.
1640 2720 2719 2789 Le talent remarquable qu’on lui connaît, le courage dont
1598 2779 2727 2843 fait preuve une jeune femme qui, par la haute position de
1595 2839 2716 2895 son mari dans l’art, était destinée à une vie moins labo¬
1598 2884 2723 2947 rieuse, ne manqueront pas sans doute d’éveiller en sa faveur
1595 2927 2716 2992 de vives sympathies, et de lui amener de nombreux élèves.
2243 2988 2594 3056 MARIE LASSAVEUR.
1106 3140 1992 3273 Economie Domestique
430 3320 1503 3385 MANIÈRE DE NOTTOYER LE BOIS DORÉ. — En¬
380 3377 1505 3440 lever préalablement toute la poussière, laver ensuite
383 3439 1500 3498 délicatement pendant une minute avec un pinceau
383 3492 1502 3546 trempé dans le liquide dont suit la formule, éponger
379 3543 824 3628 à mesure qu'on lave.
671 3628 1199 3716 Préparation du liquide :
414 3704 1499 3785 Mêler ensemble dans une fiole cinq grammes de
368 3760 1262 3853 savon vert et deux décilitres d'eau-de-vie.
1847 3319 2440 3411 des vois en dauia
1636 3381 2706 3463 Piquez le foie de gros lardons; mettez-le dans une
1578 3460 2705 3536 casserole avec du lard, des oignons, des carottes,
1585 3504 2705 3575 poivre, sel, un bouquet garni et un verre de vin
1574 3557 2703 3633 blanc ; faites cuire pendant trois heures, feu dessus
1572 3620 2701 3692 et dessous. Servez chaud avec les légumes. En ajou¬
1576 3668 2702 3732 tant un pied de veau au foie, le jus se congélera en
1574 3718 2698 3787 refroidissant. Froid, entouré de gelée, c'est un joli
1568 3771 1941 3867 plat de déjeuner.
