2897 4318
1217 169 1325 253 363
165 230 1218 311 se défier de leurs conséquences; elle aurait fait les
172 309 1223 366 sacrifices les plus importants, sans réflexion et sans
165 354 1223 423 examen, se reposant sur la droiture de ses intentions,
165 411 1221 472 et ignorant, hélas ! que l’effet n’est pas toujours en
160 462 1222 524 rapport avec la cause, que le dévouement le plus gé¬
160 514 1084 573 néreux peut être à la fois inutile et dangereux.
206 566 1218 631 Toutes les idées généreuses exprimées par M. de
159 611 1214 688 Gontheraut trouvaient un écho en elle; elle admi¬
159 660 1214 726 rait à la fois son désintéressement, l’énergie de ses
169 721 1219 782 convictions, la douceur de ses manières. Il proférait
160 772 1214 821 rarement une parole de blâme ou même de désap¬
163 829 1214 883 probation, et, ce qui aurait paru affecté ou suspect à
165 877 1214 932 ceux qui, ayant quelque expérience de la vie, auraient
171 928 1218 995 vu que l’on déteste le mal quand on aime le bien,
164 981 1218 1051 charmait Pauline, en lui présentant le principal trait
159 1033 1211 1095 de son caractère, c’est-à-dire l’exagération de tous les
163 1074 532 1139 nobles sentiments.
202 1132 1213 1201 M. de Gontheraut fut charmant ce jour-là, comme
157 1185 1215 1258 toujours; à la fois sérieux et plaisant avec M. Bertaux,
161 1250 1219 1305 respectueux et grave avec Pauline, gai et rieur avec
163 1288 1214 1353 Cécile, il ravit ses hôtes, et fut vivement engagé à re¬
157 1350 1214 1408 nouveler sa visite; ce qu’il ne manqua pas de faire.
156 1389 1211 1455 Les messieurs Simon vinrent aussi; mais toujours
163 1449 1213 1505 occupés, ils ne donnaient à leurs amis que quelques
161 1493 1213 1568 heures, employées le plus souvent en détails indus¬
163 1551 1213 1617 triels et financiers qui intéressaient M. Bertaux,
160 1606 1218 1665 mais paraissaient fastidieux à ses filles. Maurice était
161 1658 1209 1725 si naturellement bon, qu’il ne songeait pas à le pa¬
160 1714 1213 1764 raître. Il était timide d’ailleurs, et l’étalage de senti¬
157 1759 1213 1822 ments qu’il pensait devoir être communs à tous les
163 1805 1214 1871 hommes, lui semblait inutile et choquant. Quand il
163 1873 1218 1920 avait rendu autour de lui tous les petits services que
160 1912 1211 1973 commande la véritable politesse , celle qui consiste
164 1957 1197 2035 à préférer constamment les autres à soi, et qui com¬
163 2017 1210 2087 porte tant de qualités délicates et de sentiments géné¬
161 2078 1214 2141 reux, qu’elle est presque une vertu; cette politesse que
156 2112 1218 2189 l'on ne possède qu'en étant parfaitement bon, et que
163 2169 1218 2231 les égoïstes seuls raillent en affectant de la confondre
153 2232 1214 2283 avec l’hypocrisie; quand il avait cédé la meilleure
164 2267 1206 2341 place, qu’il avait écouté avec complaisance des dis¬
157 2333 1211 2390 cours oiseux, quand il avait laissé le champ libre à
161 2371 1213 2453 toutes les petites prétentions, il se mettait volontiers
159 2425 1211 2502 au second plan, soit par timidité, soi par hauteur,
153 2478 1206 2542 et peut-être ne pouvait-on mieux définir son caractère
165 2538 1210 2611 que par le mélange de ces deux sentiments qui ne
152 2583 758 2638 sont opposés qu'en apparence.
202 2628 1207 2694 Quelque temps s’était écoulé. Le mois de juillet
159 2690 1206 2752 était revenu avec toutes ses splendeurs. Le soleil
153 2746 1211 2796 s’était levé radieux, et chacun, dans l’habitation de
153 2784 1209 2849 M. Bertaux, saluait l’une de ces journées où la terre
156 2846 1209 2902 et le ciel présentent tant d’éclat, de couleurs radieuses
160 2898 1202 2964 et de parfums pénétrants, que les âmes les plus re¬
152 2944 1206 3009 belles se laissent aller au charme qui émane de toutes
152 2990 1206 3063 choses. Madame Lemayer avait deux ou trois visiteurs,
153 3044 1202 3108 parmi lesquels se trouvait M. de Gontheraut, arrivé
157 3101 1200 3170 depuis la veille, et tout le monde devait se réunir
153 3145 976 3200 pour faire une promenade dans les bois.
201 3196 1200 3264 Cécile fut prête la première, selon ses habitudes,
153 3249 1197 3305 et réussit, à force de gronder sa sœur et de presser
151 3304 1194 3363 son père, à partir quelques moments avant l’heure
148 3354 1200 3409 convenue. On allait chercher madame Lemayer et
151 3400 1189 3462 ses hôtes, et l’on ne devait quitter le bois que pour
153 3458 1192 3514 revenir dîner. Le temps était magnifique, et en face
151 3505 1196 3572 des splendeurs de cette belle journée, la gaieté des uns
148 3558 1193 3618 augmentait, et les autres sentaient diminuer leurs
148 3606 1196 3691 soucis. M. de Gontheraut seul paraissait accablé à
1300 257 2338 356 tel point, que Pauline lui demanda s’il était souf¬
1300 313 1415 382 frant.
1342 361 2342 469 « Oh! mon Dieu, pas plus qu’à l’ordinaire, répon¬
1304 435 2342 513 dit-il en rêvant; mais je suis contrarié d'avoir à livrer
1304 477 2350 569 un travail important, et de ne pouvoir m'y mettre
1299 536 2342 626 sérieusement. Que me manque-t-il, pourtant? Ne
1299 583 2341 659 suis-je pas dans les meilleures conditions pour pro¬
1300 632 2341 719 duire une œuvre,—je n'ose dire remarquable, — mais
1299 680 2342 772 consciencieuse ? Une existence calme, la campagne,
1299 742 2343 816 cette éternelle source d’inspirations, des amis amel¬
1301 784 2343 864 lents et qui pourraient me servir de guide et de con¬
1292 841 2351 918 seillers pour toutes ces Euances délicates qui viennent
1300 887 2346 976 du cœur et qui y vont si sûrement. — Qu’est-ce
1301 939 2337 1030 donc? Pourquoi ce découragement, pourquoi se vide
1303 1000 2338 1075 dans mon cerveau? Peut-être parce que je n’ai per¬
1292 1059 2345 1137 sonne près de moi qui soit directement intéressé à
1293 1095 1866 1162 mes luttes et à mes succès...
1415 1157 2343 1243 Vous avez des amis, monsieur, vous le disiez
1296 1196 1432 1262 tantôt.
1357 1246 2346 1329 Sans doute ; mais rien ne remplace ces sentiments
1301 1313 2342 1389 tout-puissants que créent les liens de famille. Si
1304 1358 2347 1443 j’avais une mère, — une sœur, qui puissent être fières
1304 1415 2345 1494 un jour de porter mon nom, je sens que leur tendresse,
1303 1468 2354 1531 que la respective de leur joie, la certitude de leurs
1297 1522 2346 1586 affection décupleraient mes forces, et que j’arriverais
1305 1570 2353 1640 peut-être.. Mais je suis seul; je ne saurais me faire
1293 1619 2351 1691 à une gloire égoïste et solitaire, et je resterai ce que
1296 1665 2342 1748 je suis, — ignoré et délaissé... Pardon, mademoiselle,
1300 1729 2346 1789 je vais trop loin; je vous ai parlé de moi, c'est un
1292 1780 2345 1854 manque de savoir-vivre dans notre monde parisien;
1301 1821 2346 1899 j’ai oublié un moment que je n’étais qu’un parasite
1292 1889 2341 1960 au milieu des affections qui entourent votre foyer;
1301 1926 2343 2000 j’ai oublié que je devais l’intérêt que me témoigne
1300 1988 2346 2045 votre famille uniquement à ce sentiment Aublime qui
1297 2046 2338 2094 s’appelle la charité. Je suis quelquefois tenté d’en re¬
1305 2090 2341 2150 pousser les consolations, non par ingratitude, ah!
1292 2146 2347 2214 croyez-le bien, mais parce qu'une âme fière et tendre
1293 2193 2341 2250 ne saurait se contenter de ce sentiment qui s’adresse
1296 2252 2340 2320 non à l’individu, mais à l'espèce. J’ai oublié que je
1292 2297 2334 2369 n’étais qu’un indifférent, accueilli aujourd’hui, ou¬
1296 2346 2340 2411 blié demain... L'affection est une si douce chose, qu'il
1293 2403 2341 2464 est difficile de s’en tenir aux semblants qui suffisent
1293 2456 2343 2518 aux gens du monde, exacts à ne rien demander, de
1297 2501 2334 2560 peur d'être eux-mêmes mis en demeure de donner
1297 2552 2333 2607 quelque chose; moi qui ne puis me contenter d’un
1292 2597 2334 2656 langage vain et vide, je mets amicalement ma main
1296 2649 2329 2710 dans la main qui est tendue vers moi, et je m’expose
1293 2710 2326 2788 souvent à être déçu, — ou indisiret comme en ce
1288 2755 1469 2812 moment.
1366 2771 2324 2862 — Et pourquoi, monsieur, dit Pauline avec émo¬
1283 2853 2329 2910 tion, pourquoi n’auriez-vous point confiance dans
1283 2907 2318 2969 l’affection qui vous est témoignée par notre famille?
1288 2957 2322 3019 Pourquoi la confondre avec ces formules banales que
1283 3003 2310 3070 l'on accepte et que l'on répète sans y attacher d'im¬
1288 3064 2318 3141 portance? Madame Lemayer, mon père, ses amis,
1276 3114 2187 3165 tout le monde, ici, s'intéresse à votre bonheur.
1326 3155 2318 3227 — Tout le monde, mademoiselle? Quelle bonne
1288 3220 2318 3273 parole vous venez de prononcer ! Puissé-je y croire
1280 3268 2314 3333 toujours comme en ce moment, je n’aurais plus de
1285 3306 1879 3380 découragement à redouter ! »
1325 3353 2318 3429 Pauline fut un peu troublée; il lui semblait n’avoir
1276 3416 2317 3489 rien dit que de fort simple. D'où venaient donc cette
1279 3476 2312 3550 satisfaction, cette reconnaissance exprimées par M. de
1279 3522 2314 3597 Gontheraut? Elle ne put s'empêcher d’y penser pen¬
1279 3568 2312 3651 dant toute la promenade, et le soir, pendant le whist
1276 3612 2306 3708 que l'on faisait faire à madame Lemayer, M. de Gon¬
