2822 3966
1604 107 1696 183 28
569 183 1610 266 daient plus douce encore! Eh bien! il ne sera pas dit
560 255 1612 326 que mon courage aura fait défaut à la circonstance !
712 334 1176 434 Rodrigue, as-tu du cœur?
604 425 1606 509 J’ai du cœur, j’aj une bonne volonté à toute épreuve;
559 496 1612 571 si, avec ce bagage, je ne réponds point entièrement aux
560 555 1595 613 exigences de nos correspondantes, qu’elles soient blan
560 607 1589 673 ches, noires ou cuivrées ; qu’elles portent leurs an
564 652 1602 724 neaux d’or au nez ou aux oreilles ; leurs bracelets à
564 704 1602 767 la jambe ou au bras; leurs bagues au petit doigt ou
565 766 1602 816 au pouce; qu’elles montrent leur visage ou le dérobent
568 814 1597 866 sous les ondulations du voile ; car nos correspondan¬
565 863 1601 921 tes sont de tous les pays, tu le sais ; si donc je ne
569 913 1597 974 satisfais point à toutes leurs exigences, avoue que j’au¬
569 965 1604 1021 rai du malheur! Espérons mieux ! Audaces..... Grand
569 1013 1606 1084 Dieu! il me semble que je parle latin! comme si cette
565 1064 1597 1134 langue m’était connue ! Ne va pas le croire, au moins
565 1117 1602 1176 je m’en défends!... Tiens, pourquoi donc est-ce que
565 1177 1597 1239 je m’en défends avec tant de chaleur ? Y a-t-il pour
572 1227 1594 1279 une femme quelque honte à savoir le latin? Certaine
575 1275 1599 1332 petite Camille, de ma connaissance et de la tienne, se
569 1324 1597 1382 redressera sur ceci, et ne manquera pas de faire à sa
565 1378 1587 1428 cousine Anna ou à sa poupée un long speech sur l’en
568 1427 1589 1494 tière égalité de l’homme et de la femme, sur leurs apti-
569 1478 1597 1545 tudes semblables, sur leur intelligence identique; qui
565 1531 1590 1586 sait même si, dans le déluge de paroles qui se succéde
565 1586 1599 1636 ront plus vite que, sur la rive, les flots ne succèdent aux
569 1634 1590 1688 flots, elle ne se laissera point emporter jusqu’à avancer
564 1678 1597 1753 cette énormité, que la femme est plus généreusement
560 1738 1594 1804 douée que son seigneur et maître ; que les arcanes
563 1783 1585 1848 de la science ne lui sauraient être interdits; que.....
560 1837 1597 1891 Mais, permets-moi de ne la point suivre dans son
569 1896 1597 1950 vol trop hardi, et, s’il te plaît, redescends avec moi
557 1935 1117 1994 en de plus humbles régions.
604 1990 1594 2052 Il faut que nous soyons instruites; en notre siècle, il
561 2036 1597 2115 n’est plus permis de ne l’être pas; mais il faut aussi
569 2097 1585 2149 que nous soyons femmes de ménage, mères de famille
560 2146 1597 2201 maîtresses de maison ; nos études, allant au delà
560 2199 1594 2261 des sages limites que leur a marquées l’expérience,
563 2256 1590 2306 empiéteraient sur quelque devoir; si je commente
560 2302 1601 2368 Platon et Virgile, je suis bien capable d’oublier de
556 2344 1591 2423 raccommoder mes bas, alors, il vaut mieux que je
553 2405 1594 2464 raccommode mes bas, et que je me contente des tra-
553 2457 1602 2524 ductions, quelles qu’elles soient. Telle est l’opinion de
557 2497 1591 2567 beaucoup de gens sensés; cette opinion fait loi, et cette
553 2558 1177 2632 loi, je m’y soumets avec plaisir.
601 2610 1594 2670 Tout à l’heure, je disais, en parlant des traductions...
556 2652 1599 2734 mais, Seigneur ! que je suis bavarde, aujourd’hui! Je
557 2721 1585 2786 vois ce que c’est; je cherche à tromper mes regrets
547 2753 1595 2841 à défaut de ma langue, muette forcément, puisque
547 2819 1589 2896 chaque minute qui s’envole t’éloigne de moi, je laisse
548 2876 1573 2934 courir ma plume; halte-là ! à un autre jour mes ré
548 2932 1599 2991 flexions sur les traductions, si tu y tiens, et si le
549 2979 1585 3049 temps de sa grande aile déplumée ne les a point ba¬
548 3025 1590 3093 layées de mon cerveau. N’est-ce pas qu’elles sont
553 3072 1582 3146 laides, les ailes du temps ? L’époque ne te semble-t
564 3131 1594 3199 elle pas venue qu’on y substitue quelque autre moyen
563 3179 1599 3262 de location? Cela m’ennuie de voir qu’il n’y ait
553 3230 1589 3315 rien à quoi le progrès ne s’attaque, sinon à la vieille
556 3272 1586 3355 image du temps; cela m’ennuie que... mais, non
551 3330 1594 3427 non, ce n’est pas cela ; ce qui m’attriste, ce qui me
552 3395 1586 3468 prédispose à la critique et à la méchante humeur,
556 3444 1594 3524 faut-il te l’avouer? c’est de penser que voilà encore
559 3493 1595 3588 une année de finie, une année que le temps emporte,
556 3544 1629 3661 une année que je n’ai peut-être pas bien employée,
1698 196 2707 285 et qu’il me sera un jour demandé compte de mes ac-
1688 266 2718 359 tions...... et même de toutes mes paroles inutiles!
1694 302 2424 389 Passons bien vite à nos explications.
1736 397 2719 462 1 et 2, COL ET MANCHETTE dont les petites proportions
1701 450 2725 518 vont te faire sourire, j’en suis sûre, car je connais
1692 486 2735 560 ton peu de sympathie pour ces immenses cols dont
1690 551 2726 617 la mode nous avait affublées pendant quelque temps;
1692 601 2729 668 ce dessin, qui se fait au plumetis, est joli et facile, si
1694 655 2735 715 vite fait que cela ne vaut presque pas la peine d’en
1692 708 2735 767 parler, et puis combien il est plus agréable pour moi
1692 755 2729 816 de pouvoir t’envoyer quatre cols au lieu d’un seul en-
1694 803 2723 874 vahissant toute notre planche ; ces cols, bien entendu,
1689 855 2719 911 doivent être montés sur un petit col brisé, de la lar-
1689 903 2737 990 geur d’un doigt, par derrière, et se terminant en
1689 963 2158 1033 mourant, sur le devant.
1730 1025 2731 1082 3, GARNTURE assortie au col et qui peut te servir
1694 1073 2731 1134 dans le cas où tu préférerais une manche bouillon à
1682 1124 2202 1180 la petite manchette plate.
1737 1185 2735 1243 4 et 5, COL ET MANCHETTE, plumetis simple avec un
1685 1240 2735 1295 semis d’œillets ombrés ; ce col et la manchette sont
1694 1293 2729 1354 entourés d’un double rang de petite dentelle tuyautée ;
1682 1343 2738 1399 si tu tenais à ne pas agrandir ce col, tu devrais ne
1682 1392 2397 1455 mettre qu’un seul rang de dentelle.
1725 1447 2733 1526 6, BAS DE JUPON, se plaçant au-dessus d’un ourlet;
1684 1507 2733 1597 ce dessin, qui se fait au feston, peut aussi servir pour
1685 1555 1968 1642 taie d’oreiller.
1742 1633 2580 1692 7, ENTRE-DEUX, plumetis et œillets ou pois.
1725 1704 2741 1773 8, Écusson, renfermant la lettre J ; plumetis simple
1681 1760 1881 1831 ou feston.
1728 1819 2114 1903 9, V. D., plumetis.
1730 1895 2237 1962 10, P. C., æillets doubtless.
1730 1944 2143 2015 11, R. M., plumetis.
1730 2006 2163 2085 12, M. A., plumetis.
1737 2063 2131 2154 13, C. B., plumetis.
1725 2141 2228 2211 Ici finit la petite édition.
1725 2229 2742 2310 14, ENTRE-DEUX, plumetis ; il peut être alterné avec
1689 2288 2590 2360 des entre-deux de guipure ou de valencienne.
1733 2364 2731 2412 15, Écusson pour mouchoir, avec les lettres EDL.
1682 2409 2741 2467 L’écusson doit être fait au plumetis et mélange de
1682 2467 2726 2530 point d’échelle. Les lettres seront aussi bien au plu-
1677 2517 2373 2590 metis simple qu’au point de feston.
1728 2580 2305 2667 16, E. E. enlacés ; plumetis.
1725 2647 2733 2747 17, Ernestine, plumetis et æillets, ou pois, dans le
1676 2709 1832 2778 milieu.
1736 2775 2731 2840 18, DESSUS DE GUÉRIDON ; ce dessin se brode au passé
1682 2826 2731 2888 avec mélange de soutache et de galon; le fond doit
1682 2881 2741 2942 être en drap ou en velours ; la première étoffe étant
1685 2940 2735 3001 plus simple, me paraît plus convenable, car ce tapis,
1681 3000 2730 3063 par l’effet du travail, sera toujours assez élégant ;
1677 3049 2735 3096 quant à la couleur, elle doit avant tout s’harmoniser
1680 3097 2723 3152 avec celle du meuble, mais les plus foncées sont tou-
1677 3150 2726 3220 jours les plus convenables; la broderie au passé,
1677 3203 2725 3263 comme tu le sais, va très-vite ; si cependant tu vou-
1677 3260 2729 3314 lais simplifier encore le travail, tu devrais remplacer
1680 3309 2723 3366 l’un des écussons au passé par un dessin de fine sou-
1677 3366 2726 3422 tache, cela serait encore fort joli; le tapis terminé,
1677 3414 2731 3468 sera doublé d’une percaline lustrée, de la couleur du
1680 3468 2721 3521 drap; autour, sera une frange de laine ou de soie as-
1677 3522 2735 3578 sortie de numéce à celles du fond et de la broderie ;
1677 3581 2687 3661 cette frange aura de quinze à dix-huit centimètres.
