2939 4158
1551 51 1678 141 364
444 139 1555 214 theraut augmenta son trouble en reprenant la con¬
452 206 1544 264 versation du matin, « Vous étiez faite pour partager
437 246 1552 334 l’existence d’un artiste, lui dit-il; vous l’auriez re¬
449 305 1555 382 posé de ses lassitudes, palmé dans ses angoisses, et
442 364 1555 426 comme vous auriez été à la peine, vous seriez à
449 422 1552 483 l'honneur (1) ; c'est vous qui feriez ses succès et vous
449 477 1553 541 en jouiriez plus que lui-même. Mais votre destinée
449 523 1553 592 est bien différente; vous appartenez à une famille
442 594 1546 656 riche, qui fuira pour vous ces combats, ces revers,
449 636 1552 703 ces triomphes, qui sont cependant la seule atmos¬
454 699 1546 764 phère où l’âme agit, se développe, existe enfin.
457 754 1549 815 Votre vie est toute tracée : vous ignorerez ces rudes
446 812 1542 873 peines, comme ces splendides joies; vos aptitudes
442 870 1548 927 s'éteindront une à une, dans une atmosphère éter¬
439 917 1545 977 nellement paisible; au lieu des cîmes élevées jus¬
440 976 1552 1042 qu'aux nues et couronnées des glaciers étincelants
436 1025 1552 1088 où plane l'aigle, au lieu des aspects variés, qui
437 1079 1545 1154 découvrent à chaque pas des beautés nouvelles,
439 1137 1542 1204 vous avez devant vous une plaine, plate mais fertile,
427 1193 1542 1255 non les Alpes, mais la Beauce ou la Brie. Tant mieux,
432 1251 1542 1306 après tout : aucune épreuve ne vous attend et vous
430 1304 1541 1363 serez heureuse, si les chiffres suffisent au bonheur.
436 1350 1551 1426 Permettez-moi une question, mademoiselle, à titre de
436 1411 1546 1487 physiologiste. Vous savez que nous autres écrivains
433 1478 1544 1532 avons pour tâche d’analyser le cœur humain, et je ne
439 1524 1542 1575 vous cacherai pas que je vous étudie avec la vive
433 1578 1539 1639 admiration que l’on éprouve devant une nature géné¬
433 1624 1544 1695 reuse jusqu'au sacrifice, jus qu'au dévouement le plus
432 1677 1546 1761 absolu. Si votre bonté, si votre cœur, et c’est là un
439 1751 1541 1813 guide qui ne trompe jamais! si, dis-je, votre instinct,
433 1791 1536 1857 toujours sûr parce qu’il est toujours généreux, vous
429 1840 1544 1921 indiquait une noble tâche à remplir, et que le monde,
426 1907 1542 1977 ses préjugés étroits et égoïstes, ses calculs froids,
426 1948 1541 2038 fussent en opposition avec cette tâche, la déserteriez¬
444 2001 561 2066 vous?
474 2075 1539 2140 — Je pense, monsieur, que l’on ne saurait se trom¬
446 2124 1542 2183 per quand on a en vue, non sa satisfaction particu¬
433 2174 1541 2239 lière, mais celle d’autrui, et je ferais ce que mon de¬
439 2228 1546 2298 voir me commanderait, sans tenir compte des calculs
436 2290 1545 2352 qui, étant le résultat de l’égoïsme humain, ne peuvent
437 2326 889 2414 être agréables à Dieu.
548 2370 1539 2465 Vous êtes bien telle que je le pensais, dit M. de
427 2442 1535 2515 Gontheraut, en s'inclinant d’un air respectueux et at¬
432 2508 1532 2573 tendri, je vous remercie de m’avoir fait apercevoir
423 2560 1534 2637 dans toute sa majesté la bonté, cette radieuse émana¬
429 2613 1534 2688 tion de Dieu. Cette conversation restera dans ma mé¬
420 2670 1535 2743 moire, dans mon cœur, et quand je douterai de tout,
435 2716 1539 2799 j'en évoquerai le souvenir, pour relever mon âme
430 2759 648 2834 abattue. »
486 2826 1534 2905 Quelques jours après cette conversation, Pauline
420 2863 1538 2958 était sortie de grand matin, accompagnée d'une femme
422 2935 1536 3019 de chambre, afin d’aller porter quelques secours chez
423 2992 1544 3066 un honnête ouvrier, que l'on employait souvent chez
420 3042 1528 3127 M. Bertaux; la femme de cet ouvrier était malade, le
415 3101 1531 3172 ménage pauvre, et Pauline, instruite de cette situa¬
417 3154 1534 3236 tion, venait elle-même soulager cette misère. Après
409 3219 1535 3280 avoir pris connaissance des prescriptions du médecin,
417 3283 1532 3336 elle s’aperçut que la femme de chambre avait oublié
409 3328 1534 3394 d’apporter quelques bouteilles de vin, et l’envoya en
412 3391 1534 3451 toute hâte en chercher à la maison. Elle voulut rester
409 3444 1535 3506 un peu au chevet de la malade, sachant que des soins
403 3497 1531 3560 affectueux et les témoignages d'un intérêt sincère sont
412 3553 1536 3622 les plus efficaces moyens de guéison ; elle rassura
450 3689 1011 3773 (1) Paroles de Jeanne d’arc.
1649 131 2763 203 la pauvre femme sur les suites funestes que sa mala¬
1651 200 2766 260 die pouvait entraîner, lui promit de maintenir l’équi¬
1654 240 2769 310 libre dans son humble budget, et eut la satisfaction
1654 305 2763 359 de la voir se calmer et s’endormir doucement. Pau¬
1646 356 2766 423 line s’était assise près de la malade et avait pris son
1646 415 2769 473 rosaire... un léger bruit l’arracha à sa pieuse médi¬
1649 467 2758 527 tation... la porte s’ouvrait doucement, M. de Gonthe¬
1642 515 2305 589 raut entrait dans la chaumière.
1690 574 2763 652 « Vous ici, monsieur, dit Pauline, à cette heure-ci?
1681 632 2759 703 — J’y viens depuis quelques jours, mademoiselle;
1651 686 2772 760 pourquoi vous en étonnez-vous? Vous aussi, vous
1639 744 2241 818 savez compâtir aux misères!
1684 807 2762 863 — Oh ! c’est bien différent, monsieur; le soin des
1642 852 2758 912 malades fait naturellement partie des .attributions fé¬
1636 917 2763 971 minines; quant à vous, monsieur, il faut que vous
1633 970 2760 1030 soyez vraiment bon, pour être ici à cette heure où
1636 1020 2211 1079 tout le monde dort encore.
1681 1071 2760 1145 — Je pense, mademoiselle, que votre bonté habi¬
1636 1136 2760 1196 tuelle vous porte à louer outre mesure une conduite
1633 1187 2760 1248 bien simple et qui, en tout cas, est récompensée par
1639 1244 2763 1302 cette rencontre au delà de ses mérites. Oui, je suis
1633 1298 2760 1363 heureux de vous voir ici, dévouée, charitable, parce
1639 1362 2760 1416 que je me dis que, bonne pour tous, vous serez peut¬
1637 1414 2760 1480 être indulgente aussi pour moi. Écoutez, je vous en
1633 1465 2758 1528 supplie, un homme d’honneur qui met sa destinée
1639 1525 2755 1586 entre vos mains; il dépend de vous de la faire heu¬
1636 1579 2758 1636 reuse ou misérable; j’ai vu passer sans émotion
1632 1634 2755 1705 toutes les jeunes filles que j’ai rencontrées jusqu’ici;
1640 1687 2758 1742 poupées frivoles, cœurs froids et vides, dominées par
1632 1741 2755 1809 les plaisirs mondains, conduites par des instructions pu¬
1633 1805 2755 1860 rement vaniteux, elles n’existaient pas même pour
1633 1860 2751 1924 moi. Mais vous... Ah? vous êtes la femme par excel¬
1632 1907 2758 1974 lence; il émane de vous un charme irrésistible dû à
1627 1965 2755 2026 la beauté de votre âme, à l’élévation de votra esprit;
1629 2024 2758 2079 si vous me rejetez, je resterai à jamais solitaire, et si
1637 2070 2755 2143 j’ai quelque talent, je n’aurai pas la force de le mani¬
1627 2124 2768 2191 fester; — si vous me tendez une main secourable, au
1629 2185 2760 2251 contraire, je deviendrai grand pour rendre mon nom
1630 2231 2758 2306 digne de vous, je deviendrai religieux pour mettre
1630 2295 2752 2360 mon âme à la hauteur de la vôtre. Avant de pro¬
1626 2352 2758 2417 noncer, songez au mal que causera votre refus, et
1629 2411 2752 2476 dites-vous que la misère du cœur, que je vous sup¬
1632 2465 2758 2533 plie d’adoucir, pour être moins visible que celle qui
1622 2512 2467 2579 nous entoure, n’est pas moins réelle. »
1673 2566 2752 2643 Pauline avait écouté ces paroles avec la plus grande
1624 2627 2746 2699 émotion. Son cœur naïf et aimant lui peignait vive¬
1630 2680 2753 2749 ment la noble mission qu’on la conjurait d’accepter.
1622 2729 2752 2799 Le trouble, l’anxiété de M. de Gontheraut servaient de
1623 2787 2755 2849 garantie à ses paroles; il attendait devant elle, dans
1630 2847 2752 2912 une attitude où l'angoisse et la supplication se ma¬
1623 2888 2751 2971 nifestaient clairement. Il en appelait à sa bonté, à son
1623 2949 2704 3029 dévouement, pouvait-elle le repousser froidement?
1668 3012 2752 3084 « Tout ce que vous venez de me dire est si grave
1622 3060 2751 3127 et si imprévu, dit-elle, que je ne sais comment y ré¬
1627 3124 2749 3195 pondre; croyez bien, monsieur, que les calculs inté¬
1615 3179 2751 3252 ressés qui décident tant d’unions ne me guideront
1632 3219 2749 3297 jamais... Mais je ne puis disposer de mon avenir sans
1624 3276 2755 3371 l'aveu de mon père, je ne l'engagerai pas contre son
1615 3327 1745 3404 gré...
1727 3401 2739 3483 Ah! mademoiselle, vous ne pouvez soupçon¬
1620 3441 2745 3520 ner que je le désire ! je ne vous demande que
1630 3510 2749 3571 votre appui, pour fléchir M. Bertaux, qui recherche
1627 3561 2745 3637 peut-être pour vous les avantages de la fortune,
1624 3617 2741 3695 que je ne puis vous offrir dans le présent, mais qui
1622 3665 2745 3735 dans l’avenir, n’en doutez pas, viendront rémunérer
1609 3735 2745 3814 mon travail assidu; mes succès seront infaillibles si
