2946 4158
1625 48 1792 116 278 —
547 133 1637 198 donc. Dans le premier moment, il en a fait l'aveu,
543 197 1634 253 lorsque les deux navires se séparèrent après un cra¬
544 241 1637 303 quement effroyable, quelques larmes lui échappèrent;
544 301 1641 356 il se crut à son dernier jour et recommanda son
544 350 1637 406 âme à Dieu. Mais au bout de quelques secondes,
544 399 1632 463 lorsqu'il vit que le bâtiment, malgré ses avaries, flot¬
550 458 1630 536 tait toujours et pouvait naviguer, un courage surna¬
550 501 1633 568 turel s'empara de ce jeune cœur. La mer était hou¬
547 565 1634 626 leuse et le vent rafraîchissait; comment ses petits
557 609 1637 684 bras suffiront-ils à la manœuvre? Cette réflexion ne
550 666 1633 735 lui vient pas; il dispose les voiles, s'élance au gouver¬
560 742 1636 791 nail. Son pauvre compagnon ne peut lui prêter se¬
550 773 1629 841 cours; mais il est vieux marin, Perret l’écoute, le
553 831 1633 906 consulte, se laisse guider par lui. Soumis et confiant,
544 892 1634 947 ses yeux brillent d’espoir : il reverra sa mère, sauvera
546 939 1637 1001 son camarade, sauvera son navire; cette pensée
544 999 1634 1060 double ses forces et d'un enfant de treize ans fait un
546 1042 951 1119 matelot consommé.
583 1100 1637 1158 » Je ne m'étendrai pas sur les péripéties de cette na¬
546 1155 1641 1222 vigation. Le jour fut bien long à venir! Le vent pous¬
539 1206 1641 1270 sait à la côte d’Espagne; il fallait résister, pour s’é¬
550 1265 1632 1331 carter le moins possible du lieu témoin de l'abordage
544 1321 1637 1374 seule chance de recevoir du secours. Ce brick, auteur
544 1361 1644 1433 du mal, voudrait peut-être le réparer ! Il reviendrait
550 1428 1638 1481 au jour naissant; on se mettrait à sa remorque :
557 1481 1632 1540 voilà ce qu'on espérait à bord de la Reprise. Mais l’at¬
550 1524 1633 1594 tente fut vaine. La journée se passa, et le brick ne
550 1584 1637 1636 vint pas. Il continuait paisiblement sa route, et en¬
543 1620 1634 1702 trait vers le soir à Marseille. Cependant la nuit tomba,
547 1699 1633 1748 et les fatigues redoublèrent. Le lendemain trois bâti¬
543 1744 1637 1798 ments parurent à l’horison : aucun d’eux ne voulut
543 1799 1632 1845 comprendre les signaux du petit navire. Par bonheur.
543 1849 1637 1906 le ciel fut plus clément : le vent tourna, souffla du
539 1906 1634 1956 sud. En manœuvrant avec prestesse, on pouvait être
544 1954 1644 2023 avant la nuit en vue d’un port de France. Dans de
544 2015 1644 2078 pareils moments, l'équipage le plus complet n'est que
544 2069 1638 2126 tout juste assez nombreux. Perret est seul, mais il se
550 2122 1637 2190 multiplie : il court de vergue en verge; toutes ses
548 2169 1636 2246 voiles, même les plus hautes, se développent coup sur
544 2228 1637 2284 coup, se gonflent sous la brise et poussent le navire
546 2281 1636 2356 comme parKnchantement. Il était temps : l’effort
543 2332 1632 2410 était suprême ; notre navigateur était à bout de forces.
546 2375 1634 2453 A le voir, on ne le croirait pas : il est radieux, il
537 2418 1633 2528 aperçoit les côtes de Provence, qui peu à peu sortent
537 2492 1258 2561 des eaux et grandissent devant lui.
578 2550 1634 2622 » Voilà, messieurs, ce que vous saviez tous, un
537 2593 1634 2674 fait de mer aussi extraordinaire ne pouvant demeu¬
542 2645 1632 2734 rer inconnu; mais savez-vous aussi en quels termes
537 2706 1634 2785 modestes, énergiques et simples ce brave enfant, une
540 2746 1634 2842 fois à terre, raconta ce qu’il avait accompli? Capitaine
546 2806 1634 2878 par intérim, il devait faire devant le tribunal de com¬
537 2870 1632 2946 merce son rapport de relâche. Dans ce rapport, qu'il
530 2921 1638 3004 faudrait mettre tout entier sous vos yeux, pas un
532 2969 1634 3047 mot de reproche à ceux qui l’ont abandonné, tout
536 3029 1638 3094 l’honneur de sa belle conduite attribué aux conseils
532 3089 1632 3143 de son vieux compagnon; à chaque mot on sent une
537 3120 1638 3209 âme aussi honnête que forte, un cœur aussit chaud
535 3199 1632 3267 que sincère. Après cette lecture on ne s'étonne pas
536 3237 1629 3316 d'apprendre que, depuis deux ans qu'il navigue pour
532 3291 1626 3379 le commerce, Perret n’a rien gardé pour lui du pro¬
539 3342 1626 3425 duit de ses salaires, qu'il a tout envoyé à Quiberon,
536 3406 1630 3478 dans la pauvre cabane où sa mère, à grand'peine,
540 3449 1637 3528 élève trois autres enfants. Cherchez un bon sentiment
542 3505 1619 3589 qui lui manque : compatissant au malheur, généreux
539 3565 1630 3649 dévoué, docile à l'expérience, dur à la peine, intelli¬
542 3622 1636 3744 gent et intrépide ! La récompense est-elle prématurée,
1723 119 2830 187 et, sans désobéir à M. de Montyon, auriez-vous pu
1720 176 2828 245 laisser en dehors du concours tant de bonnes et so¬
1720 235 2000 309 lides vertus?
1762 278 2827 352 Il est vrai que la découverte ne vous en appartient
1733 341 2825 413 pas : vous n’en avez pas les prémisses. Sans parler du
1733 385 2823 461 public qui s’est pris pour ce noble enfant d’une juste
1723 440 2825 514 admiration, d'autres faveurs sont descendues sur lui.
1720 504 2827 566 Ne craignez point, messieurs, que les vôtres, en ve¬
1726 560 2835 630 nant les dernières, excèdent la mesure, encore moins
1730 615 2825 681 qu'elles soient superflues. Elles ont un caractère
1728 676 2831 737 qu'aucune autre n’efface, Perret le comprendra, à
1720 726 2828 791 Brest, dans une école de mousses où il vient d'être
1723 777 2830 841 admis; ses compagnons d’école le comprendront à
1723 838 2831 893 son exemple. Les croix d'honneur que vous donnez
1723 886 2836 963 s’obtiennent à double titre : pour être appelé à Paris,
1733 940 2839 1007 pour être admis, complimenté, encouragé chez son
1720 997 2831 1064 ministre, et même en plus haut lieu, il suffit d'être
1719 1050 2831 1112 brave, d’avoir risqué sa vie à sauver ou son navire ou
1726 1105 2835 1163 son drapeau ; pour être adopté par vous il faut à la
1723 1156 2831 1217 bravoure joindre un autre courage, le courage du
1726 1212 2825 1269 bien et de l’humanité. Ne craignez pas que votre lau¬
1726 1266 2825 1328 réat en perde la mémoire : vos médailles obligent.
1726 1324 2835 1379 Perret se rappellera toute sa vie à quels dignes émules
1724 1378 2827 1438 vous l’associez aujourd’hui, en quelle noble et sainte
1733 1429 2828 1487 compagnie vous l’avez introduit. Il deviendra, nous
1730 1487 2830 1558 l'espérons, un Jean Bart, un Duquesne et il restera
1720 1544 2453 1600 toujours le fils de M. de Montyon...
1771 1598 2832 1651 Enfin, M. Ernest Legouvé a lu un dialecte en vers
1720 1650 2831 1706 intitulé : les Deux Misères, dans lequel un riche et
1720 1701 2827 1769 un pauvre développent chacun à son point de vue,
1720 1762 2817 1824 celui-ci les misères de l’indigence et de la faim, ce¬
1720 1812 2681 1866 lui-là les misères de l’égoïsme et de la satiété.
1777 1868 2823 1920 Nous donnons un fragment de cette pièce, qui a
1731 1909 2828 1981 été fort applaudie par l’assistance, composée, suivant
1720 1965 2525 2058 l'usage, d'un grand nombre de dames.
1726 2094 2546 2156 pâles et frissonnant auprès d’un clair foyer,
1724 2145 2673 2206 Deux malades, un jour, se contaient leurs misères
1731 2197 2688 2263 Que leur jeunesse, hélas ! leur rendait plus amères :
1723 2242 2553 2299 L’un est oisif et riche, et l’autre est ouvrier ;
1724 2277 2704 2371 Mais ils souffrent tous deux, les voilà presque frères.
2188 2346 2343 2395 AMAURY.
1730 2364 2208 2454 Quel est donc votre mal ?
2191 2436 2352 2492 MANCEL.
2191 2458 2427 2558 Je m’éteins.
2191 2535 2357 2613 AMAURY.
2424 2557 2665 2637 Comme moi !
1726 2608 2234 2702 Depuis combien de temps ?
2191 2670 2349 2734 MANCEL.
2206 2723 2540 2782 Depuis deux ans !
2198 2774 2357 2841 AMAURY.
2539 2818 2735 2889 Pourquoi?
2194 2863 2342 2931 MARCHI.
1715 2879 2392 2994 Pour avoir eu trop faim, monsieur.
2179 2968 2339 3043 AMAURY.
2373 2985 2680 3072 Moi! misérable !
1717 3046 2607 3120 Moi! pour avoir passé de longues nuits à table !
2190 3107 2339 3166 MARCH
1716 3151 2458 3213 Avec un médecin, je guérirais, je crois.
2198 3208 2366 3274 AMAURY.
1717 3253 2583 3327 Un médecin ? hélas! je meurs, et j’en ai trois !
2191 3307 2356 3374 MANCEL,
1717 3314 2661 3433 Deux ans de maux, et rien pour me venir en aide!
2194 3413 2342 3472 AMAUulY
1715 3428 2686 3540 En deux ans, pas un jour sans un nouveau remède !
2201 3511 2354 3562 MARCHI.
1712 3537 2771 3608 Si pour me plaindre, au moins, j'avais une heure à moi !
2191 3602 2356 3665 AMAURY.
1720 3637 2698 3728 Vingt-quatre heures par jour pour s'occuper de soi !
