2822 3966
1654 72 1721 171 32
602 151 1648 229 le bout des cheveux; devant, les cheveur sont séparés
602 221 1640 276 en travers par une petite mèche nattée, partant des
602 268 1646 329 deux côtés de la raie frontale et s’allant perdre dans
598 321 1624 372 le chou, ce qui dispense de l’emploi des faux che
605 368 1636 429 veux; les mèches d’en bas sont divisées, crêpées re¬
605 422 1627 485 levées, bombées et fixées sur la petite natte trans-
608 467 1633 554 versale ; celles d’en haut forment un rouleau de re-
604 521 1642 597 couvrement, fixé de même ; toutes les pointes sont
608 573 1641 640 mises en papillottes ou frisées au fer friseur de
609 625 1635 718 M. Croisat, instrument qui, n’allant point au feu, ne
605 681 1184 748 saurait altérer la chevelure.
644 731 1633 790 Les cheveux étant frisés, afin que l’humidité n’ait
610 785 1628 849 point sur eux de prise, on introduit dans chaque bou¬
608 835 1633 889 cle, à mi-longueur, une frisette, épingle articulée de
596 890 1621 955 l’invention du même artiste ; avec la frisette les bou-
592 944 1633 1013 cles restent intactes, et l’on n’a plus besoin de couper
592 994 1295 1056 les cheveux que l’on veut boucler:
640 1040 1627 1110 Robe de tulle placée sur un pardessous de taffetas;
596 1103 1627 1161 au-dessus de l’ourlet de la première jupe est une
596 1147 1637 1219 guirlande de pélargoniums; les mêmes fleurs ornent
596 1199 1620 1255 le corsage et retombent en petites traînes sur les man-
596 1251 1633 1319 ches à bouillon ; un collier et des bracelet en corail
596 1297 1624 1369 complètent cette toilette. Bandeau brisé, à travers
596 1353 1636 1420 lequel passe la couronne. Couronne semblable à la
588 1412 1385 1478 guirlande dont la robe blanche est ornée.
638 1437 1616 1515 Séparateur, au moyen duquel nous pouvons, sûre-
602 1511 1617 1565 ment et rapidement, varier nos raies à l’infini. Ce sé¬
598 1557 1617 1615 parateur, modifié et simplifié, a valu une médaille
589 1611 1621 1670 à son auteur; l’appareil se compose maintenant d’un
589 1669 1620 1752 seul instrument, et s’applique à tous les genres de
586 1708 746 1771 coiffure.
629 1736 1621 1842 Sur notre planche, à la lettre A, tu en trouveras
583 1809 1615 1883 le dessin, grandeur naturelle; à la lettre B, la ma¬
577 1852 1619 1930 nière de disposer cet instrument, dans le but d’ob¬
576 1913 1629 1995 tenir toute espèce de raies; enfin, à la lettre C, un
1651 1932 1655 1982 van de voorschreven tegenomen
1731 142 2771 266 groupe de quatre femmes opérant à l’aide du sépa¬
1729 217 1880 283 rateur.
1778 243 2764 348 Adieu, Florence ! Non, pas encore ; je ne dois point
1725 339 2767 408 passer sous silence notre charmant calendrier. Est-il
1724 393 2771 455 assez élégant et coquet ? colle-le sur un carré de beau
1728 419 2771 510 carton blanc, formant tout à l’entour une marge de
1729 477 2756 575 deux centimètres, et tu auras pour ta chambre d’é¬
1725 525 2583 585 tude le plus joli des almanachs de 1857.
1765 592 2763 659 Ainsi que tu le peux voir, ce calendrier est spécia¬
1717 629 2759 709 lement consacré aux saintes ; tous les noms de ces
1728 685 2762 756 saintes sont tirés du martyrologe romain et de la Vie
1719 736 2764 814 des Saints de Godescard ; plusieurs noms se répètent,
1725 786 2764 860 par la raison qu’ils appartiennent à de différentes
1717 836 2762 923 saintes ; en effet, nous avons sainte Félicité, martyre
1720 902 2755 965 en Afrique, et sa sainte homonyme, martyre à Rome
1721 945 2773 1016 deux saintes Céline et Célinie, l’une vierge et martyre
1719 1002 2772 1066 à Cologne, l’autre mère de saint Remy, apôtre des
1720 1052 2772 1119 Francs, etc. Celles de nos amies qui portent ces
1719 1102 2771 1168 noms, plusieurs fois consacrés, pourront, en lisant la
1725 1164 2771 1224 vie de ces saintes diverses, choisir pour patronne la
1717 1207 2764 1285 sainte dont la vie et les vertus leur inspireront le
1715 1249 2368 1319 plus de respect et de sympathie.
1758 1315 2418 1372 Cette fois, adieu, chère Florence.
1753 1469 2756 1531 AVIS. — Une erreur s’est glissée dans la Corres-
1717 1521 2769 1595 pondance de décembre, en parlant des conditions
1712 1577 2764 1636 auxquelles on pourrait recevoir 30 gravures de mode
1716 1624 2765 1695 de dames en sus de celles que donne le journal. Ce
1712 1678 2759 1742 n’est pas six, mais bien cinq francs que coûte ce sup¬
1716 1729 2764 1794 plément de gravures. — Nous tenons un franc à la
1707 1779 2759 1845 disposition des personnes qui nous en ont déjà en¬
1712 1838 2764 1896 voyé six. — Ce franc, elles peuvent le recevoir soit en
1706 1879 2762 1949 espèces, soit en faisant la demande d’un abat-jour ou
1704 1936 2303 1994 du calendrier de cette année.
1963 2059 2041 2151 S
1215 3570 2078 3666 Paris. — Typ. Morris et comp., rue Amelot, 64.
