2959 4075
1625 101 1735 202 252
587 171 1624 261 « Vous êtes à côté du vrai, reprit-on d’un autre
535 254 1632 315 côté, monsieur est de completion apoplectique, il
538 311 1193 388 faut le saigner ou il trépasse ! »
577 363 1626 421 Pour le coup, les deux yeux de l'Allemand se rou¬
539 415 1628 479 vrirent tout à fait, il se dressa sur ses pieds comme
529 468 1626 532 si quelque fil électrique l'eût touché, et se défendit
529 532 1626 583 avec tant de vigueur, qu'il put soustraire son bras à
535 590 1488 642 la lancette qui le voulait absolument perforer.
587 635 1629 706 « Je n'ai pas plus besoin qu'on me saigne, fit-il
535 698 1622 753 d'une voix pleine et sonore, que je ne meurs de
535 745 1621 810 faim ; et je me préoccupe des désastres d’il y a cin¬
535 805 1624 867 quante ans comme des victoires de Charlemagne ou
535 857 1618 917 de Germanicus ; ce qui, si vous le voulez savoir, ce
531 902 1624 968 qui devant votre colonne m'a saisi à la gorge, ce qui
527 964 1618 1023 a fait fléchir mes genoux, ce qui a pour un moment
524 1011 1614 1072 suspendu le cours de mon existence, c’est... mais le
527 1071 1615 1133 comprendrez-vous ? c'est un barbarisme ! oui, mes¬
524 1113 1613 1172 sieurs, sur ce monument dont vous êtes fiers, il y a
524 1171 1614 1226 un barbarisme !... un barbarismes à Paris !... Mais il
524 1227 1613 1281 faut que l’Académie soit saisie de ce fait, poursuivit
527 1278 1617 1331 le puriste, alors que chacun s'éloignait de lui en sou¬
532 1331 1603 1392 riant, plus disposé à douter de son savoir que de l’ex¬
529 1393 1611 1449 cellence de l’inscription; il faut que l‘Académie soit
535 1441 1614 1504 éclairée. Il y va de l’honneur de tout ce qui parle
529 1495 1454 1552 latin au monde ! Une voiture! une voiture ! »
575 1555 1606 1600 « A l’Académie ! fait notre original dès qu’une voi¬
524 1599 1613 1662 ture lui eût été amenée et qu'il s'y vit installé... Pas
529 1646 1608 1710 ce chemin! pas ce chemin ! cria-t-il au cocher, qui
527 1707 1606 1779 naturellement prenait la place Vendôme; jamais,
524 1755 1603 1825 tant que cette Inscription subsistera, jamais je ne re¬
529 1818 1604 1881 passerai devant cette colonne! Prenez les boulevards,
521 1859 1023 1940 la Bastille et les quais. »
559 1929 1602 2006 Le cocher aurait pris tout aussi volontiers Bercy,
520 1966 1219 2039 Ivry et la Gare ; il était à l'heure !
559 2034 1603 2093 L'histoire ne dit pas si la requête est arrivée à son
517 2093 1603 2158 adresse, mais jusqu’à ce jour il n’a été retranché ni
517 2138 1219 2210 ajouté une virgule à l'inscription.
565 2198 1604 2268 Comme tu le vois, heureuse pérégrine, nous sommes
527 2264 1596 2324 encore à Paris, et il y fait bien chaud, et la vue des
511 2323 1608 2383 moellons n’est pas gaie, et nous ne paraissons pas en
520 2364 1603 2442 devoir être délivrés de sitôt; quand une rue surgit du
514 2423 1602 2479 sol, belle, large, saine, une autre tombe, de sorte
520 2479 1600 2549 que nous en avons bien pour jusqu’à la fin des siè¬
511 2520 620 2592 cles !
559 2586 1604 2662 A propos de moellons, l'autre jour, à Saint-Cloud,
516 2641 1600 2711 sur la hauteur de Montretout, où M. M... fait bâtir, un
514 2700 1606 2758 scieur de pierre poussait sa scie et geignait, ce qui est
514 2748 1602 2818 très-naturel quand il fait trente degrés de chaleur et
517 2807 1607 2856 qu'on scie des pierres, de six heures du matin à six
514 2847 1604 2925 heures du soir. Tout à coup, notre homme aperçoit
506 2914 1598 2971 sur sa scie deux mains gantées qui poussent et tirent
511 2958 1602 3026 tour à tour. « Laissez donc ça, dit-il sans lever le nez
506 3019 1596 3085 et d’un ton rogue; ces joujoux-là ne sont point faits
517 3069 1235 3128 pour les mains qui portent gants. »
554 3121 1589 3183 Aussitôt les mains se détachèrent, et celui auquel
506 3168 1602 3243 elles appartenaient s'éloigna, et le scieur continua de
509 3228 1595 3294 scier et de geindre, jusqu'à ce qu'un superbe valet de
517 3291 1593 3342 pied lui vînt apporter 40 francs en bel or reluisant,
511 3339 1591 3394 de la part des mains qui s’étaient posées sur sa scie...
506 3386 1591 3451 lesquelles mains appartenaient à. S. M. l'empereur!
554 3438 1111 3516 « C'était lui ! » fit l'homme.
555 3491 1196 3575 Et, après de bruyants hourras :
555 3542 1595 3645 « Dites-lui, ajouta-t-il désignant au laquais la pierre
498 3605 1593 3700 aciée à moitié et ne trouvant rien de mieux pour ex¬
507 3671 1608 3776 primer sa reconnaissance et sa joie, dites-lui qu'il est
1714 171 2806 258 bien le maître de la venir achever, je ne l'en empê¬
1711 265 2659 307 cherai pas, quand même il aurait ses gants ! »
1762 300 2796 384 L’empereur a dû sourire de cette naïveté; pour moi,
1717 363 2800 437 j'en ai ri de bon cœur, fais de même, si cela t’y in¬
1714 405 2337 484 vite, et prenons nos planches.
1757 484 2793 565 1 et 2, BANDE ET ROND D’UN BONNET GREC, que l’on
1715 550 2797 623 peut broder au passé sur casimir, sur velours ou
1711 602 2796 673 sur moire, selon la saison; ce dessin serait aussi très¬
1711 661 2796 723 convenable, si tu voulais substituer le point de chaî¬
1699 719 2801 780 nette à la broderie au passé. Dans tous les cas, les
1706 762 2796 836 points grainés qui se trouvent dans l'intérieur des
1713 815 2790 893 palmes devront être conservés; la chaîne de pois se
1709 872 2790 949 fera aussi au passé, à moins qu’on ne la forme avec
1706 926 2790 990 des perles de jais; ceci est une idée et non un con¬
1699 976 2795 1039 seil que je te donne, appréciant médiocrement, sur¬
1702 1039 2788 1109 tout pour un tel emploi, ce genre un peu clinquant.
1699 1093 2801 1149 Le rond de ce bonnet pourrait encore, en le brodant
1693 1153 2793 1223 alors au plumetis, servir pour un dessus de pelote,
1704 1212 2781 1262 que l’on entourerait d’une guipure placée sur un ru¬
1692 1245 2324 1319 ban ruché faisant transparent.
1744 1305 2261 1404 3, M. F., œillets ou pois.
1736 1377 2486 1477 4, J. L., plumetis simple ou feston.
1744 1467 2785 1529 5, Herminie, plumetis avec mélange de coton de
1693 1508 2012 1587 deux couleurs.
1740 1576 2785 1650 6 et 7, COL ETMANCHETTE que l’on peut broder de
1699 1639 2788 1702 deux manières aussi jolies l’une que l‘autre et ayant
1696 1696 2788 1762 chacune un emploi différent. La première serait de
1695 1746 2792 1803 faire ce dessin tout simplement au plumetis sur
1693 1802 2782 1864 nansouk ou batiste double; la seconde, de choisir
1693 1850 2790 1912 de la mousseline suisse très-fine, de la placer double
1688 1910 2781 1966 sous chaque écusson; broder le tout au plumetis et
1693 1962 2778 2027 découper ensuite la mousseline de façon que les écus¬
1687 2017 2781 2073 sons seulement se détachassent en mat. Une petite
1691 2073 2773 2139 dentelle terminerait ce col, tandis que le premier,
1691 2138 2781 2184 en nansouk ou en batiste, se terminerait par un
1688 2169 2173 2250 double rang de piquûre.
1732 2235 2201 2317 8, Aline, plumetis fin.
1736 2294 2134 2385 9, D. M., plumetis.
1728 2356 2770 2435 10, SEMÉ pour fond de bouillon, de bonnet, et di¬
1691 2423 2514 2504 vers autres objets de lingerie; plumetis.
1736 2482 2142 2566 11, L. L., plumetis.
1736 2544 2154 2620 12, G. H., plumetis.
1728 2607 2773 2679 13, ÉCUSSON POUR MOUCHOIR DE CHASSE, renfermant le
1684 2673 2773 2733 nom d’Edgard; les feuilles de chêne au point de
1691 2722 2390 2789 plume; le reste, plumetis très-fin.
1729 2799 2778 2866 14, QUART D'UN MOUCHOIR dont le dessin forme une
1684 2844 2773 2908 grecque que l’on peut broder soit au plumetis, soit ai
1684 2907 2770 2973 feston ; la première manière est plus jolie, plus lé¬
1683 2958 2773 3035 gère; dans le bord, une petite guipure serait d'un
1674 3017 2775 3084 bon effet, mais elle n’est point indispensible, surtout
1677 3072 2770 3140 si ce dessin, comme la mode du moment le permet,
1674 3114 2408 3198 se brode avec du coton de couleur.
1724 3187 2718 3250 15, BOUTONNIÈRE POUR CHEMISE D'HOMME, plumetis.
1724 3268 2767 3329 16, Semé, ayant le même emploi que celui du
1674 3307 1818 3379 n°.10.
1715 3409 2230 3490 Ici finit la petite édition.
1724 3512 2758 3584 17 et 18, COL ETMANCHETTE à broder au plumetis
1676 3573 2773 3631 sur mousseline ; les jours dont je t'ai dernièrement
1684 3641 2767 3709 donné quelques aperçus complèteront très-heureuse¬
1681 3682 2763 3759 ment ce dessin déjà joli. La manchette, renversée
