2897 4318
1143 204 1320 294 195
132 292 1226 370 renaissance. Tandis que le goût général de la France
132 356 1225 421 restait encore attaché au faux antique de l’école de
124 428 1222 476 David, il fouillait les couvents ruinés, il arrachait au
124 468 1224 535 marteau de la bande noire quelque groupe admirable
124 518 1216 578 de Germain Pilon ou de Jean Cousin, un meuble d’é¬
124 575 1226 645 bène incrusté ou un bénitier d’émail. Au bout de
139 628 1218 703 quarante ans il eut un musée délicieux, splendide,
129 686 520 756 unique au monde.
183 738 1224 807 Ce fut alors que pour loger ce musée il jeta les
142 795 1221 858 yeux sur l’hôtel Cluny et qu’il l‘acheta. Mais, si l'ex¬
129 837 1224 903 térieur mutilé avait cependant encore gardé son ca¬
132 895 1221 961 chet et son style, l’intérieur, approprié au service
129 961 1228 1020 bourgeois du docteur Baudot et du libraire Leprieur,
139 1004 1224 1070 avait pris les décorations vulgaires du temps de l'em¬
142 1056 1226 1129 pire et de la restoration. On avait collé sur les murs
139 1121 1221 1184 du papier à fleurs. On avait, tant bien que mal, rem¬
144 1173 1225 1235 placé les vitraux coloriés enchâssés contre les croisil¬
144 1226 1232 1286 lons de pierre, par des vitres carrées alignées dans
136 1276 1224 1338 des châssis de bois. On avait élevé des cloisons, ou¬
142 1334 725 1400 vert et muré des portes, etc.
183 1379 1224 1453 M. du Sommerard nettoya patiemment tout cela.
139 1436 1220 1503 Il répara et rétablit l’hôtel autant qu’un simple par¬
144 1485 1226 1552 ticulier qui consacrait à l’art tous les revenus de sa
136 1539 1229 1603 fortune pouvait le faire. Pendant près de dix ans, il
132 1596 1218 1658 habita l'hôtel Cluny, l'entretint, le meubla, complé¬
139 1647 1226 1722 tant chaque jour ses collection, ajoutant un bahut
129 1701 1214 1761 sculpté à des poteries curieuses, un marbre de la re¬
132 1752 1233 1829 naissance à une peinture byzamine, en sorte que peu
132 1814 1231 1873 à peu l'hôtel entier redevint de l'antichambre à la
136 1866 1187 1924 chapelle ce qu’il avait dû être au temps des Guises.
177 1922 1211 1987 Il existe sur les bords du Rhin un vieux burg ac¬
136 1973 1228 2039 croché aux flancs de granit d'un rocher couvert de
132 2034 1220 2094 ronces et de broussailles, dont la maison royale de
139 2084 1224 2142 Prusse a fait aussi une sorte de musée du temps passé.
190 2138 1229 2204 C'est le château de Rheenstein. Ce burg est une
136 2188 1228 2241 des maisons de plaisance habitées l'été par le prince
136 2248 1214 2307 royal. Il n’est visible, comme tous les châteaux royaux,
142 2306 1221 2358 que pour les toiristes et pendant l'absence de ses no¬
131 2353 358 2419 bles hôtes.
187 2391 1214 2460 On ne peut en aucune façon comparer cet échan¬
142 2456 1220 2514 tillon du burg allemand du treizième siècle au riche
136 2514 1221 2573 manoir de Cluny, rempli destrlictions de M. du
142 2562 1209 2618 Sommerard; mais ces antiques meubles dans ce châ¬
139 2615 1214 2680 teau-fort qui commande le Rhin du haut de ses ter¬
142 2665 1220 2731 rasses crénelées, mais ce je ne sais quoi que commu¬
136 2716 1221 2780 nique à toutes choses l'habitation temporaire des vrais
136 2776 1221 2831 châtelains, mais ce paysage grandiose semé çà et là de
136 2828 1218 2890 ruines hautaines, donnent au burg de Rheenstein un
154 2883 1218 2947 étrange caractère de vie. On se sent pour une heure
150 2936 1222 2995 transporté au moyen âge, au temps des Burgraves et
148 2988 634 3058 de Frédéric Barberousse.
197 3043 1211 3101 Tout, depuis les décrottoirs des salles basses jus¬
147 3098 1220 3164 qu’aux ustensiles deawoilette de Ia princesse de Prusse,
146 3139 1218 3222 depuis les escabeaux de chêne réservés aux hommes
150 3197 1211 3268 d'armes et aux écuyers jusqu'aux coussins de tapis¬
146 3249 1220 3323 series que la royale châtelaine brode et renouvelle de
146 3307 1209 3381 sa propre main, tout rappelle les temps féodaux. Une
157 3363 1217 3433 seule chose jure dans cet ensemble, c'est le bonnet à
160 3420 1217 3491 coques bariolées de la concierge qui circule sur la
160 3460 1218 3536 plate-forme. L'apparition de cette vieille femme rompt
147 3520 1220 3598 le charme. Si elle était vêtue comme une simple
146 3575 877 3636 paysanne, l'Illusion serait complète.
188 3629 1217 3707 En mourant, M. du Sommerard exprima dans son
154 3680 1220 3758 testament le vœu que sestrcllections fussent achetées
158 3726 1218 3814 par l'État et servissent de base à la fondation d'un
147 3798 1221 3876 musée d'antiquités nationales. La commission des
1301 280 2388 378 monuments historiques appuya fortement cette idée, le
1304 358 2383 443 ministre de l'intérieur, qui était alors M. Duchâtel,
1313 414 2387 490 l'adopta et la soumit aux chambres, et, en vertu de
1304 465 2386 536 la loi du 24 juillet 1843, l’hôtel Cluny fut acheté ainsi
1313 520 2386 593 que lesiflections du Sommerard. La Ville de Paris
1309 583 2384 641 voulut contribuer à l’œuvre du ministre de l'inté¬
1309 635 2387 703 rieur. Elle fit don à l'État des ruines du palais des
1312 678 2394 744 Thermes, et, le 16 mars 1844, le nouveau musée fut
1309 741 2397 807 ouvert au public sous le titre de : Musée des Thermes
1309 788 1757 854 et de l'hôtel de Cluny.
1353 835 2289 901 M. du Sommerard fils en est le conservateur.
1353 888 2404 952 Depuis cette époque, l'œuvre de M. Alexandre du
1305 953 2387 1019 Sommerard a été continuée. Tous les jours de nou¬
1314 1002 2394 1064 velles acquisitions enrichissent le musée. L'intérieur
1305 1060 2387 1123 aussi a été peint ou tapissé selon la mode du temps.
1360 1116 2391 1170 Voici à peu près l'aspect général de l'hôtel et du
1312 1170 2384 1244 musée de Cluny, à présent que toutes les réparations
1305 1218 1540 1291 sont faites.
1360 1264 2391 1342 Comme nous l'avons indiqué en commençant, la
1309 1330 2394 1390 façade principale de l’hôtel de Cluny se compose de
1305 1380 2384 1440 trois corps de bâtiments. L’un, le principal et le plus
1312 1434 2391 1495 orné, occupe le fond de la cour; les deux autres
1299 1482 2394 1544 s'avament jusqu'à la rue des Mathurins et rejoignent
1305 1537 2397 1599 le mur crénelé qui borde la rue. Un grand portail
1305 1596 2399 1654 surmonté d'un couronnement gothique partage ce
1299 1646 2309 1704 mur par le milieu et donne entrée dans la cour.
1348 1697 2398 1760 Le corps de logis principal, qui est, avec certaines
1305 1754 2391 1825 maisons flamandes, l’hôtel de Bourgtheroulde à Rouen,
1305 1812 2399 1866 et l'évêché de Sens, un des plus curieux spécimens
1302 1860 2394 1925 de l'archörecture privée au moyen âge, est surmonté
1302 1908 2387 1976 ainsi que la tourelle àpans coupés qui le partage
1309 1970 2382 2027 inégalement, par une galerie à jour, une vraie gul¬
1309 2028 2387 2087 pure de pierre. Derrière cette galerie s'élèvent de
1309 2072 2391 2137 hautes lucarnes encadrées de scuptures qui sont la
1309 2126 2382 2193 plus riche parure de l'hôtel. Dans les tympans de ces
1309 2181 2387 2250 lucarnes sont sculptées les armoiries de la famille
1298 2233 2387 2304 d’Amboise. On retrouve du reste ces armoiries et les
1299 2280 2384 2347 coquilles emblématiques du nom de Jacques, sur la
1299 2338 2204 2402 tourelle et dans toutes les parties de l’hôtel.
1345 2399 2382 2456 L'aile droite, qui s'avance vers la rue des Mathu¬
1294 2445 2382 2511 rins est percée de quatre arcades ogivales donnant
1299 2498 2384 2560 accès dans une cour qui communique avec le palais
1302 2562 1576 2625 des Thermes.
1348 2589 2368 2673 Les bâtiments de l’aile gauche renfermaient les cui¬
1294 2661 1884 2728 sines et les offices de l'hôtel.
1348 2700 2377 2772 Du côté du jardin, l'architecture est plus simple,
1302 2772 2376 2838 surtout dans les parties inférieures du bâtiment. Il n’y
1298 2819 2377 2890 a point au bord du toil de galerie à jour, mais les lu¬
1305 2879 2380 2938 carnes continuent à étaler leurs broderies opulentes.
1299 2940 2382 3007 L'intérieur de la chapelle présente aussi une grande
1294 2993 1822 3061 richesse d’ornementation.
1349 3025 2380 3103 Cette chapelle, dont Piganiol de la force nous a
1294 3090 2377 3158 donné la description, est située au premier étage. On
1304 3150 2375 3224 y monte par un escalier travaillé à jour, qui a été dé¬
1305 3191 2369 3270 couvert en 1832, comme nous le disions plus haut, der¬
1294 3228 2369 3318 rière un mur élevé avec les tronçons des statues de
1302 3311 1738 3387 la famille d’Amboise.
1341 3332 2372 3433 Cette chapelle à la voûte élégante, soutenue par un
1297 3392 2369 3490 seul pilier, dont les nervures élancées s'étendent à
1299 3444 2368 3542 l'entour comme les tiges d'un palmier géant, a suc¬
1302 3499 2379 3593 cessivement servi pendant la révolution, l'empire et
1298 3553 2372 3656 la restoration de salle de séances à un Club républi¬
1302 3611 2370 3704 cain, d'amphithéâtre de disfection et d’atelier d‘im¬
1297 3692 1499 3763 primerie.
1350 3715 2376 3805 Aujourd’hui, elle est entièrement restaurée, sauf les
1292 3787 2375 3864 statues de la famille d’Amboise qui ne sont point ren¬
