2897 4318
1252 243 1376 317 255
245 331 1263 397 Cette layette, toute faite, coûte cinq ou six cents
195 369 1251 448 francs; mais tous ces objets ou la plupart pouvant
195 440 1252 526 se faire soi-même, ne reviendraient alors qu’à un
191 477 558 546 prix très-modeste.
238 539 1243 619 Avant de prendre la gravure, je veux te parler du
191 584 802 671 charmant ouvrage que voici :
382 701 1057 775 IMITATION DES LITHOPHANIES.
227 765 1250 876 Tout le monde, je crois, connaît aujourd'hui, et je
187 854 1250 921 suppose que tu es du nombre, ce que l’on nomme
187 907 1244 979 lithophanie; tu vois déjà que je veux parler de ces
186 947 1244 1032 délicieux petits tableaux en porcelaine, moulée sur des
176 1009 1236 1091 bas-reliefs et qui, placés devant une lumière ou fixés,
186 1063 1236 1139 comme c'est l'usage, à un carreau de fenêtre, repro¬
183 1115 1241 1193 duisent en relief, avec des dégradations de teintes les
190 1170 1241 1241 plus délicates, le sujet sur lequel le tableau a été
178 1227 1237 1299 moulé. Avant de t'indiquer le moyen d’imiter ces
190 1279 1227 1350 petits chefs-d’œuvre, laisse-moi te dire que les pre¬
178 1330 1231 1397 mièresursurs lithophanies nous sont arrivées des manufac¬
183 1375 1239 1445 tures de Meissein; aujourd'hui il s'en fait dans toutes
178 1423 1236 1490 les Manufactures de belle porcelaine, mais le prix
180 1474 1229 1543 encore élevé de ces petits tableaux a fait naître à
183 1525 1227 1598 Berlin une nouvelle industrie, celle de l’imitation
176 1587 1219 1648 desurs lithophanies,imitation dont les procédés ne de¬
165 1641 1235 1705 mandent pas plus d’adresse qu’il n’en faut à nos jeunes
172 1688 1229 1751 amies pour exécuter la plupart des ouvrages de goût
168 1744 1217 1844 dont nous envoyons chaque mois de nouveaux mo¬
164 1777 289 1843 dèles.
208 1818 693 1899 Donc, ouvre tes oreilles.
206 1898 1231 1961 L’imitation des lithophanies s’obtient au moyen de
159 1927 1229 2016 la cire blanche bien pure (celle de Smyrne est la plus
167 1996 1219 2061 convenable) additionnée de graisse et de gomme élas¬
165 2046 1225 2121 tique blanche, dans la proportion d'un huitième pour
160 2109 1224 2179 chacun de ces derniers ingrédients, qui sont destinés
161 2141 1212 2237 à donner à la cire le liant et la solidité qui lui man¬
161 2203 299 2272 quent.
200 2250 1217 2328 Répétons : cire blanche, puis, un huitième de ro¬
156 2323 1219 2385 gnon de veau fondu au bain marie, et un huitième de
152 2373 1223 2448 caoutchouc blanc dissous; tu feras fondre la cire au
159 2414 1216 2488 bain-marie ou sur un feu très-doux, à l’esprit-de-vin
161 2468 1219 2549 par exemple, modérant à ton gré la chaleur; le vase
155 2523 1215 2593 dont tu te serviras sera en fer-blanc avec un bec; au
151 2573 1215 2654 fur et à mesure que la cire se fond, on ajoute la
155 2621 1213 2697 graisse et le caoutchouc, ayant soin de remuer pres¬
159 2679 1209 2759 que constamment. Cette préparation, une fois ter¬
148 2744 1206 2818 minée, peut servir immédiatement ou être con¬
152 2781 286 2841 servée.
211 2826 1201 2919 En ajoutant des matières colorantes à la cire,
151 2893 1209 2964 on lui donne la teinte la plus convenable à l’effet
149 2931 1206 3010 que l’on veut reproduire. Le blanc s’obtient avec
134 2987 1201 3075 l’outre-mer Guimet, le vert avec le vert anglais foncé,
140 3044 1204 3120 le jaune avec le jaune de chrome, le violent avec la
144 3092 1197 3180 laque violette de cochenille, enfin le rouge avec le
151 3147 1193 3240 vermillon et le carmin. Ces matières colorantes doi¬
151 3198 1197 3272 vent être en poudre impalpable, l'intensité de ton
147 3251 1192 3332 qu'elles donnent à la cire varie selon la quantité em¬
145 3293 295 3360 ployée.
188 3342 1201 3439 Par un usage en quelque sorte artistique, on
140 3400 1193 3477 peut en employant la cire coloriée obtenir des ta¬
134 3450 1190 3540 bleaux d’une transparence du plus merveilleux effet;
128 3501 1192 3586 mais avant de te livrer au fini de ce travail, je t'en¬
137 3555 1193 3636 gage à t’exercer d’abord à reproduire plus ou moins
132 3618 1188 3699 parfaitement un petit tableau d'une couleur uni¬
1333 340 2414 438 forme. A cet effet, tu te procureras un modèle en
1348 395 2401 498 plâtre, soit une vue, soi un sujet pieux; ce plâtre,,
1334 457 2409 543 après avoir été plongé pendant quelques minutes dans
1340 506 2409 593 une eau pure, doit être posé horizontalement sur une
1344 557 2399 648 petite planche que l’on entourera, si elle en manque,
1336 616 2402 693 d'un petit rebord en terre glaise destiné à retenir la
1344 662 2390 751 cire que l’on verse, vivement, jusqu’à ce que le mo¬
1344 710 2397 798 dèle en soit recouvert à une hauteur de un millimètre
1334 779 2405 857 ou deux au-dessus de ses reliefs les plus saillants;
1334 829 2412 898 quelques minutes suffisent à la solidification de cette
1345 881 2402 954 couche de cire, que l'on retire alors de dessus le moule
1334 919 2408 1010 de plâtre dont elle est, tu le comprends, la fidèle
1329 981 2402 1067 re Kproduction. Si ton modèle a été bien choisi et ton
1329 1036 2399 1116 imitation bien réussie, ta lithophanie artificielle doit
1337 1085 2397 1176 pouvoir rivaliser avec les plus parfaites venant de
1329 1141 2395 1227 Meissein; quelques personnes même préfèrent celles¬
1336 1201 2399 1271 ci aux véritables. Et puis, c'est si amusant à faire,
1325 1237 1813 1319 et si gracieux à offrir!
1430 1361 2284 1440 EXPLICATION DE LA GRAVURE DE MODES
1361 1453 2389 1560 Toilette de promenade et Herlette de soirée pour les
1325 1525 2390 1610 eaux. — Robe de taffetas à petites raies en travers;
1317 1579 2387 1664 les quilles sont formées par deux bandes de tafletas
1317 1630 2387 1709 écossais interrompues par une rangée de boutons
1319 1691 2387 1761 plats recouverts d’écossais. Basquine impériale ornée
1322 1744 2382 1813 pareillement. Chapeau de paille suisse avec un simple
1322 1790 2386 1867 bouquet de fleurs des champs; au bord de la passe et
1317 1836 2385 1937 du bavolet est une dentelle à petits grelots de jais.
1319 1892 2378 1976 Manches bouillons.—Gants de Suède à deux boutons.
1375 1948 2338 2024 Ombrelle au crochet avec transparent de moire.
1358 1992 2375 2089 Robe d’organdi à deux jupes; au bord de la pre¬
1318 2065 2375 2130 mière jupe se trouvent des bouillonnés; des rubans
1318 2114 2374 2179 passés dedans viennent sur les deux côtés de devant
1318 2163 2362 2227 former une échelle de nœuds. Fichu Marie-Antoi¬
1305 2211 2365 2289 nette, croisé devant et nouant par derrière; deux gar¬
1311 2273 2374 2335 nitures brodées surmontées d’un bouillonné avec
1307 2324 2371 2402 ruban, et des nœuds terminent ce joli fichu, descen¬
1305 2374 2371 2441 dant assez bas sur les deux volants des manches, pour
1307 2422 1856 2491 les dissimuler tout à fait.
1580 2534 2085 2611 TAPISSERIE COLORIÉE.
1344 2652 2355 2732 La tapisserie que nous donnons ce mois-ci repré¬
1310 2703 2348 2767 sente d’abord un sac de voyage ou sac à argent; sui-
1307 2753 2358 2834 vant le canevas plus ou moins gros que l’on choisira,
1310 2819 2355 2897 on le fera avec mélange de soie d’Alger pour les cou¬
1305 2849 1559 2921 leurs claires.
1352 2911 2362 2983 Vient ensuite un dessin destiné à des lambrequins
1301 2956 2359 3052 de cheminée, de rideaux ou de tables; les couleurs
1294 3007 1988 3087 claires seront aussi mieux en soie.
1340 3069 2348 3143 Tu me railles de ce que je suis toujours près d’ou¬
1295 3114 2347 3193 blier le rébus, et tu supposes que mon incapacité natu¬
1291 3172 2350 3243 relle pour ces sortes de jeux d'esprit est un peu la
1294 3229 2348 3286 cause de ce presque oubli ; faille, taille, mon enfant,
1286 3279 2347 3348 moi, je me bornerai à te donner la traduction du
1291 3332 2340 3400 dernier, sans y ajouter un mot d’explication; peut¬
1283 3375 2344 3441 être éprouveras-tu quelque embarras à deviner com¬
1291 3432 2335 3500 ment ce groupe de collégiens, dont deux nouveaux,
1287 3490 2343 3551 cette toue, ce têt à porc, enfin ce beau du temps du
1293 3536 2348 3614 directoire, peuvent signifier : De nouveau, tout est
1283 3591 2098 3644 beau; ton embarras serait ma vergeance.
1330 3629 1948 3708 Adieu, je t’aime et t‘embrasse.
