2897 4318
1211 359 1314 452 165
118 447 1211 508 née au caprice du moment, ou gaspillée par des tra¬
125 506 1215 566 vaux ou délassements sans suite ni ordonnance. Elle
126 558 1211 619 allait à la messe de sept heures au village voisin, puis
118 622 1217 678 elle revenait auprès de sa mère, et jusqu'à onze heures
123 671 1212 741 elle lisait, elle écrivait, eIle priait, alle travaillait. A
126 727 1215 778 onze heures, on déjeunait, et aussi longtemps que
121 771 1208 836 cela convenait à nos parents, nous prolongions la
126 832 1207 878 conversation. Puis, Stéphanie dessinait ; ou bien
123 875 1208 947 s'assevant devant une vieille épinette qui servait de
118 934 1212 992 dressoir, elle ravissait nos oreilles et nos cœurs, en
121 986 1208 1045 nous redisant quelques souvenirs des grands maîtres.
163 1044 1211 1093 » O pauvreté des instruments! ô impuissance du
121 1093 1203 1149 talent lui-même et de l'agilité des doigts pour amener
123 1147 1206 1212 à l’âme de l‘exécutant cette émotion qui doit gagner
123 1200 1211 1266 l’âme de ceux qui l’écoutent! Et que tout cela est
118 1254 1203 1315 bien de l'industrie à côté de l’art véritable! Notre
122 1308 1204 1366 épinette à quatre octaves, aigre et grêle comme
118 1360 1215 1432 la voix d'une chevrette des montagnes, résonnant
118 1414 1196 1471 sous les doigts de cette jeune fille qui n’avait ja¬
121 1466 1206 1522 mais eu d’autre maîtresse que sa mère, ni d‘autre
111 1523 1206 1584 auditoire que le curé de Machecoul et quelques vieux
121 1573 1201 1633 émigrés, cette épinette avait des accords indicibles.
111 1623 1206 1686 Il nous semblait entendre la pensée même des maîtres
115 1677 1204 1741 de l'art, mais dépouillée de ces vains ornements, de
110 1730 1203 1804 ces voiles qu’une main maladroite prend soin, trop
115 1793 1203 1843 souvent, hélas ! d’y ajouter, sous prétexte d'embellis¬
105 1847 1203 1904 sements. Quelquefois, c'était même un simple Noël
105 1886 1203 1954 de la Vendée que Stéphanie chantait en s'accompa¬
116 1958 1214 2028 gnant, ou quelques notes qu’elle semblait jeter au
1296 438 2378 538 hasard. Elle n'avait alors ni la poitrine haletante, ni
1293 515 2378 590 les cheveux en désordre, ni ce frémissement et cette
1299 566 2381 643 langueur à effet, affreux oripeaux dont les artistes
1300 622 2385 693 d'un vrai mérite ne craignent pas pour ant d'aflubler.
1300 667 2374 745 leur ta'ent, pour faire leur cour au goût dépravé d’au¬
1296 726 2381 792 diteurs blasés et ignorants. Elle était noble, simple,
1293 782 2385 836 émue, touchante sans chercher à l'être, parce que
1296 836 2385 899 quelque chose du foyer intérieur se reflète toujours
1295 881 1525 945 au dehors.
1336 938 2381 1003 » Jamais — voyez comme la charité dominait chez
1296 986 1706 1056 elle tout le reste —
1739 997 2381 1055 jamais Stéphanie ne s'oubliait
1288 1052 2374 1121 au piano une minute de trop... non que je me fusse
1293 1092 2374 1162 lassé de ces célestes méladies ; mais ce n'était pas
1303 1156 2376 1222 pour moi qu'elle jouait... et, à un moment donné,
1300 1211 2374 1275 lorsque son tact exquis l'avertisait que sa mère allait
1286 1266 2370 1333 en avoir assez, elle résistait à nos instances polies,
1293 1312 2376 1382 elle s'arrachait, sans effort apparent, à cet attrait qui
1289 1362 2376 1437 certainement l'eût retenue là jusqu'à minuit; et elle
1293 1418 2374 1480 faisait avec sa mère ou avec mon père la quotidienne
1296 1469 1980 1533 partie de trictrac ou d'échecs... »
1329 1539 2370 1581 Ces citations prouveront assez à nos lectrices l’in¬
1281 1581 2380 1643 térêt et la grâce que respirent les aimables récits de
1282 1634 2378 1697 M. de Margerie, où l'enseignement chrétien découle
1282 1688 2378 1751 nature.lement des situation et des caracteres si bien
1282 1737 2378 1804 retracés par l’auteur. Nous croyons que toutes les
1281 1804 2378 1852 familles nous sauront gré de leur avoir indiqué cet
1285 1852 2380 1915 excellent livre, qui a pris des romans l'intérêt, et des
1282 1903 1877 1981 ouvrages de morale l'utilité.
2065 1948 2188 2018 M. F.
699 2122 1193 2234 Littérature
1288 2114 1786 2252 Etrangère.
260 2326 1040 2407 THE SUSPICIOUSMAN
144 2536 1197 2600 As a suspicious spirit is the source of many crimes and
115 2598 1189 2640 calamities in the world, so it is the spring of certain mi¬
114 2641 1193 2696 sery to the person who indulges in it. His friends will be
111 2687 1185 2755 few; and small will be his comfort in those whom he pos-
100 2740 1195 2796 sesses. Believing others to be his enemies, he will of course
115 2785 1191 2850 make them such. Let his caution be ever so great, the as¬
118 2830 1193 2900 perity of his thoughts will often break out in his16 haviour;
100 2880 1189 2935 and in return for suspecting and hating, he will incur sus¬
110 2917 1192 2989 picion and hatred. Besides the external evil which heI draw
111 2976 1191 3028 upon himself, arising frong alienated friendship, broken
110 3019 1191 3085 confidence, and open enmity, the suspicious temper itself
114 3063 1191 3130 is one of the worst evils which any man can suffer. If « in
121 3106 1191 3184 all fear there is comment, » how miserable must be his
119 3165 1178 3226 state who, by living in perpetual jealousy, lives in perpe¬
119 3203 1189 3272 tual bread! looking upon himself to be surrounded with
122 3247 1173 3336 spies, enemies and designing men, he is a stranger to re¬
119 3295 1188 3377 liance and trust. He knows not to whom to open himself.
116 3343 1185 3421 He dresses his countenance in forced miles, while his heart
121 3395 1184 3466 throbs within from apprehensions of secret treachery.
123 3441 1188 3514 Hence fretfulness and ill humor,ogust at the world, and
118 3496 1181 3561 all the painful sensations of an imitated and embittered
115 3546 1181 3615 mind. So numerous and great are the evilsdesing from a
114 3594 1188 3662 suspicious disposition, that, of the two extremes, it is more
110 3643 1188 3702 eligible to expose ourselves to occasional disadvantage from
110 3685 1181 3768 thmaking too well of others, than to suffer continual misery
110 3729 1188 3796 by thinking always ill of them. It is better to be sometimes
108 3769 760 3854 imposed upon, than never to trust.
904 3815 1036 3892 BLAIR.
1359 2319 2266 2430 L'HOMME SOUPÇONNEUX
1314 2540 2355 2602 De même qu’un caractère soupçonneux est la source de
1280 2592 2361 2648 bien des crimes et des malheurs dans le monde, de même
1277 2644 2351 2706 c’est l’origine de l‘infortune certaine pour quiconque s’y
1270 2696 2352 2754 abandonne. Ses amis seront en petit nombre ; chez ceux
1277 2739 2351 2791 qu'il possède, il ne trouvera que bien pou de consolation.
1270 2788 2352 2836 S'imaginant que les autres sont ses ennemis, il en arri¬
1277 2828 2351 2896 vera à les rendre tels. Quelque grandes que soient ses
1269 2874 2355 2948 précautions, l’apreté de ses pensées percera souvent dans
1274 2928 2350 2984 sa conduite ; en retour de ses soupçons et de sa haine,
1270 2973 2352 3030 il encourra le soupçon et la haine. Outre le mal extérieur
1270 3024 2352 3081 qu’il s’attire et qui provient de l’amitié méconnue, de la
1270 3072 2344 3128 confiance brisée et de l’inimitié déclarée, le caractère soup¬
1274 3121 2350 3185 çonneux est par lui-même un des pires maux que l'homme
1273 3166 2341 3229 puisse supporter. Si « dans la crainte il y a un supplice,»
1275 3214 2351 3276 qu'il doit être misérable celui qui, vivant dans un soupçon
1269 3261 2341 3326 perpétuel, vit dans une perpétuelle ci ainte! Se considérant
1274 3296 2344 3366 comme entouré d’espions, d‘en remis et d‛hommes mal in¬
1265 3341 2340 3422 tentionnés, il reste étranger à la sympathie et à la confiance.
1269 3402 2345 3476 Il ne sait à qui s’ouvrir. C’est avec des sourires forcés qu’il
1270 3439 2347 3509 se donne une contenance, tandis que son cœur tremble
1270 3499 2348 3558 sous l'appréhension de quelque embûche secrète. De là le
1274 3540 2351 3607 chagrin, la mauvaise humeur, le dégoût du monde et toutes
1267 3584 2350 3663 les sensations pénibles d'un esprit aigri et irrité. Les maux
1270 3644 2352 3704 qui proviennent d'un caractère soupçonneux sont en tel
1270 3681 2356 3754 nombre et si grands, que, de deux extrêmes, le préférable
1270 3733 2347 3815 est de nous exposer à quelque dommage accidentel en pen¬
1270 3780 2347 3855 sant trop bien d’autrui, plutôt que d‘avoir à souffrir un
1270 3833 2351 3896 malheur continuel en pensant mal de notre prochain. Mieux
1277 3896 2255 3950 vaut être parfois trompé que n'avoir jamais confiance.
1786 3931 2200 4005 Mrie AMÉLIE DESPREZ.
