2939 4158
1564 82 1671 166 362
439 149 1562 238 impérieux que ceux du corps, reprit doucement M. de
446 235 1564 306 Gontheraut, et je suis certain que vous lisez pendant
446 290 1116 364 la nuit, pendant l'insomnie.....
494 345 1564 409 — L’insomnie ? interrompit Maurice, je n’en ai
451 396 1555 478 jamais; mon sommeil n’est point agité et n‘est inter¬
446 461 1564 529 rompu que par l'obligation de me lever de grand
449 516 593 590 matin.
543 560 1558 638 Nous allons bientôt partir, disait M. Bertaux,
451 637 1564 712 j'espère, Simon, que tu viendras nous voir souvent
449 676 1565 749 avec Maurice; les campagnes avoisinant Paris sont
460 753 1564 812 quelquefois moins éloignées que certains quartiers
457 802 1566 866 de la ville; en trois quarts d’heure vous serez à notre
453 857 582 928 porte.
497 900 1566 976 — Et vous, monsieur, dit madame Lemayer à
446 968 1564 1027 M. de Gontheraut, vous disposez-vous à quitter Paris?
487 1036 1572 1081 — Mon médecin l'exige, madame, et mes travaux
449 1080 1566 1146 réclament un peu de solitude et de paix ; mais je suis
449 1135 1561 1193 si embarrassé de choisir entre de nombreuses invita¬
451 1190 1561 1254 tions, également aimables, que je ne sais si je ne
466 1245 1412 1324 prendrai pas le parti de n’en accepter aucune.
497 1295 1561 1370 — J’espère que vous m’excepterez de cette mesure
454 1357 1558 1416 énergique; je ne vous tiens pas quitte de votre pro¬
449 1408 1551 1482 messe, et vous viendrez passer quelques jours avec
454 1465 1551 1528 moi. Mon habitation est à quelques minutes seule¬
449 1520 1555 1582 ment de celle de mon cousin, nous nous retrouverons
439 1572 1274 1636 tous rassemblés comme en ce moment.
487 1606 1555 1694 — Je suis toujours si heureux d’être près de vous,
439 1687 1551 1748 madame, que je ne songe guère à me priver du seul
449 1743 1551 1807 plaisir que je me promette cet été. M. Bertaux vou¬
439 1804 1548 1856 dra bien me permettre de l’aller visiter... A part votre
439 1854 1555 1912 famille, je ne verrai personne, et toutes mes connais¬
441 1905 1555 1965 sances étant disséminées, je trouverai, en restant à
446 1958 1551 2019 Paris, la tranquillité et l’isolement que ma santé et
436 2016 1276 2073 mes travaux exigent impérieusement. »
487 2066 1552 2132 Quelques jours après cette soirée, M. Bertaux,
433 2118 1551 2182 fidèle à ses habitudes, quittait Paris pour s’installer à
443 2181 1555 2250 la campagne. Sa cousine, moins pressée, avait retardé
441 2240 1548 2299 son départ. Aussi les premiers jours parurent maus¬
443 2288 1551 2356 sades à la famille Bertaux. Qui n’a éprouvé ce vide
443 2339 1548 2413 énorme causé par la brusque interruption de rela¬
437 2401 1545 2465 tions agréables? L’échange presque quotidien des pen¬
433 2452 1549 2507 sées, des opinions, la communication des petits évé¬
430 2517 1554 2575 nements de la vie, créent peu à peu des liens tout
446 2564 1555 2630 puissants qu’on nomme les habitudes, qui sont les
443 2622 1554 2688 racines même de l’existence, et auxquels on ne peut
439 2673 1551 2734 toucher sans causer un malaise profond. M. Bertaux
444 2721 1555 2792 était chez lui avec ses filles, et cependant il regretteit
436 2786 1542 2840 son petit cercle d'amis; il aimait paternellement Mau¬
439 2838 1547 2906 rice, son ami Simon lui manquait, enfin, la compa¬
443 2882 1544 2956 gnie de M. de Gontheraut lui était fort agréable pour
443 2945 1540 3007 causer politique et parler de la décadence des mœurs.
443 2998 1555 3055 Nul visage connu n’apparaissait, et il se promenait
433 3054 1549 3114 un jour dans son jardin solitaire, avec un peu de
433 3113 1545 3175 ressentiment contre les amis qui le négligeaient,
429 3163 1542 3249 lorsque la voix de Cécile, qui était à la fenêtre de
424 3212 1360 3281 sa chambre, vint interrompre ses réflexions.
470 3284 1545 3345 « Voici une visite, lui disait-elle; quelqu’un de Pa¬
427 3337 1544 3416 ris, car la voiture du chemin de fer s’est arrêtée à
422 3403 689 3475 notre porte.
511 3460 1545 3536 -Enfin! se dit M. Bertaux. Qui vois-tu venir, sœur
422 3512 583 3597 Anne?
529 3580 1542 3651 Je ne vois guère d'herbe qui verdoie, parce que
422 3635 1545 3703 nous sommes toujours trop pressés de venir à la cam¬
427 3704 1265 3762 pagne, mais je vois M. de Gontheraut »
466 3754 1548 3835 C’était lui en effet, et M. Bertaux l’accueillit avec la
1646 156 2766 242 satisfaction d'un maître de maison, charmé de rom¬
1654 229 2772 293 pre la monotonie de ses journées, et de montrer une
1663 280 2769 347 la maison et un beau jardin. M. de Gontheraut
1657 338 2775 400 tenait le premier numéro d’un journal qui faisait son
1646 396 2772 454 apparition : l’article de critique littéraire était signé
1651 441 2775 521 par lui. Il faisait partie de la rédaction de ce journal,
1657 498 2773 569 et apportait à M. Bertaux son coup d’essai. Cet article,
1651 555 2772 623 écrit d’un style solennel et pédant, passait en revue
1646 620 2769 681 tous les écrivains fontemporains; il reprochait à l'un
1646 669 2769 743 sa froideur, à l'autre son emportement; celui-ci était
1651 736 2768 790 privé de tout sens moral; celui-là, au lieu de planer
1651 781 2775 846 dans l’espace avec la force et la majesté de l‘aigle,
1651 835 2772 899 était retenu à terre par des sentiments vulgaires et
1646 891 2776 961 bourgeois. Bref, il vous était démontré que l'on ne
1654 951 2775 1012 pouvait s’intéresser à aucune de leurs œuvres, et ceux
1654 1005 2775 1061 qui y avaient trouvé un plaisir quelconque, étaient
1648 1061 2772 1122 accusés et convaincus de méconnaître l'art, d'ignorer
1648 1114 2775 1183 ces délicatesses d'un esprit que rien ne satisfait, ces
1648 1170 2779 1240 exigences de l'âme qui assure à l'infini, et qui dédai¬
1656 1225 2769 1293 gne et repousse tout ce qu’elle juge, toutce qu‘elle
1651 1283 1876 1346 comprend.
1695 1339 2771 1402 Cette brève analyse suffira pour faire comprendre
1648 1392 2769 1462 que M. Bertaux lut cet article par politesse pour l’au¬
1646 1445 2766 1500 teur, plutôt que par intérêt pour l'œuvre; il le par¬
1646 1503 2769 1555 courut pendant que ses filles faisaient visiter le jardin
1637 1552 2772 1619 à leur hôte. Il avait bien, à part lui, quelques petites
1648 1605 2766 1668 objections à faire, mais il était trop satisfait de la dis¬
1647 1667 2771 1735 traction que lui apportait la compagnie de M. de Con¬
1648 1718 2772 1784 theraut, pour les formuler avec la franchise qui lui
1643 1774 2768 1841 était habituelle. Plaisant jugement, se disait-il en
1639 1823 2775 1885 rejoignant ses filles; singulière conclusion ! C'est
1643 1885 2775 1957 absolument comme si je faisais arracher ce pêcher,
1644 1951 2765 2016 parce qu’il ne me donne pas des poires, et ce poirier,
1651 1999 2768 2062 parce qu'il ne produit pas des pêches. « Tiens, Pau¬
1648 2050 2772 2104 line, dit-il à sa fille, voici un article de M. de Gonthe¬
1651 2108 2768 2176 raut; cela est un peu sérieux, mais à vingt et un ans,
1639 2165 2778 2222 on peut lire autre chose que le Petit Poucet. » Pauline
1651 2217 2769 2275 prit le journal avec émotion. M. de Gontheraut revêtait
1636 2272 2768 2338 à ses yeux des proportions énormes; c’était un écri¬
1647 2332 2772 2401 vain! Peut-être un homme de génie dont le nom de¬
1651 2389 2771 2451 viendrait célèbre... et il était là, à causer simplement
1641 2425 2151 2500 avec deux jeunes filles !
1691 2495 2771 2572 « Je vous félicite, disait M. Bertaux, ou plutôt je fé¬
1636 2548 2771 2608 licite la rédaction dont vous faites partie. J'ai eu le
1653 2604 2771 2672 plus grand plaisir à vous lire. Cela doit vous être fort
1637 2653 1885 2724 bien payé.»
1691 2711 2765 2779 Pauline rougit pour son père, en apercevant un
1634 2768 2766 2843 sourire sur le visage de M. de Gontheraut. « Payé !
1643 2823 2769 2891 dit-il, c’est là une considération fort secondaire; quand
1639 2888 2768 2955 on a des conviction, on se voue à leur propagation,
1641 2938 2768 3010 sans s'arrêter à cette question du salaire. Cela viendra
1650 2988 2765 3063 peut-être plus tard. J’avoue que, jusqu’à présent, je
1631 3044 2288 3113 ne m'en suis pas préoccupé. »
1682 3097 2766 3172 Pauline applaudissait intérieurement à ces paroles.
1631 3141 2765 3209 La nature l'avait douée d'une de ces belles âmes tou¬
1639 3202 2772 3287 jours disposées à supposer chez les autres les nobles
1644 3271 2765 3329 vertus qui les animent. Aucun sentiment d’égoïsme ou
1633 3314 2765 3395 de vanité n’avait trouvé place dans son cœur ardent
1631 3385 2763 3453 et dévoué, et l'on ne pouvait guère lui reprocher que
1629 3426 2762 3504 l'excès même de ses qualités. En effet, les plus nobles
1630 3499 2758 3569 mobiles peuvent égarer un esprit inexpérimenté, et
1631 3539 2751 3620 la nature a placé les enfants sous la garde de l'expé¬
1630 3611 2762 3669 rience des parents pour diriger leurs vertus autant que
1646 3662 2755 3730 pour réprimer les défauts. La raison de Pauline ne
1636 3716 2754 3772 combattait que faiblement ses sentiments, et comme
1634 3765 2755 3836 ceux-ci étaient pars et élevés, elle ne songeait pas à
