2939 4158
1594 41 1716 116 330
481 109 1595 200 van, et que cet homme n'ait pas l'impudence de passer
478 181 1586 257 le seuil de ma porte! Qu'il t'attende dans sa voiture,
487 248 1595 317 comme je l'ai ordonné, quand tu quitteras la maison
475 296 1239 358 de ton père pour le suivre à l'autel.
531 361 1186 415 — Mon père ! mon bon père!..
583 401 1594 475 Oh ! oui, bon père! dit M. de Beaufreny. Mais je
473 443 1580 514 fus fils aussi! Et c'est l'homme auquel tu me sacri¬
475 509 1582 577 fies qui a fait tomber sur l’échafaud la tête de ma
478 577 1583 630 mère !.. Et c’est de ce sang maudit que naîtront mes
484 624 1594 691 petits-enfants! Et c'est ce nom exécré, méprisé que tu
481 675 1293 745 vas transmettre à mes descendants !.. »
522 735 1580 790 Les deux mains crispées du vieillard se perdaient
478 772 1589 847 dans ses cheveux et de bruyants sanglots s'échappaient
474 839 775 905 de sa poitrine.
517 895 1580 949 « Ma fille ! s'écria-t-il en se mettant lui-même à ge¬
473 952 1588 1016 noux et serrant dans ses mains les mains de Régine
475 1004 1582 1073 presque évanouie, mon enfant! c'est moi qui mainte¬
470 1061 1580 1118 nant t’implore; moi, ton père, je te prie à genoux
475 1120 1579 1180 d’éloigner de moi ce calice. Régine, ma fille, je t’ai
470 1161 1579 1228 tant aimée ! Pour prix de tous les soins prodigués à ta
475 1219 1579 1287 jeûnesse, auras-tu l'horible courage de m'ôter la rai¬
461 1281 1580 1353 son? car, je le sens, mes idées se troublent, ma tête
470 1330 682 1399 s’égare! »
514 1393 1583 1450 M. de Beaufreny, le front appuyé sur celui de sa
468 1440 1569 1512 fille, pleurait comme un enfant. Régine, hors d’elle¬
470 1501 1579 1556 même, se pressait contre lui, et leurs larmes, en cou¬
462 1554 1580 1613 lant le long de leurs joues, se confondaient. Devant
465 1603 1580 1676 un père à genoux la fille rebelle allait céder. Mais un
462 1663 1583 1721 roulement de voitures s'arrêtant devant la maison la
462 1720 1576 1774 fit bondir et, en poussant des cris de désespoir, elle
462 1774 1576 1830 s'enfuit en répétant : Mon père, pardon ! La porte du
465 1826 1579 1889 cabinet se referma d’elle-même sur elle. Au bruit
462 1883 1579 1946 qu’elle fit, Régine se retourna frappée au cœur comme
456 1933 1570 1993 durent l’être Adam et êve en voyant se fermer der¬
456 1986 1579 2056 rière eux, pour toujours, la porte de leur premier sé¬
453 2038 577 2119 jour.
505 2081 1575 2165 « Oh ! non, s'écria-t-elle, ce n'est pas pour long¬
462 2151 1575 2212 temps que cette porte m’est fermée; dussé-je venir
462 2204 1563 2278 tous les jours m’agenouiller devant elle, je la verrai
465 2256 1393 2327 se rouvrir. Un père pardonne, car il aime! »
514 2316 1569 2379 Et toute en désordre, elle alla poser sa main dans
470 2376 1576 2439 celle du parent qui allait la conduire à la mairie et à
455 2420 634 2493 l'église.
505 2476 1572 2537 Comme l’avait voulu M. de Beaufreny, Urbain Mor¬
456 2534 1575 2605 van avait attendu dans sa voiture que la fiancée vint
451 2586 941 2662 monter dans la sienne.
505 2649 1576 2709 Pendant la cérémonie du mariage, les larmes de
456 2697 1563 2765 Régine ne cessèrent de couler, et plus d'une fois Ur¬
455 2746 1579 2835 bain, froissé dans son origueil, fronça le sourcil en la
456 2807 835 2882 regardant de côté.
502 2875 1575 2939 A la sortie de l’église, les voitures conduisirent à
449 2925 1575 3000 l’hôtel Morvan les époux, que leurs témoins seuls
456 2985 1570 3052 accompagnaient. Lorsqu’elle fut descendue de voi¬
462 3039 1579 3114 ture dans la grande cour où l'herbe croissait en toute
455 3093 1579 3170 liberté, Régine pria son mari de lui permettre d'aller,
451 3151 1580 3223 avant d'entrer chez lui, rendre ses devoirs à M. de
452 3202 1299 3277 Beaufreny, dût-il refuser de la recevoir.
505 3270 1580 3327 « Vos désirs seront mes lois, madame, dit Urbain
456 3312 1572 3384 de sa voix douce au timbre faux; mais, dans votre
455 3369 1576 3447 intérêt, ajouta-t-il en changeant insensiblement les
456 3427 1579 3503 inflexions et relevant vers sa femme un regard fixe et
464 3477 1572 3573 dur, permettez-moi de vous engager à différer un peu
471 3522 1570 3619 cette démarche, qui, peut-être, sera mal accueillie;
462 3590 1575 3672 vous avez déjà été bouleversée aujourd'hui par tant
458 3638 1569 3727 d'émotions diverses ! Et puis, j'ai à vous présenter à
452 3708 1632 3796 mon père, » continua-t-il en la prenant par la main !
1674 119 2801 210 et la tournant vers M. Morvan, qui, n’ayant pas cru
1683 194 2791 261 devoir assister à la cérémonie, était venu jusqu’au
1674 241 2504 314 bas de son perron au devant de sa bru.
1716 299 2794 377 Régine, restée comme pétrifiée sous le regard de
1674 360 2797 430 son mari, cherchait en vain un mot à répondre à son
1674 408 2797 496 beau-père, qui lui disait d’une voix toute semblable à
1667 458 2034 534 celle de son fils :
1721 515 2790 603 « soyez la bienvenue dans ma maison, madame,
1671 583 2787 646 rien ne sera négligé pour vous la rendre agréable. »
1714 628 2793 697 Elle eut comme un éblouissement. Il lui sembla voir
1667 687 2778 760 derrière le vieux Morvan l’ombre de sa grand’mère.
1717 740 2787 810 « Monsieur, dit-elle enfin, pardonnez-moi. Je vous
1664 806 2796 864 remercie, mais j'ai laissé mon père dans un tel état,
1671 857 2363 922 que ma raison en est troublée. »
1720 911 2787 969 Et se retournant vers Urbain, involontairement elle
1674 966 2788 1027 joignit ses mains, car elle avait bien senti que la
1677 1026 2785 1084 prière de son mari était un ordre, et que son regard
1661 1070 2153 1137 était celui d’un maître.
1714 1133 2787 1202 Il répondit par un sourire amer et ironique à sa
1661 1178 1969 1250 muette prière.
1711 1243 2784 1299 « Calmez-vous donc, lui dit-il froidement et presque
1661 1296 2778 1379 tout bas. Ne vous donnez pas en spectacle. Tout cela
1657 1352 2253 1418 n’est pas flatteur pour moi.
1708 1404 2784 1475 — C’est vrai, pensa Régine; mais il ne m’aime
1674 1462 2778 1525 pas! il ne m’aime pas! se redit-elle avec effroi. Et
1663 1525 2609 1579 des larmes abondantes jaillirent de ses yeux.
1767 1564 2772 1635 Monsieur Morvan!... dit, avec l’expression du
1658 1607 2784 1705 mécontentement, le parent qui avait accompagné
1655 1673 1840 1752 Régine.
1765 1730 2779 1798 Monsieur, dit vivement Urbain, je voulais épar¬
1663 1795 2769 1853 gner à ma femme des émotions qu’elle ne me paraît pas
1667 1853 2775 1921 en état de supporter en ce moment. Si vous en jugez
1657 1908 2785 1966 autrement, je l'abandonne à vos soins, puisqu'il ne
1661 1965 2771 2027 m’est pas permis de la suivre; mais je vous prie in¬
1660 2019 2771 2084 stamment de ne pas nous priver longtemps d’elle et
1660 2081 2774 2140 de vous. Vous comprenez que je vais l’attendre avec
1666 2132 2779 2187 une impatience quine sera pas exempte d’inquiétude.»
1705 2178 2782 2241 Régine n'en attendit pas davantage, elle s'empara
1658 2242 2778 2304 du bras de son vieux parent et s’enfuit vers M. de
1655 2285 1864 2352 Beaufreny
1708 2339 2772 2418 « Mon père ? dit-elle en entrant aux domestiques.
1664 2392 2175 2471 Comment est mon père?
1779 2449 2766 2526 Nous ne savons pas, répondirent-ils. Monsieur
1661 2515 2769 2580 n’a pas sonné; aucun de nous n’à osé ouvrir la porte
1663 2564 2769 2622 de son cabinet. Nous avons écouté dans son anticham¬
1657 2608 2752 2693 bre, on n'entend rien, pas un souffle, pas, un pas. »
1705 2681 2760 2740 Régine monta vivement l’escalier, et pour la se¬
1663 2731 2737 2793 conde fois se précipita dans le cabinet de son père.
1705 2788 2771 2851 M. de Beaufreny, frappé d’une apoplexie fou¬
1657 2844 2781 2904 droyante, était resté agenouillé à la place où Régine
1654 2895 1943 2960 l’avait laissé.
1705 2948 2094 3026 Il était déjà froid.
1717 3003 2779 3074 Quand le parent de M. de Beaufreny accourut avec
1666 3063 2781 3135 les domestiques, aux cris jetés par Régine, deux corps
1666 3120 2172 3193 gisaient sur le parquet.
2178 3230 2258 3341 III
1711 3350 2775 3450 En proie à tous les ravages d’une fièvre cérébrale,
1660 3441 2771 3503 Régine, depuis deux mois, luttait contre la mort. Le
1660 3500 2771 3559 corps enfin était sauvé, mais les facultés intellectuelles
1657 3551 2768 3612 semblaient anéanties. Assise à côté de son lit, une
1655 3606 2763 3669 religieuse récitait son chapelet, et dans un coin de la
1657 3664 2763 3729 chambre Urbain feuilletait un gros in-folio. Le temps
1657 3727 2769 3807 brumeux jetait d'épaisses ombres dans cette chambre
