2959 4075
1551 208 1752 299 198
558 282 1642 371 tière à son Créateur, n'accorde plus une pensée â
573 334 1190 408 cette terre d'exil et de deuil. »
609 405 1638 461 A toutes les pages de ce livre, une douce et pieuse
569 453 1641 509 philosophie se mêle aux description brillantes, aux
562 502 1634 562 grands souvenirs et aux évocations des muses anti¬
569 554 1638 614 ques et des muses chrétiennes, qui ont tour à tour
562 607 1629 666 habité ces beaux rivages. Nous avons lu Naples avec
559 656 1638 729 un vif intérêt, et nous croyons que nos lectrices nous
562 715 1638 784 sauront bon gré de leur avoir indiqué cet aimable
559 774 749 841 ouvrage.
600 833 1626 945 La Sicile est un volume où la légende naïve se
554 930 1629 982 mêle à l'histoire sérieuse et grave; il fait connaître ce
558 987 1626 1054 pays peu visité par lesvaistes; pays d’une foi pro¬
554 1030 1630 1099 fonde, mais aux moeurs un peu étranges et qui fournit
546 1071 1627 1158 à l'auteur des tradition touchantes et des anecdotes
555 1139 1626 1212 curieuses. On lira avec un vif intérêt ces récits très¬
552 1188 1620 1265 moraux et souvent très-dramatiques; ils sont en¬
557 1238 1623 1311 trecoupés de souvenirs historiques et de description
554 1288 1620 1369 de cette Grande-Grèce, si belle, si célèbre autrefois,
551 1352 1625 1419 si belle encore, mais si ignorée aujourd’hui. Ce livre
554 1410 1625 1463 est une lecture attrayante mais instructive, et Naples
554 1458 1627 1527 et la Sicile, par la connaissance qu'ont acquise leurs
554 1507 1627 1584 auteurs des mœurs locales, font connaître les plus
547 1552 1629 1629 belles contrées de l’Italie telles qu'elles sont, et non
555 1608 1622 1700 telles que quelques romanciers se sont plu à les
562 1663 733 1731 peindre.
589 1765 1625 1846 L'art d'être malheureux, légende.— Si l'on réfléchit
547 1824 1615 1878 sur la destinée humaine, si l’on regarde en soi, au¬
547 1872 1627 1958 tour de soi, on verra que l'art d'être malheureux est
546 1930 1625 2003 tout simplement la science suprême de la vie, et que
550 1986 1625 2049 ce titre, sous un air paradoxal, renferme une grande
546 2039 1620 2113 vérité. L’art d’être malheureux, c’est l’ard de vivre
546 2092 1620 2166 avec son malheur, de se faire à sa vie, de s'accommo¬
547 2135 1618 2218 der aux circonstances, de ne pas trop se heurter con¬
546 2200 1625 2255 tre les pierres et les ronces du chemin ; c'est surtout
540 2243 1619 2325 l'art de conserver, au milieu des plus accablantes in¬
540 2300 1619 2362 fortunes, le refuse inviolable d’une conscience pure
542 2363 1622 2419 et le solide appui de la confiance en Dieu. Telle était
542 2410 1618 2470 notre pensée en lisant le titre de ce petit livre, telle a
544 2462 1618 2522 été aussi la pensée de l’auteur. Il a voulu enseigner le
537 2512 1619 2593 secret de trouver le bonheur dans la souffrance,
539 2571 1607 2631 puisque c’est là le milieu où s'agite notre destinée.
528 2619 1611 2693 Il a montré aussi que les efforts de l’ambition et de la
539 2667 1612 2735 cupidité n’aboutissaient qu’à augmenter la somme des
535 2723 1616 2790 douleurs; il offre au lecteur une suite de leçons sur
535 2769 1615 2857 la vanité des agitations terrestres, sur la nécessité de
525 2827 1610 2898 la résignation et de l’abandon à la Providence, et il
532 2884 1603 2961 place ces leçons aimables, quoique austères, dans la
522 2946 1610 3014 bouche d’un bon prêtre, qui a d‘abord pratiqué ce
529 2993 1603 3056 qu'il enseigne si bien. C'est une charmante et véné¬
522 3055 1605 3117 rable figure que celle de l'abbé Paul. Il démontre à
521 3106 1600 3167 son auditoire champêtre, par des leçons, pardes
526 3164 1599 3229 exemples, par des citations heureusement choisies,
517 3207 1604 3274 que la loi inexorable sous laquelle vit l’homme
521 3264 1607 3331 ici-bas, c'est la souffrance; qu'il faut s'y attendre,
520 3327 1603 3387 s'y résigner; que de cette loi, en apparence si dure,
511 3376 1603 3446 sort la force morale qui rend l'homme capable de
521 3424 1597 3497 soutenir le faix du devoir et qui le prépare à ses éter¬
516 3476 1597 3558 nelles destinées. Il montre, comme consolation su¬
525 3531 1603 3603 prême à la douleur, la religion et les vertus qu'elle
520 3583 1603 3668 inspire, surtout la résignation et la tendre charité
516 3632 1592 3725 pour les maux des autres. Ces idées sont bien sé¬
516 3702 1589 3776 vères, mais la forme dont M. J. T. de Saint-Germain
498 3743 1597 3845 les a revêtues est très-gracieuse, et nous espérons pour
1727 295 2802 377 l'auteur un succès aussi légitime que celui de son
1727 362 2650 428 premier ouvrage : La légende de l'Épngle (1).
1819 536 2709 652 LE CONTEUR DE L'ENFANCE
1856 655 2665 740 (QUATRE-VINGT-DIX CONTES POUR LES ENFANTS)
2035 740 2487 840 Par le chanoine SCHMID,
1713 826 2781 894 Traduit de l’Allemand par madame Pauline Braquaval née l‘Ollivier
2105 1017 2408 1104 VIOLETTES
1986 1132 2518 1205 RÉCITS MORAUX ET AMUSANTS,
1826 1195 2668 1279 Traduits de l’Allemand, de Ottmar Lautéusschlager,
2084 1287 2404 1370 PAR LA MÊME (2).
1752 1488 2777 1564 Nous sommes bien heureuse lorsque nous pouvons
1704 1545 2779 1616 répondre aux demandes nombreuses qui nous sont
1704 1601 2781 1668 faites par tant de mères tendres et intelligentes, et
1705 1648 2777 1719 leur indiquer un nouveau livre pour les enfants,
1712 1700 2779 1765 classe de lecteurs très-avide du nouveau, pour la¬
1708 1759 2780 1809 quelle on écrit beaucoup, mais à qui on parle rare¬
1708 1808 2786 1875 ment le langage qui lui conviendrait. Le nom du bon
1707 1857 2776 1930 chanoine Schmid, si connu, si chéri de l’enfance,
1708 1909 2781 1977 nous dispensera de toute recommandation. L’aimable
1708 1973 2773 2032 et pieux conteur fait parler, dans l’ouvrage que nous
1705 2025 2781 2079 annonçons, la nature entière avec ses beautés et ses
1701 2076 2779 2142 symboles ; il lui prête une voix pour enseigner à ces
1712 2125 2772 2195 petits êtres, si chers à Dieu, les vertus de leur âge,
1696 2178 2772 2243 la piété, la douceur, la simplicité, Ia soumission, le
1707 2234 2775 2297 respect des parents, l’amour de la famille. Comme le
1703 2282 2776 2349 bon Maître, il parle en paraboles. Les fleurs, les
1698 2337 2769 2401 arbres, les animaux, les métaux lui fournissent d’a¬
1708 2392 2773 2448 gréables images qui voilent de douces leçons et de
1700 2442 2479 2498 saintes vérités. En voici un exemple :
2094 2539 2363 2615 LES Roses.
1735 2641 2769 2706 « Un fermier, qui habitait une métairie isolée, étant
1703 2697 2764 2765 allé à la ville, en rapporta un rosier qu’il planta dans
1693 2753 2769 2818 son jardin. La petite Marguerite, sa fille, qui n’avait
1705 2805 2772 2870 jamais vu de rosier, dit à son père : — Mais que
1700 2866 2765 2925 faites-vous, cher père? Comment pouvez-vous songer
1687 2913 2766 2973 à mettre précisément au milieu du jardin cet arbuste
1697 2965 2764 3032 desséché et garni d’épines? C’est un bien triste orne¬
1687 3029 2769 3078 ment que celui-là; voilà une épine qui déparera notre
1697 3076 2769 3134 joli jardin. — Attends, ma chère enfant, et prends
1687 3132 2764 3189 un peu de patience, dit le père; cette épine produira
1693 3184 2766 3255 de merveilleuses fleurs, telles que tu n’en a jamais
1690 3231 1958 3312 vu de ta vie.
1730 3296 2764 3344 » Marguerite ne pouvait croire ce que disait son
1700 3346 2758 3413 père, et secouait d’un air d‘incrédulité sa petite tête
1685 3398 2128 3476 aux cheveux bouclés.
1731 3543 2730 3642 (1) Voir Journal des Demoiselles, année 1856, page 135.
1733 3617 2749 3679 (2) Un volume in-8° cartonné, avec de très-belles gra¬
1687 3668 2750 3736 vures, chez Casterman, à Tournai, et chez les principaux
1687 3707 2757 3774 libraires, à Paris. — Le second ouvrage, un volume in-12,
1682 3777 2446 3855 cartonné, avec gravures, chez les mômes.
