2822 3966
533 221 1597 312 Les couplets comiques des bohémiens avinés, un trio avec
544 304 1600 351 Meillet, qui est la composition la plus correcte et la plus
536 348 1586 420 remarquable de l’ouvrage sous le rapport de l'art, une ro-
539 392 1589 450 mance de Montjauze, que relève un charmant accompagne-
544 439 1592 489 ment, et enfin un duo dramatique entre Montjauze et ma¬
539 486 1589 547 dame Miolan composent le dernier acte de cet opéra auquel
553 531 1440 597 est assuré un nombre immense de représentations.
589 561 1595 638 Deux débuts ont signalé la reprise de Maria di Rohan au
550 622 1589 677 Théatre Italien : celui de madame Fiorentini, et celui del
539 666 1592 716 M. Solieri. La voix de la cantatrice est belle; elle dit
550 716 1589 782 juste et avec expression, mais elle nous semble ne pas
544 774 1592 818 savoir lier les sons avec assez de moelleux et d’harmonie;
544 810 1586 868 une phrase s’arrête devant une autre phrase, au lieu de
542 854 1589 912 s’enchaîner par des prolongements affaiblis quoique continus
536 901 1584 953 de la voix. Ceci est un défaut grave auquel madame Fio¬
539 951 1586 1000 rentini doit faire attention; mais les études que fait chaque
542 995 1589 1045 jour la chanteuse, et les sages conseils qu’elle ne peut
533 1042 1581 1092 manquer de recevoir, contribueront avec son propre juge¬
536 1089 1586 1139 ment à effacer cette tache qui nuit essentiellement à son
536 1128 1589 1180 talent. Solieri a une voix faible ; mais sa méthode est
533 1183 1578 1233 bonne, correcte et soutenue. Il vocalise avec goût et facilité
533 1227 1584 1282 Son jeu est pathétique, son chant plein d’expression. Bref,
533 1271 1581 1349 l’administration du Théâtre Italien doit s’applaudir de ce
533 1313 793 1374 double début.
583 1351 1589 1415 Madame Cambardi, dont la belle voix de soprano a éré
539 1410 1592 1462 admirée longtemps au Théâtre Italien, vient d’être appelée
542 1459 1581 1506 dans diverses grandes villes de l’Ouest, où une série de
542 1501 1589 1556 concerts a commencé. Parmi les morceaux que chante la
544 1550 1592 1611 cantatrice, on cite un grand air de la Traviata de Verdi, la
544 1595 1584 1644 Valse de Venzano, et la romance Pensée cachée due au ta-
536 1631 1584 1691 lent de madame Mouvielle, professeur de madamme Cambardi,
536 1686 1584 1741 de mademoiselle Marie Dussy de l’Opéra, et de plusieurs
525 1725 1434 1807 artistes devenues célèbres dans le monde musical.
1705 229 2720 315 On a entendu dans les salons de madame Erard les ceu¬
1675 287 2714 359 vres posthumes de Fumagalli, ce jeune et savant composi¬
1669 340 2731 409 teur, mort dans toute la gloire de son talent. Mademoiselle
1667 392 2717 450 de Kerolan, MM. Lubeck et Kruger ont interprété, avec un
1669 442 2720 497 excellent style et une rare habileté, ces morceaux dont la
1672 486 2725 542 richesse mélodique, la verve étincelante et la méthode
1667 520 2725 597 correcte témoignent assez en faveur du grand artiste. Nous
1669 578 2722 633 recommandons aux amateurs de musique sérieuse l’album
1672 625 2728 685 de Fumagalli, comme un recueil précieux, autant pour le
1672 672 2728 727 charme que pour l’enseignement. Nous avons nous-même
1672 721 2720 768 enrichi nos catalogues des compositions remarquables de
1675 766 2728 818 cet album, dans lequel il faut citer : les Regrets, la roche
1667 807 2728 865 du Diable, la Sérénade, pour les voix pouvant aborder les
1669 862 2720 915 difficultés; puis Velva, sorte de reverie poétique et gra-
1675 907 2728 956 cieuse, convenant parfaitement à ceux dont l’instruction
1664 951 2725 1003 musicale n’est pas encore arrivée à un haut degré de per¬
1664 992 1805 1056 fection.
1708 1039 2725 1097 Puisque nous voici sur le chapitre de nos catalogues,
1667 1081 2731 1150 n’oublions pas de mentionner l’opéra 130 de F. Hünten,
1664 1133 2725 1186 intitulé : les Délices des jeunes Pianistes en plusieurs suites,
1669 1183 2731 1233 destiné aux élèves qui commencent, ainsi que les Soirées
1667 1224 2728 1274 d’Hiver de Dreyshock, six jolies fantaisies de moyenne
1655 1277 2731 1324 force. Dans notre collection de musique de danse, nous si¬
1667 1324 2728 1376 gnalerons la valse de Si j’étais Roi, de Marcailhou ; celles
1667 1374 2731 1415 de la Colombe et de la Pensée, par A. Delaseurie ; puis la
1664 1410 2728 1468 Rose des Quatre Saisons, polka de Moniot; et dans la musi-
1672 1462 2728 1512 que de chant une série de charmantes mélodies et chanson¬
1655 1506 2731 1556 nettes appropriées aux jeunes personnes, autant pour le choix
1664 1553 2725 1609 moral des paroles que pour la grâce ou la gaîté de la musi¬
1669 1595 2731 1655 que; nous indiquerons parmi celles-là : Dieu bénit celui qui
1655 1655 2731 1705 donne, de Moniot; la Rose blanche, de Marquerie; le rusé
1655 1702 2731 1749 Normand, de Vimeux, et beaucoup d’autres que l’espace ne
1664 1736 2200 1816 nous permet pas d’énumérer.
2341 1738 2684 1813 MARIE LASSAVEUR.
1050 1907 2217 2109 Correspondance.
514 2172 2731 2261 PLANCHE II. — 1 et 2, Col et manchette — 3, Semé — 4, A. L.— 5, D. M. — 6, Bouquet pour semé. — 7, Fanchon, applica¬
553 2244 2733 2308 tion — 8, D. M.—9, Bouquet pour semé — 10, Petite garniture — 11, Écusson renfermant les lettres C, M. — 12, Semé
586 2305 2731 2369 — 13, Moitié d’une manche bouillon — 14, Manchette assortie au bouillon - 15, Dessin pour rochet — 16 et 17, Col et
544 2363 2731 2429 manchette — 18, Entre-deux assorti — 19, J. H.—20, Zélie — 21, Léonie — 22, Nisa dans un écusson — 23, S. D. M.
575 2413 2714 2476 — 24, N. de L. L. P. — 25, C. de U. L., P. - 26, H. D. — 27, H L. 28, Y. P.—29, Nadine — 30, J. E. de P.
550 2460 2722 2543 31, Joséphine — 32, et 33, devant et dos d’un corsage décolleté — 34, Manche du corsaze — 35, Croquis du cersage —
553 2532 2728 2584 36. Berthe Antoinette — 37, Croquis de la berthe — 38 à 41, Patron de manche fermée — 42, Croques de cette manche —
556 2568 2728 2661 43, Dessin d’un panier Isabelle — 44, Croquis du panier — 45, Porte-monnaie — 46, Petit bonnet turc pour bouchon de
553 2626 2587 2714 lampe — 47, Petite garniture — 48, Bande — 49. Pauline — 50, M. V. — 51, Rosalie — 52, E. S. — 53, tricot.
1655 2780 2720 2849 nales, des pages comparables à certains chapitres de
1655 2838 2717 2891 l’humaine histoire? « Le malheureux! mon Dieu! »
1661 2885 2717 2935 touchantes paroles qui me semblent révéler à la fois
1655 2930 2722 3001 et la commisération pour le meurtrier, et l’élan de
1653 2977 2031 3032 l’âme vers le ciel !
1711 3004 2722 3073 Quelques jours avant la catastrophe, j’avais assisté
1661 3065 2708 3120 à la première séance du cours de lecture et de décla-
1661 3112 2714 3167 mation de M. Ballande, artiste dramatique excellent,
1667 3156 2717 3209 et homme de lettres distingué. Je t’y ai vivement
1655 3200 2711 3253 regrettée ; M. Ballande nous a joué le quatrième acte
1661 3247 2720 3303 de Polyeucte, de ce Polyeucte émouvant et sublime
1661 3286 2717 3341 que tant de fois, il t’en souvient, nous avons lu
1661 3339 2714 3388 haut à nos mères. M. Ballande mettait ainsi en action
1661 3380 2706 3446 les préceptes de diction et de geste qu’il avait énu-
1653 3419 2714 3496 mérés préalablement dans un discours très-bien fait,
1661 3469 2708 3527 ai-je entendu dire aux doctes, et, en tout cas, fort
1653 3504 2708 3574 intéressant. Cependant, la nécessité d’un cours de dé¬
1664 3554 2714 3618 clamation se fait-elle sentir? Le cours de lecture même
1653 3598 2717 3667 est-il pour nous un besoin? pour les jeunes gens
1664 3643 2717 3739 peut-être; dans les colléges, dit-on, on néglige cet
558 2739 1581 2841 Malgré la frivolité du sujet qui fait le fond de notre
517 2819 1581 2902 correspondance, il me serait impossible de ne te point
517 2872 1581 2943 parler de l’horrible assassinat du 3 janvier. Déjà, ma
509 2921 1578 2979 chère Florence, les journaux de ton père t’en auront
522 2954 1575 3024 transmis les détails ; tu sais que c’est à l’instant même
517 3007 1573 3071 où notre vénérable prélat levait la main pour bénir
520 3048 1581 3118 un jeune enfant qui lui était présenté, que lui fut
525 3090 1578 3167 porté le coup mortel, et qu’il ne put prononcer que
517 3140 1567 3203 ces seules paroles : « Le malheureux ! mon Dieu! »
517 3176 1575 3253 Je n’essaierai donc point de te raconter le crime, mais
517 3209 1578 3316 simplement de te dire dans quelle stupéfaction dou¬
514 3256 1443 3352 loureuse l’épouvantable nouvelle nous a jetés.
567 3303 1570 3391 Stupéfaction est le mot propre ; nous nous regar¬
520 3333 1567 3435 dions les uns les autres, nous n’en pouvions croire
520 3388 1567 3482 nos oreilles, nous frémissions et doutions tour à tour,
517 3427 1570 3532 et, pour y ajouter foi, nous eûmes besoin que l’hor-
522 3477 1575 3568 rible fait nous fût répété par un témoin oculaire, en¬
522 3524 1581 3621 core ému et pâle du spectacle désolant qu’il avait eu
522 3562 815 3623 sous les yeux !
558 3615 1573 3739 Florence, les bêtes féroces ont-elles, dans leurs an-
