2897 4318
1241 159 1352 247 143
168 263 1243 335 cadets de Kernevel, nous ne pourrions être enrichis
165 334 749 387 que par Dieu ou par le roi. »
204 363 1250 434 Le jeune procureur essuya furtivement une nou-
165 424 1253 494 velle larme qui coulait de ses yeux hardis. Il salua
159 491 1253 546 mademoiselle de Kernevel et le chevalier. Un instant
159 539 1248 620 après, il remontait à cheval avec ses deux compa¬
165 599 309 674 gnons.
212 628 1253 707 « Hé! hé ! fit le praticien lorsqu’ils eurent dépassé
159 703 1248 760 la lande fatale où le matin il avait failli rester, à l’in¬
159 758 1248 822 star du vieux Prométhée, cloué sur les ajoncs; hé!
165 804 743 866 hé! monsieur le marquis ! »
208 859 1250 916 Le marquis fit un signe à son page, le page lança
162 919 1253 977 sur la bête du procureur un terrible coup de fouet, et
159 961 1242 1027 le procureur, rappelé par une ruade à la saine pru¬
168 1024 480 1095 dence, s’écria :
208 1074 726 1144 « Je ne dirai plus rien.»
208 1113 1250 1182 Le marquis descendit de cheval. Cette fois il dé¬
162 1189 1250 1243 pouilla tout à fait sa robe funèbre, et il apparut dans
172 1235 907 1299 tout l’éclat de son costume de cour.
209 1278 1245 1359 « Donne-moi mon épée, dit-il à son page. Et main¬
172 1341 1242 1397 tenant, monsieur Francœur, que l’esprit de la procé-
165 1393 1252 1460 dure et que cet enfant vous conduisent. Pour moi, je
165 1447 1245 1512 demeure; car l’épreuve que j’ai tentée est heureuse,
172 1499 999 1560 et le marquis de Kernevel est converti. »
665 1607 744 1706 III
209 1758 1250 1827 C’était le soir de ce magnifique jour d’éte. Le so-
168 1823 1248 1891 leil couchant se cachait derrière les hauteurs les plus
172 1880 1253 1949 lointaines ; l’ombre et la paix descendaient sur ces
165 1931 1242 1988 rudes campagnes. La surface du petit lac, dorée par
165 1981 1248 2050 les derniers rayons, réfléchissait comme un miroir
165 2032 1242 2095 les collines qui l’environnent; elle n’était plus trou-
175 2090 1250 2153 blée que par le vol des martins-pècheurs qui rasaient
172 2142 1246 2203 les ondes, et par les joyeux plongeons des poules
171 2197 1252 2257 d’eau. De l’autre côté de la gorge, dans l‘enceinte de
164 2254 1253 2311 Kernevel, où le jeu de la soule avait recommencé
171 2304 1252 2358 avec le soir, retentissaient quelques cris, et sur la
159 2358 1241 2411 rive opposée les voix des bergers rappelant leurs mai¬
171 2409 1252 2470 gres troupeaux. La cascade poursuivait sa chanson
165 2463 1253 2522 éclatante, et lorsque le marquis de Kernevel sortit du
172 2519 1249 2580 petit bois qui s’étend à droite de la rivière, il se
173 2567 1248 2624 trouva seul sur la berge, ne songeant tout d’abord
177 2623 1248 2681 qu’à respirer à pleins poumons l’air libre et bienfai¬
166 2669 639 2743 sant d’une belle soirée.
208 2716 1248 2800 Il eut bientôt assez respiré, et il se mit à réfléchir.
165 2781 1253 2839 Comme il avait le cœur plein, il sentit le besoin de
171 2831 1248 2893 parler aux objets qui l’entouraient, et voici le discours
173 2890 1245 2957 que le noble marquis de Kernevel tint aux buissons
171 2944 947 3007 de la rive et aux rochers de la Letha :
213 2990 1245 3064 « L’espoir est certainement l’écho d’une voix divine
173 3048 1242 3112 qui résonne perpétuellement en toute âme humaine.
175 3091 1238 3156 J’ai bien fait d’espérer et d‘attendre, j’ay bien lait d'é¬
179 3150 1245 3215 prouver cette jeune fille, car je sais à présent où un
176 3202 1245 3276 trésor est renfermé, et je n’ai plus qu’à mériter les
179 3247 1245 3327 clefs de la maison. Marquis, mon ami, tu aurais pu
171 3294 1242 3377 là-bas, à la cour, épouser quelque bel esprit; mais ta
171 3344 1245 3434 sagesse t’avait dit ceci : Autant épouser ton écritoire.
176 3399 1245 3479 Je crois, impertinent, que tu t'étais permis de mal
165 3459 1252 3539 juger les femmes, lorsque ta mère n’avait que des
171 3517 1245 3596 vertus, lorsque la soeur que lu as perdue ressemblait
173 3568 1243 3647 à ta mère ! Tu t'étais promis de n’épouser qu’une
164 3619 1253 3707 fille pauvre, car tel est le devoir de tout homme riche.
171 3676 1246 3753 Mais tu avais peur qu’étant pauvre elle aimât trop la
165 3726 1242 3807 richesse, et tu croyais méchamment que ces brûlants
1341 211 2452 335 désirs de Tor et du luxe remplissaient tous les cœurs
1342 313 2179 376 des femmes. Marquis, te voici bien puni.
1381 331 2451 428 » Ma cousine est un ange. Et pourquoi donc alors
1335 426 2444 478 ne suis-je point tombé tout de suite à ses pieds, lui
1335 480 2444 539 demandant pardon d’une feinte malséante qui peut¬
1342 530 2444 595 être l’offensera?... Je suis seul... je peux bien me le
1342 591 2443 653 confesser à moi-même. Hélas! c’est que je n’ai point
1335 647 2436 708 osé. Irai-je aujourd’hui trouver mon oncle? Lâche
1342 699 2433 771 marquis, n’iras-tu que demain? C’est que si Margue¬
1342 758 2438 821 rite refusait de me voir, je ne me contenterais plus
1342 814 2431 876 de me faire passer pour mort, et je crois, marbleu!
1345 873 2150 936 que j’irais me faire tuer tout de bon! »
1377 930 2430 998 A ces derniers mots il leva les yeux. Marguerite
1328 958 2433 1040 elle-même sortait de la petite gorge, entourée d’une
1341 1022 2430 1110 troupe d'enfants. Ils bondirent de tous côtés sur la
1341 1090 2427 1156 prairie. La rêveuse solitude se remplit tout à coup de
1336 1135 2413 1209 leurs cris joyeux. Marguerite s’assit d’abord à sur-
1338 1199 2423 1252 veiller leurs jeux, elle ne tarda point à s’y mêler
1334 1239 2423 1316 elle-même. Elle riait de leurs rires argentins, elle
1335 1293 2430 1367 courait au milieu d’eux, si preste et si légère, qu’elle
1338 1357 2420 1425 semblait à peine fouler les herbes. Le marquis, caché
1335 1399 2430 1468 derrière une cepée de hêtres, observait avec agitation
1331 1464 2426 1543 cette scène charmante. Il allait, il venait, d’un arbre
1332 1497 1985 1561 à l’autre; il n’y tint plus enfin.
1389 1533 2429 1652 « Je ferai le tour de la colline! s’écria-t-il ; elle ne
1338 1605 1687 1682 me verra pas ! »
1383 1647 2427 1759 Et à son tour il partit comme un trait dans la
1335 1713 1794 1777 direction de Kernevel.
1381 1759 2423 1848 Or, les jeux sur la prairie duraient depuis une
1329 1828 2425 1901 heure. L’ombre s’allongeait de plus en plus sur la ri¬
1341 1891 2426 1966 vière, et Marguerite allait donner à toute la troupe
1329 1942 2419 2013 blonde l’ordre du départ. Le chevalier son oncle ap¬
1345 2000 2422 2070 parut tout à coup près d’elle. Il amenait avec lui un
1338 2049 2419 2122 beau gentilhomme brodé d’argent de la tête aux pieds.
1338 2092 2419 2178 Marguerite tressaillit d’étonnement : aux dernières
1338 2145 2412 2248 lueurs du crépuscule elle avait reconnu le jeune pro¬
1338 2196 1496 2264 cureur.
1378 2240 2419 2336 Les enfants s’étaient tus et se groupaient autour de
1335 2298 2426 2377 leur chère maîtresse, les yeux écarquillés, la bouche
1336 2359 2415 2443 béante. Le chevalier s’approcha de sa nièce; long¬
1334 2413 2422 2495 temps, bien longtemps il lui parla à l’oreille. Le mar¬
1329 2476 2422 2547 quis tenait la tête baissée, regardant sournoisement
1329 2520 2418 2596 Marguerite, dont le premier mot allait décider de son
1335 2581 2169 2649 sort. Elle s’avança vers lui, et il trembla.
1378 2602 2412 2699 «Mon cousin, lui dit-elle, ce que vous nous avez
1328 2687 2418 2777 fait est mal. C’était presque une félonie ; mais je vous
1339 2728 1583 2796 pardonne.»
1374 2768 1910 2872 Et elle lui tendit la main.
1371 3037 2412 3120 Le marquis de Kernevel ne voulut point qu’on
1329 3100 2409 3176 abattit le pauvre manoir pour construire à sa place
1329 3168 2416 3222 une plus magnifique demeure. Mais les masures de
1329 3223 2412 3280 ses fidèles paysans devinrent des maisons, et tout est
1342 3270 2409 3337 pierre aujourd’hui dans les ruines de Kernevel. Le
1329 3335 2407 3382 marquis et la marquise négligèrent souvent leur châ¬
1329 3376 2412 3439 teau pour ce séjour plein de souvenirs. Lorsque, les
1328 3428 2405 3503 beaux soirs d’été, tous deux ils se promenaient le long
1329 3484 2395 3547 de la Letha, le marquis ne manquait jamais de de¬
1329 3527 2416 3588 mander pardon à sa femme d’avoir un instant douté
1328 3572 2409 3679 d’elle, et puis ils causaient longuement de leur bon¬
1329 3632 1457 3690 heur.
1382 3658 2402 3765 « Le mois noir (on nomme ainsi novembre en Bre-
1335 3747 2408 3827 tagne) est décidément passé pour nous, disaient-ils;
