2897 4318
1262 208 1351 306 99
612 285 792 366 LE DOGE.
182 345 1262 432 Le devoir du sénat! Vous vous trompez, c'est nous qui
140 394 982 471 avons des devoirs à remplir cuvers le sénat.
595 456 797 520 ANGIOLINA.
177 509 1072 572 Je croyais que le doge était le maître à Venise.
614 551 777 604 LE DOGE.
170 588 1259 664 Il le sera... Mais laissons cela, Choisissons un entretien
143 636 1255 723 plus gai. Comment vous trouvez-vous ? Étes-vous sortie ? Le
137 700 1251 767 jour est sombre, mais le calme des vagues favorise la rame
143 742 1252 813 légère du gondolier. Avez-vous vu ce matin vos amies ?
144 785 1251 861 Est-il quelque chose que vous désiriez et que le faible pou¬
144 836 1235 913 voir du doge puisse vous procurer ? Par quelle magnificence
136 889 1248 960 par quels plaisirs puis-je contenter votre cœur et le dédom¬
133 939 1248 1005 mager de taut d'heures d'ennui passées avec un vieillard
136 984 1059 1052 consumé de soucis ? Parlez, vous serez satisfaite.
577 1040 788 1100 ANGIOLINA.
184 1080 1248 1161 Vous êtes trop plein de bontés pour moi; je n'ai rien à
140 1124 815 1195 désirer que de vous voir plus calme.
600 1192 780 1273 LE DOGE.
161 1207 407 1288 Plus calme?
586 1276 791 1343 ANGIOLINA.
173 1323 1247 1402 Qui, seigneur, plus calme. Ah ! pourquoi vous éloignez-
134 1381 1241 1452 vous ? Pourquoi marchez-vous seul à grands pas, et laissez-
138 1427 1242 1501 vous voir sur votre visage des émotions qui ne trahissent
137 1486 1249 1557 pas tout ce qui les fait naltre, mais qui en disent encore
129 1523 243 1590 trop?
598 1583 773 1638 LE DOGE.
166 1585 1238 1725 Qui en disent trop?... Eh quoi! que voit-on sur mon vi¬
123 1652 238 1726 sage?
573 1709 780 1785 ANGIOLINA.
164 1751 643 1841 Un cœur inquiet et agité.
588 1817 766 1882 LE DOGE.
166 1864 1230 1937 Ce n'est rien, ma fille ; vous savez que des soucis journa¬
129 1909 1235 1990 liers accablent ceux qui gouvernent cette république pré¬
123 1973 1240 2031 caire, tantôt attaquée par les Génois au dehors, tantêt par
123 2022 1237 2092 ses propres citoyens au dedans... c'est là ce qui me rend
122 2057 651 2131 plus pensif que de coutume.
573 2120 776 2179 ANGIOLINA.
158 2162 1235 2233 Cependant ces soucis ont toujours existé, et jamais je ne
116 2216 1231 2284 vous avais vu comme ces jours-ci. Pardonnez-moi. Il y a
119 2263 1227 2332 dans votre cœur quelque chose de plus que le souci des
112 2313 1230 2374 fonctions publiques. Ce ne sont pas des voisins hostiles qui
119 2358 1231 2434 peuvent vous alarmer, vous qui avez essayé tous les orages
117 2408 1228 2486 sans jamais succomber ; vous qui êtes parvenu au faîte du
126 2447 1220 2524 pouvoir sans jamais chanceler en route ; vous qui, monté si
115 2495 1223 2580 haut, pouvez encore fixer vos regards au-dessous de vous
120 2553 1221 2627 sans être ébloui. Les galères de Gênes seraient dans le port,
103 2604 1219 2675 la guerre civile exercerait ses fureurs sur la place Saint¬
112 2652 1217 2721 Marc, que vous ne seriez point ébranlé; vous tomberiez
113 2711 1217 2780 comme vous vous êtes élevé, avec un front inaltérable. Vos
113 2752 1219 2817 sentiments actuels sont d'une autre espèce ; quelque chose
115 2803 1041 2876 a ému votre orgueil plutôt que votre patriotisme.
577 2861 745 2914 LE DOGE.
141 2872 1213 2974 L’orgueil, Angiolina? Hélas! on ne m’en a pas laissé.
112 2939 1216 3020 Qui, j’avais dans le fond de mon âme l’orgueil de l‘hon¬
120 2989 1133 3063 neur, de votre honneur... mais changeons de discours.
552 3049 762 3108 ANCIOLINA.
140 3079 1212 3163 Non ! j'ai toujours éprouvé vos bontés dans vos moments
103 3137 1226 3225 heureux, ne me repoussez pas dans vos chagrins... Depuis¬
109 3188 1207 3267 le jour que la calomnie de Steno a troublé votre repos,
112 3241 1205 3332 vous êtes bien changé, et je voudrais parvenir à vous ren¬
110 3284 693 3362 dre votre ancienne tranquillité.
559 3354 729 3404 LE DOGE.
144 3358 1213 3495 Mon ancienne tranquillité ! Connaissez-vous le jugement
115 3409 544 3490 prononcé contre Steno?
553 3466 752 3558 ANGIOLINA¬
150 3501 243 3571 Non.
562 3572 728 3642 LE DOGE.
151 3610 548 3682 Un mois de réclusion.
548 3671 750 3747 ANGIOLINA.
144 3713 506 3796 N'est-ce pas assez?
565 3765 735 3832 LE DOGE.
150 3789 1200 3889 Assez ! oui, pour l'esclave ivre qui murmure contre le
113 3828 1207 3966 fouet de son maître; mais non pour le lâche imposteur qui
1344 288 2450 423 flétrit froidement l'honneur d'un prince et celui de son
1354 368 2342 474 épouse, jusque sur le trône où il exerce sa puissance.
1796 429 1990 496 ANGIOLINA.
1375 463 2437 570 Il me semble assez puni par la conviction de son impos¬
1340 523 2434 616 ture, lui, un patricien ! Tout autre châtiment serait léger
1344 572 2177 650 en comparaison de la perte de son honneur,
1810 625 1983 686 LE DOGE.
1381 674 2440 757 De tels hommes n'ont pas d'honneur ; ils n' ont que leur
1346 723 1871 792 vie, et leur vie est épargnée.
1783 777 1984 843 ANGIOLINA.
1388 797 2306 899 Vous n'eussiez pas voulu qu'il fût puni de mort?
1800 880 1962 938 LE DOGE.
1377 904 2432 999 A présent, non. Il a cessé de mériter la mort. L’absolu¬
1340 949 2432 1057 tion du coupable a condamné ses juges, car à cette heure
1328 1012 1702 1070 le crime est à eux.
1780 1061 1983 1128 ANGIOLINA.
1370 1105 2427 1189 Le ciel nous ordonne de pardonner à nos ennemis. Ne leur
1335 1161 1764 1233 pardonneroz-vous pas ?
1804 1203 1963 1272 LE DOGE.
1374 1240 2005 1314 Oui, quand ils seront dans le ciel.
1776 1312 1982 1370 ANGIOLINA.
1365 1343 1723 1417 Et jusque-là, non
1800 1404 1972 1465 LE DOGE.
1372 1444 2436 1525 Qu’importe mon pardon? le pardon d’un vieillard miné
1335 1505 2426 1576 par les ans, abreuvé d'insultes et de mépris l j'ai trop vécu.
1332 1551 2433 1629 Chargeons d’entretien ... Mon enfant, épouse outragée, fille
1330 1590 2429 1667 de Lorédan ! il pensait peu, ce père si brave, si loyal, qu'en
1329 1652 2436 1718 t'unissant à son ami, il te livrait à la honte!... si tu avais
1330 1691 2429 1772 eu un autre époux que le doge, cette calomnie, ce blas¬
1335 1738 2427 1821 phème ne fût jamais tombé sur toi. Si jeune, si belle, si
1323 1808 2179 1868 pure, essuyer cet affront et n'être pas vengée !
1769 1852 1972 1909 ANGIOLINA.
1358 1888 2423 1961 Je suis assez vengée, car vous m'aimez toujours. Tous les
1318 1943 2422 2007 hommes savent que vous êtes juste et que je suis fidèle. Que
1318 2001 2381 2054 pourrais-je demander, que pourriez-vous exiger de plus ?
1783 2046 1952 2102 LE DOGE.
1358 2091 2416 2163 C'est bien ; et peut-être tout ira-t-il mieux encore ; mais
1325 2140 2419 2212 quoi qu'il arrive, daigne respecter du moins ma mémoire.
1758 2187 1969 2256 ANGIOLINA.
1357 2223 1772 2317 Que voulez-vous dire ?
1782 2271 1947 2353 LE DOGE.
1347 2331 2419 2401 Il n’importe... mais je voudrais, quelque chose que les
1309 2384 2418 2458 autres pensent de moi, que tu me respectasses maintenant,
1316 2429 1916 2502 et quand je serai dans la tombe.
1759 2485 1958 2539 ANGIOLINA.
1347 2527 2402 2583 Pourquoi en douteriez-vous ? Ai-je jamais manqué au res¬
1305 2584 1725 2631 pect que je vous dois ?
1771 2623 1945 2685 LE DOGE.
1347 2634 2406 2728 Viens ici, ma fille. Je veux te parler un moment. Ton père
1305 2697 2408 2785 fut mon ami ; la fortune, inégale dans ses faveurs, l’avait
1305 2767 2401 2822 rendu mon débiteur pour quelques légers services qui res¬
1305 2817 2405 2877 serrent les liens des hommes vertueux. Lorsque, affligé de
1301 2869 2405 2928 sa dernière maladie, il désira notre hymen, ce ne fut point
1308 2918 2404 2979 pour s'acquitter envers moi, il l'avait fait depuis longtemps
1311 2964 2400 3019 par son amitié loyale. Son but était de mettre sa fille orphe¬
1308 3017 2405 3069 line à l'abri des dangers qui entourent une fille seule et
1291 3068 2395 3129 sans dot. Je ne pensais pas comme lui, mais je ne voulus
1300 3109 2395 3181 point contrarier la pensée qui le consolait sur son lit de
1297 3153 1409 3216 mort.
1741 3192 1943 3263 ANGIOLINA.
1336 3245 2393 3306 Je n'ai point oublié la noblesse avec laquelle vous me
1293 3294 2377 3358 dites de vous déclarer si mon cœur n'avait point d'inclina¬
1293 3353 2390 3410 tion qui aurait pu me rendre plus heureuse ; je n'ai point
1297 3390 2384 3459 oublié l’offre que vous me fites de me donner une dot égale
1287 3457 2386 3515 à celle de la plus riche héritière de Venise, et de renoncer
1287 3495 2381 3565 à tous les droits que vous laissaient les dernières volontés
1291 3551 1543 3634 de mon père.
1750 3572 1916 3640 LE DOGE.
1336 3621 2381 3712 Vous reçûtes de moi la liberté de choisir, et pour réponse
1287 3691 2100 3749 vous voulûtes obéir au choix de votre père.
1738 3729 1937 3791 ANGIOLINA.
1330 3784 2381 3847 Oui, je l'ai voulu à la face du ciel et de la terre ; je n'ai
1290 3826 2381 3899 jamais eu de regret pour moi, mais quelquefois pour vous,
1283 3874 2053 3956 en songeant à vos dernières inquiétudes.
