2897 4318
1204 235 1447 343 263
1071 488 1581 629 LAURANCE
213 764 1279 829 gne, un personnage plus important que le facteur?
213 823 1290 880 un seul dont la visite excite autant le curiosité et
211 872 1287 928 qu'on attende avec une impatience plus générale? Il
208 926 1285 988 tient chaque jour dans sa boîte, du moins pour quel¬
208 980 1285 1036 ques-uns d'entre nous, le remède à ce tourment de
205 1020 1282 1093 l’esprit et du cœur que nous avons nommé l'incerti¬
205 1088 1282 1142 tude. Ce remède n’est pas toujours la confirmation de
205 1139 1277 1198 nos espérances : c'est égal ! on veut connaître le ré¬
205 1190 1282 1250 sultat d’une démarche, fût-il malheureux ; et l’homme
202 1236 1279 1301 qui nous en apporte la nouvelle nous trouve l’oreille
202 1298 1279 1352 au guet, le cœur palpitant, dès qu’il fait retentir
202 1349 1271 1414 d'une main distraite la sonnette ou le marteau de la
202 1401 1271 1463 porte. Nous avons tous vu passer de nos fenêtres des
202 1455 1274 1517 princes pompeusement annoncés, au devant desquels
202 1503 1268 1557 accourait la foule ; eh bien ! l'arrivée de ces grands
194 1541 1268 1619 du monde était peu de chose pour vous et pour moi,
194 1606 1271 1662 si nous comparons à nos sentiments d’alors, l’émo¬
194 1660 1271 1725 tion qu’excite en nous, à certaines heures de la vie,
194 1698 1271 1778 l’apparition du facteur à l’entrée de la rue que nous
192 1762 394 1814 habitons
229 1789 1268 1868 Jamais fils de roi n'aurait pu laisser, après son pas¬
194 1868 1271 1930 sage, autant de joie que venait de le faire, en sortant
192 1924 1268 1978 du manoir de Kersaliou, le pauvre facteur de Saint-
192 1973 1268 2032 Jouan de l’Isle. Tandis qu’il s'éloignait en suivant les
192 2016 1263 2083 bords de la Rance, une jeune fille relisait vingt fois
189 2070 969 2137 la missive qu’il venait de lui apporter.
235 2124 1263 2189 « Enfin, disait-elle, enfin, c’est bien cette fois une
189 2178 1260 2240 lettre d’Agathe, de cette bonne Agathe, qui, j’en étais
189 2235 1263 2291 sûre, malgré de fausses apparences, ne m’a pas ou¬
186 2286 1255 2345 bliée un seul instant! Je puis maintenant la défendre
186 2340 1258 2399 avec avantage contre la défiance de ma mère. L’âge
186 2388 1255 2456 et la maladie disposent aux idées chagrines : on souf¬
186 2448 1258 2504 fre, et, par cela même, on voit tout en noir. Qu'il me
184 2491 1250 2561 tarde d'apprendre à maman cette heureuse nouvelle !
186 2537 1255 2626 Elle n’a jamais dormi si tard ! Allons, je veux la sur¬
184 2588 424 2658 prendre ! »
219 2645 1252 2704 Et Laurence entr'ouvrit la porte de communica¬
186 2691 1255 2761 tion qui séparait sa chambre de l’appartement de sa
181 2761 1250 2815 mère. Madame de Kersaliou achevait sa prière du
184 2799 332 2869 matin.
232 2839 1250 2917 « Te voilà toute joyeuse, dit-elle en se relevant de
186 2904 1117 2988 son prie-Dieu; voyons, de qui est cette lettre?
232 2952 775 3025 — Devenez, chère maman.
235 2998 829 3090 — De l'une de nos parentes?
235 3050 661 3133 — Vous n’y êtes pas.
229 3098 1244 3206 — Serait-ce donc?... Mais, non, c’est impossible!
197 3144 880 3225 après plus de deux ans de silence !
232 3217 1250 3319 — Eh! si, maman ! Je savais bien qu’elle m’aimait
192 3249 694 3330 toujours. Ecoutez plutôt:
297 3330 685 3417 « Chère Laurence,
229 3395 1241 3503 « Je me trouvais, avant-hier soir, dans une réunion
186 3462 1241 3554 » très-brillante où ton nom fut prononcé avec éloge
184 3530 1241 3606 » par madame la comtesse de la Moussaye. Les châ¬
184 3579 1239 3646 » telaines bretonnes faisaient le sujet de la conversa¬
184 3630 1241 3705 » tien ; et comme on parlait surtout des occupations
178 3681 1236 3762 .» de la jeune fille dans vos manoirs, la grande dame,
189 3730 1252 3830 » qui paraît connaître beaucoup ta mère, fit de toi
259 704 2423 804 Connaissez-vous, soit à la ville, so it à la campa¬
1352 775 2432 850 » avec un peu d’orgueil, comment nous nous ren¬
1349 837 2434 896 » contrâmes au couvent, et comment nous devînmes
1352 888 2434 953 » inséparables. Je t’ai bien négligée depuis quelque
1349 931 2432 1004 » temps. Que veux-tu? La vie de Paris est étourdis¬
1349 988 2426 1055 » sante; et qui va dans le monde ne s’appartient pas.
1344 1036 2421 1120 » Tu ne comprends guère cela, j’en ai peur; et pour¬
1349 1090 2426 1160 » tant je voudrais te persuader qu’on peut s’aimer
1344 1136 2423 1220 » encore, bien qu’on ne s’écrive plus. J’ai, d’ailleurs,
1349 1196 2426 1279 » une récompense toute prête si tu veux être indul¬
1344 1255 2421 1320 » gente. Ton manoir est à une très-petite distance de
1344 1303 2421 1371 » Saint-Jouan de l’Isle, où je passerai jeudi pour me
1344 1352 2421 1433 » rendre à Saint-Brieuc, dans la famille de Corseul.
1341 1398 2421 1482 » Je ne puis m’arrêter, mais, si je suis bien informée,
1341 1455 2415 1530 » il y a un relais à Saint-Jouan. Tu devines le reste.
1341 1506 2421 1573 » L’entrevue sera courte, mais je me réjouis d’avance
1341 1568 2421 1644 » avec toi en pensant que nous allons nous embras¬
1341 1603 1474 1679 » ser.
1379 1630 2418 1754 » Adieu, adieu, chère Laurence, ou plutôt à jeudi!
1727 1719 2078 1797 » Ta fidèle amie,
2035 1760 2251 1857 AGATHE. »
1371 1859 2418 1973 Un sourire un peu tailleur accueillit la lecture de
1325 1924 1625 1994 cette missive.
1376 1965 2413 2048 « Ainsi, dit la dame du manoir, il a fallu pour ré¬
1328 2035 2407 2110 veiller les souvenirs de mademoiselle Brémont la
1330 2086 2407 2151 bienveillance que nous témoigne une femme juste¬
1330 2151 2410 2213 ment considérée dans les meilleurs salons de Paris !
1330 2197 2407 2264 Sans cette rencontre, il est douteux que la fille d’un
1325 2237 2405 2310 riche financier se fût jamais souvenue d’une famille de
1322 2294 2405 2372 gentillâtres forcée de vivre à la campagne, lors même
1325 2345 2405 2413 que le désir d’habiter ailleurs lui viendrait un jour.
1322 2405 2399 2475 Ce désir, il m’a semblé quelquefois le voir dans tes
1322 2450 2399 2526 yeux, et même en ce moment, me trompé-je en sup¬
1320 2507 2396 2561 posant qu’il te serait doux de sortir de notre isole¬
1317 2561 2396 2620 ment, de renouer, pour ne plus les interrompre, des
1320 2612 2396 2669 relations de tous les jours avec Agathe et deux ou
1317 2661 2394 2731 trois autres de tes anciennes compagnes? Ne rougis
1314 2699 2394 2774 pas, et surtout ne crains pas de me parler sincère¬
1312 2755 1487 2834 ment. »
1360 2809 2391 2888 Madame de Kersaliou avait pris la main de sa fille
1314 2863 1924 2931 et la serrait entre les siennes.
1357 2909 2391 2985 « Chère maman, répondit Laurence, partout où
1317 2982 2383 3033 vous êtes, je suis heureuse; mais, je l’aveue, je le
1314 3028 2378 3093 serais encore davantage si, avec vous, mes amies de
1312 3082 2378 3133 couvent se retrouvaient ici autour de moi. Nous
1309 3128 2380 3179 avons passé ensemble des années si gaies et si char¬
1309 3179 2378 3252 mantes! Quelle conformité dans nos goûts ! quelle
1309 3244 2380 3298 réciprocité de bons offices! Nos études, nos jeux me
1306 3284 2378 3349 reviennent souvent à la mémoire, et pas un de mes
1309 3338 2378 3390 souvenirs où les noms d'Hortense, de Mathalie, et
1309 3384 2286 3457 surtout d'Agathe, ne se mêlent délicieusement. »
1352 3436 2221 3506 Une ombre passa sur le visage de la mère.
1352 3476 2380 3557 « Il n’y a pas loin du désir que tu viens d’expri¬
1309 3535 2380 3614 mer, dit-elle, au regret de ne pouvoir vivre dans le
1306 3584 2383 3660 monde où tu reverrais celle que tu viens de nom¬
1306 3654 2383 3708 mer. Pauvre enfant! tu n’as quitté le couvent que
1309 3692 2378 3759 pour venir te cacher dans ma solitude, et parce que
1306 3757 2372 3816 ton esprit et ton cœur ont suivi docilement la direc¬
