2897 4318
1221 178 1317 252 145
138 265 1217 338 fit un effort pour sauter sur une branche plus élevée
141 317 1221 387 et s’éloigner de moi : toutes les créatures faibles ont
145 379 1218 442 en l’homme un ennemi. Mais ses forces le trahirent,
135 427 1224 501 etses ailes presque entièrement dépouillées de plumes
135 484 815 559 ne pouvant le soutenir, il tomba.
178 536 1224 598 Pour le prendre, je n’eus pas à le poursuivre
135 584 1225 651 longtemps dans l’herbe naissante, et je l‘emportai
137 643 1217 710 chez moi, le careesant de ma main, le réchauffant de
130 707 1227 763 mon souffle; heureux d’espérer que je le guérirais et
133 755 1221 811 le sauverais; me promettant bien de ne le retenir pri¬
130 811 1216 857 sonnier que jusqu’à ce que ses plumes soient repous-
130 855 1217 911 sées et ses forces revenues. Je lui fis avec un mor¬
138 904 1214 970 ceau de ouate un nid bien chaud, et je plaçai à côté
133 961 1225 1023 du nid, dans deux soucoupes, une poignée de grains
141 1023 1224 1079 de chènevis et de la mie de pain humectée de lait.
135 1071 1228 1131 Mais, s’il resta dans son nid, le petit oiseau ne toucha
138 1130 1225 1191 pas au festin que je lui avais servi. Sans doute il
145 1184 1214 1240 était trop affaibli pour songer à fuir, mais le treil¬
141 1229 1217 1290 lage de la cage où je l’avais renfermé lui faisait re¬
141 1281 1229 1352 fuser mes dons. La faim, avec la liberté ! cela n’est-il
146 1343 1221 1404 pas préférable, parmi la gent ailée comme chez les
135 1396 989 1466 hommes, à l’abondance de la servitude?
193 1445 1217 1508 Plus tard, cependant, je réussis à lui faire manger
145 1496 1221 1555 un peu de mie de pain, puis je quittai la chambre.
141 1552 1213 1618 De retour, je le trouvai becquetant le chènevis. La
141 1616 1217 1672 cure était commencée, elle s’acheva. A quelques
145 1664 1210 1723 jours de là, il sautait en chantant dans la cage sus¬
145 1724 1214 1775 pendue à la fenêtre, au beau soleil levant. Ses plu¬
148 1761 1227 1831 mes étaient poussées, ses forces revenues... Je lui
145 1820 1224 1889 rendis la liberté. Il s’en alla, tout joyeux, se percher
145 1878 1217 1935 sur la plus haute branche du pommier, puis il s’en¬
153 1927 1221 1987 vola dans l’espace immense, et je le suivis de l‘œil et
145 1980 1157 2027 du cœur, écoutant sa chanson et lui disant adieu.
186 2039 1221 2096 Je dois le confesser en toute humilité, cependant,
141 2092 1214 2150 j'étais bien un peu fâché de le voir partir si joyeuse¬
141 2144 1221 2209 ment, et je me souvenais trop du service que je lui
150 2196 1227 2251 avais rendu. Mais lorsque la reconnaissance est si
150 2248 1217 2315 rare chez les hommes, faut-il en demander aux oi¬
145 2307 1224 2363 seaux? D’ailleurs, s’il était coupable d’oublier trop, ne
141 2344 1221 2415 l’étais-je pas, moi, de me souvenir tant? La main
148 2405 1227 2467 droite ne doit pas connaître le bienfait répandu par la
141 2464 1217 2508 main gauche; le jour ne doit pas se souvenir du ser¬
149 2518 1216 2580 vice rendu la veille. Mais je ne pensais pas à ces
150 2557 1216 2632 beaux préceptes de la charité chrétienne : j’avais
148 2624 1224 2679 obligé, je voulais qu’on s’en souvînt; et, si je ne gar¬
148 2672 1221 2728 dais pas rancune à l’oublieux, j’étais au moins con¬
149 2716 1216 2787 trarié de le voir accepter si vite la liberté, et de l’ai¬
150 2779 1227 2828 mer tant, alors qu’il m’aimait si peu, moi. Mélé à nos
145 2827 1227 2885 actions les meilleures, il y a toujours un peu d’ivraie,
148 2884 1224 2933 et la pensée du moi se montre même, hélas! dans le
146 2928 510 2992 désintéressement!
196 2980 1224 3041 Toutefois, la préoccupation de chaque jour, la tâche
150 3041 1224 3097 quotidienne à remplir, éloignèrent bientôt ma pensée
152 3088 1227 3152 du fugitif ; et, oublieux moi-même, à peine eus-je le
150 3144 1224 3226 soir un regard pour la cage vide, et je m’endormis
155 3199 1217 3251 doucement, je crois, sans songer que mon petit com¬
163 3255 1218 3311 pagnon des jours précédents allait mal dormir, lui, sur
153 3305 1223 3367 une branche d’arbre; avoir froid et courir peut-être
148 3360 1218 3428 de grands dangers : tandis que les pinsons dorment,
156 3404 957 3464 l’oiseau de proie veille et le chat guette.
194 3453 1227 3523 Ainsi, j’étais presque devenu en quelques heures
145 3516 1229 3572 indifférent à mon petit protégé, et cela parce que je
160 3565 1225 3633 trouvais qu’il ne regrettait pas assez mon chènevis,
146 3621 1227 3685 mes soins et sa cage ; qu’il jouissait trop joyeusement,
150 3676 1224 3754 trop pleinement des bonheurs que je lui avais pré-
153 3728 279 3810 porés.
360 3763 961 3855 VINGT-CINQUIÈME ANNÉE. — N° V.
1355 256 2397 345 Le lendemain, à peine les premières lueurs de
1305 313 2394 409 l’aube éclairaient-ellesma chambre, que je fus éveillé
1311 369 2390 465 par deux ou trois coups secs frappés à mes vitres et
1305 440 2382 510 suivis d’un bruit d‘ailes. Mon fugitif me revient, pen-
1309 488 2393 569 sai-je ; et ramené de suite à lui reconnaître toutes
1313 535 2386 624 les qualités, toutes les vertus que je lui avais déniées
1305 598 2388 674 la veille, et surtout la gratitude, je courus lui ouvrir
1310 651 2390 718 la fenêtre... Loin d’entrer, il s’enfuit. J’allais, par un
1306 717 2392 773 revirement subit, l’accuser encore, mais, en le voyant,
1321 760 2386 812 perché au sommet de l’arbre voisin, lustrer son plu¬
1306 814 2399 864 mage sous les gouttes de rosée que lui versaient les
1313 860 2397 937 feuilles , sauter ensuite tout joyeux de branche en
1305 915 2393 990 branche, comme pour essayer ses ailes engourdies
1316 975 2393 1043 peut-être pendant le sommeil ; en l’écoutant chanter
1311 1024 2385 1095 ce chant matinal que les oiseaux murmurent en s’é¬
1317 1075 2384 1134 veillant, chant faible et doux, d’une harmonie mys¬
1311 1119 2392 1195 térieuse comme celle de la prière que l’enfant récite
1305 1188 2385 1259 en s’éveillant dans les bras de sa mère; en le voyant,
1305 1250 2375 1307 en l’écoutant, j’eus regret de mon mauvais mouve-
1306 1296 2385 1357 ment, et je me mis à penser qu’à cette voix si belle,
1306 1333 2390 1413 à cette aile si agile, il fallait l’espace immense sous
1306 1392 1671 1450 le beau ciel bleu.
1347 1452 2388 1515 Je désirais cependant que le charmant petit pinson
1321 1497 2394 1567 (ai-je dit que c’était un pinson?) ne s’en allât pas trop
1309 1555 2397 1612 loin porter ses chansons, chercher une compagne et
1306 1600 2399 1671 bâtir son nid L’espace et le ciel bleu, ne les aurait-il
1309 1668 2403 1729 pas près de moi, dans mon jardin? Les arbres du
1309 1720 2394 1785 jardin sont beaux, me disais-je, pourquoi s’en irait-
1309 1772 2394 1824 il au loin? Où l’on a souffert, c’est là qu’il est doux
1306 1827 2393 1886 d’être heureux. Et dans l’espoir de l‘altacher à mon
1311 1879 2388 1935 jardin, à mes arbres, je pris du pain que j’émiettai
1309 1931 2389 1994 sur la fenêtre; du crin, de la laine et de petites plu¬
1306 1983 2388 2033 mes que je jetai au vent dans le jardin. Au lieu
1314 2031 2382 2095 d’être obligé de chercher laborieusement tout le jour
1306 2085 2388 2144 l’insecte et les grains dont il se nourrira, de voler de
1309 2142 2390 2207 buisson en buisson dans la plaine pour y recueillir
1309 2202 2388 2258 quelques fils de crin et de laine, et amasser lentement,
1314 2245 2382 2308 brin à brin, les éléments de son nid, peut-être pré¬
1306 2303 2399 2362 férera-t-il manger sur ma fenêtre la provision que
1306 2358 2385 2411 j’y placerai pour lui; trouver là, tout réunis, les ma-
1311 2407 2397 2471 tériaux de sa maison, et, vivant ainsi, sans travail et
1309 2463 2388 2527 sans soucis, pouvoir chanter tout le jour, se balan¬
1309 2511 2378 2576 çant au sommet de mes arbres... ses chants égaie-
1306 2574 2229 2616 raient mes travaux, sa joie me serait douce...
1357 2615 2378 2673 Etait-ce bien cependant ce que je faisais là? n’é¬
1311 2667 2388 2736 tait-ce pas tenter?... Le travail est la mission de
1314 2716 2388 2777 l’homme, n’est-ce pas aussi la mission de tous les
1306 2779 2388 2827 êtres, de toutes les créatures, même des plus faibles?
1309 2827 2394 2884 La religion condamne la paresse, la morale flétrit
1311 2884 2390 2936 l’oisiveté, et l’étude de l‘histoire naturelle nous montre
1317 2937 2393 2993 que Dieu a donné sa tâche à chaque créature; que
1311 2991 2388 3056 l’insecte a son devoir à remplir, et que, si faible qu’elle
1309 3045 2388 3122 soit, l’action qu’il accomplit concourt à l‘harmonie
1306 3092 1537 3166 générale...
1357 3144 2382 3210 Mais si le travail est la loi de la nature et la mis¬
1306 3189 2392 3253 sion de chaque être, s’ensuit-il que celui qui possède
1307 3242 2388 3313 doive fermer la main à celui qui n’a rien, en lui disant
1306 3309 2389 3364 durement: Travaille, acquiers? L’aumône, comme le
1311 3357 2388 3416 travail, est la loi de Dieu, mais l’aumône est la lui
1313 3413 2388 3473 du cœur de Dieu. Malheureusement, donner n’est
1311 3473 2389 3530 pas toujours faire l’aumône, donner n’est pas toute
1311 3528 2385 3577 la charité. Ce n’est pas même quelquefois de la cha¬
1314 3564 2390 3624 rité, hélas! Il faut donner avec son cœur, ou plutôt
1321 3627 2393 3683 donner son cœur, et la pensée qui répandait mes
1321 3668 2215 3732 dons devant le petit oiseau était mauvaise.
1358 3731 2393 3804 L’appât déposé sur ma fenêtre, je me retirai au
