2946 4158
1590 117 1692 196 292
490 203 1589 287 grand cri et s’élancent sur la multitude. On
496 260 1597 324 frappe, on égorge, on précipite; les habitants renfer¬
496 336 1587 377 més dans cette vaste enceinte, accumulés les uns sur
503 377 1594 432 les autres, ne forment plus bientôt qu’un vaste mon¬
505 425 1597 496 ceau où les blessés et les vivants sont confondus avec
503 486 1599 546 les morts. Ceux qui espèrent trouver leur salut dans
500 532 1589 592 la fuite sont poursuivis avec acharnement ; Thessa¬
505 581 1599 652 lonique est jonchée de cadavres. Effroyable mêlée, où
505 657 1592 725 ni l'âge ni le sexe n'est respecté, où la fureur s’ac¬
505 691 1590 770 croît par son excès même; où une clameur d'épou¬
511 766 1593 815 vante et une clameur derage se confondent et mon¬
503 809 1596 873 tent ensemble jusqu'au ciel ! Trois heures de carnage
496 863 1596 919 suffisent à peine pour fatiguer les bourreaux. Ils
493 907 1599 1000 s'arrêtent enfin devant l'hécatombe de quinze mille
493 966 791 1057 infortunés!....
1009 1098 1082 1135 IV
544 1157 1589 1244 Tremblant lui-même à la pensée de l’affreuse exé¬
496 1239 1583 1309 cution qu’il avait provoquée, Théodose s’était retiré,
490 1296 1586 1348 avec quelques-uns de ses amis, dans une villa à
500 1347 1589 1418 quelque distance de Milan. A peine la nouvelle de cet
500 1406 1589 1476 effrayant accomplissement de ses ordres était-elle
500 1465 1579 1526 parvenue en Italie, qu'une lettre d'Ambroise venai
500 1515 1587 1599 rappeler le prince au sentiment de l’énormité de sa
490 1569 622 1656 faute.
539 1603 1583 1674 Mais Théodose n’avait pas attendu ces lignes sévè¬
490 1668 1586 1739 res pour ressentir undaieda’ profond et verser des
496 1732 1596 1787 larmes amères sur le sort de ses sujets égorgés. Il lut
503 1794 1587 1846 rapidement la lettre de l'évèque, courut à Milan et
490 1839 1583 1894 marcha droit à l’église. Au seuil même, sous le por¬
493 1891 1473 1945 tique, veillait Ambroise, entouré de son clergé.
544 1937 1589 2008 On eût dit l’ange armé de l‘épée flamboyante qui,
485 2000 1583 2060 après le départ d’Adam et de sa triste et coupable
490 2041 1579 2124 compagne, se tint à la porte de l’Eden pour en fer¬
490 2104 951 2165 mer à jamais l’entrée.
532 2142 1585 2225 L’éclair de l’indignation brillait dans les yeux du
494 2215 1589 2284 prélat; sa barbe argentée, ses longs cheveux blancs
493 2263 1546 2338 semblaient avoir reçu le reflet d’un rayon céleste.
540 2332 1589 2391 « Arrêtez, prince, dit-il; voulez-vous entrer dans
485 2374 898 2433 la maison de Dieu?
592 2405 1590 2504 Tel est mon vœu, marmura Théodose; je viens
485 2493 1384 2547 me courber devant le maître des hommes.
603 2515 1592 2614 Quoi! ne sentez-vous pas encore tout le poids
483 2575 829 2664 de votre péché?
597 2632 1594 2735 Je comprends combien ma colère a été dure et
489 2682 1025 2781 implacable, et j’en gémis.
596 2739 1589 2816 Ah! ce n’est pas assez. Croyez-vous qu’il vous
489 2807 1589 2889 suffira de reconnaître un si grand crime, et que vo¬
493 2871 1586 2926 tre titre d’empereur vous donne le droit d‘échapper à
493 2916 1583 2980 la pénitence et à l’humiliation d’un cœur contrit?
493 2970 1586 3036 Rentrez en vous-même ; considérez la poussière dont
496 3033 1586 3094 vous êtes sorti, et où chaque instant de la vie tend à
492 3090 1589 3148 vous replonger. Souverain de l’empire, mais mortel
485 3144 1583 3201 et fragile, vous commandez à des hommes de même
479 3193 1590 3260 nature que vous et qui servent le même maître : c’est
487 3251 1586 3313 le créateur de cet univers, le roi des empereurs
487 3304 1586 3366 comme du dernier de leurs sujets. De quels yeux
493 3360 1586 3426 verrez-vous son temple, vous dont les mains fument
490 3417 1585 3490 encore du sang innocent? Retirez-vous, Théodose;
487 3474 1587 3541 n'ajoutez pas le sacrilége à l’homidde. Acceptez la
489 3508 1580 3601 chaine salutaire de la pénitence que vous impose,
499 3577 1586 3665 par ma voix, la sentence du souverain juge. En la
501 3633 1582 3692 portant avec soumission, vous y trouverez un re¬
483 3686 1586 3771 mède pour guérir vos plaies plus profondes encore
486 3737 1480 3834 que celles dont vous avez affligé Thessalonique.
1784 188 2789 285 Souffrirez-vous, César, qu'on vous tienne devant
1688 269 2789 355 le temple un pareil langage? dit Rufin, qui avait
1690 311 2253 390 peine à contenir sa colère.
1748 354 2799 447 — Ce langage, répondit Théodose, sort de la bou¬
1685 427 2799 496 che de Dieu lui-même. Oui, c'est Dieu qui parle, et
1678 475 2784 556 mon devoir est de me soumettre. Retournons au pa¬
1679 528 1819 602 lais. »
1727 557 2786 652 La foule était muette et consternée; ses rangs s’ou¬
1688 652 2788 707 vraient devant l’Empereur sans qu’on entendît au¬
1685 695 2792 777 cun cri sortir de ses lèvres, naguère si prodigues des
1678 760 2277 823 clameurs de l’enthousiasme.
1729 806 2795 874 Durant huit mois entiers, Théodose resta enfermé
1685 863 2786 934 dans la retraite où il s’était plongé volontairement;
1685 909 2792 979 huit mois de solitude, de deuil et de larmes; huit
1678 966 2530 1033 mois de recueillement et de méditation.
1727 1036 2792 1088 A cette époque, il était d’usage que les pénitents
1678 1058 2798 1154 ne fussent publiquement réconciliés que vers la fête
1688 1139 2796 1207 de Pâques. Aux approches de Noël, Théodose sentit
1678 1195 2791 1280 redoubler sa mélancolie... Il ne pouvait plus atten¬
1682 1238 1777 1333 dre.
1727 1262 2792 1365 « Il est impossible que je continue de vivre ainsi,
1685 1355 2799 1415 dit-il à Rufin, sans songer que cet homme prenait
1685 1416 2798 1486 une médiore part à sa douleur. Je gémis et je pleure
1686 1459 2789 1536 de voir que le temple de Dieu est ouvert aux plus
1678 1519 2786 1589 humbles de mes sujets et qu’ils y pénètrent sans
1678 1587 2786 1636 crainte, tandis que l’entrée m’en est interdite et que
1678 1628 2791 1697 le ciel même où prie Flaccille est fermé pour moi!»
1727 1678 2786 1762 Le maître des offices répondit avec un sourire con¬
1685 1735 1817 1807 fiant :
1727 1763 2786 1844 « Tranquillisez-vous, César; j’irai, si vous le per¬
1678 1839 2781 1904 mettez, trouver l’évêque et l‘engager à vous affran¬
1679 1895 2053 1968 chir de vos liens.
1720 1912 2778 2022 — Il n’y consentira pas, s’écria le prince ; je con¬
1685 2008 2784 2062 nais Ambroise et je sens la justice de son arrêt.
1678 2058 2786 2121 Jamais il ne violera la loi divine par déférence pour
1678 2112 2157 2190 la majesté impériale. »
1727 2165 2784 2246 Rufin insista, et, sur le consentement de Théodose,
1678 2220 2321 2289 il se rendit auprès d’Ambroise.
1727 2280 2781 2346 A peine le saint vieillard eut-il aperçu le courtisan,
1685 2345 2784 2399 qu’il laissa éclater son indignation. Il lui reprocha
1681 2388 2789 2455 son audace et le flétrit comme le principal auteur des
1685 2445 2784 2504 désastres de Thessalonique, comme celui-là même
1678 2487 2771 2551 dont les conseils pernicieux avaient détourné Théo¬
1678 2544 2774 2619 done de ses sentiments habituels de pardon et de clé¬
1678 2610 1834 2679 mence.
1727 2630 2781 2715 Interdit, muet devant cette parole sévère, Rufin se
1678 2707 2784 2786 tourna vers un de ses officiers et lui ordonna d’aller
1678 2772 2778 2823 en toute hâte prévenir l’Empereur de ce qui était ar¬
1678 2820 2786 2891 rivé. Mais déjà Théodose s’était mis en marche, et il
1690 2873 2792 2942 parut au bout de quelques instants sur la place, que
1678 2924 2040 3002 la foule inondait.
1727 2973 2784 3065 Ambroise le vit et s’avança vers lui comme pour
1678 3034 2275 3114 défendre l’entrée du temple.
1727 3101 2784 3168 « Prince, dit-il, croyez-vous que huit mois d’expia¬
1681 3154 2782 3212 tion aient suffi à votre faute ? C'est à peine si des
1678 3197 2786 3277 années entières pourraient la racheter. Ne venez donc
1688 3261 2784 3320 pas faire violence à la discipline de l’Eglise, en pré¬
1678 3314 2515 3388 tendant vous affranchir de la pénitence.
1798 3363 2785 3455 Non, répondit Théodose, je ne viens pas ici
1688 3431 2766 3488 pour violer les lois de l'Eglise, mais pour vous con¬
1685 3483 2775 3556 jurer d'imiter la clémence du Dieu que nous servons
1675 3538 2771 3612 et qui ouvre la porte de sa miséricorde aux pécheurs
1675 3579 2782 3661 contrits. Il a vu mes larmes; il sait aussi que pour le
1672 3637 2771 3701 servir dignement je n'ai cessé de combattre et d'ex¬
1681 3693 2766 3756 tirper les derniers restes de l'idolâtrie païenne. Peut¬
1658 3739 2768 3856 être, en considération des actes de ma vie entière.
