2939 4158
1585 200 1747 291 382
481 299 1606 364 et le fond en perles cristal blanches. Tout autour est
476 353 1603 415 une frange en très-grosses perles cristal également
484 408 1605 470 blanches. Ce dessous de flacon doit être collé sur un
476 457 1554 531 canton très-fort, recouvert d'un papier blanc moiré.
597 535 1496 662 EXPLICATION DE LA GRAVURE DE MODES.
539 677 1561 758 Toilettes de bals, de concerts, de grands dîners.-
483 732 1599 804 Robe de taffetas, jupe unie avec doubles quilles en
484 793 1586 859 rubans formant chevrons, retenus de trois en trois par
484 850 1590 916 une rosette de passementerie; la berthe du corsage,
474 914 1599 962 ornée de la même manière, retombe sur une petite
477 961 1599 1042 manche bouffante, dont on ne voit que le bouillonné
476 1010 659 1091 de tulle.
518 1068 1603 1129 Robe à deux jupes en grenadine à petites raies
473 1119 1596 1183 satinées; au bord de la première jupe, sont posés
478 1176 1590 1236 deux rangs de rubans de gaze satinés et découpés
476 1236 1599 1305 en dents aiguës; ces deux rangs, posés tous droits, sont
469 1290 1590 1355 surmontés de deux autres rangs faisant coquille; sur
474 1338 1592 1421 le devant du corsage et sur le dos, ces mêmes ru¬
471 1396 1592 1471 bans sont disposés en forme de V; on les retrouve au¬
478 1454 1589 1514 tour des bretelles et sur les deux volants des petites
478 1503 684 1585 manches.
512 1572 1589 1684 Madame Gillard, à laquelle j’ai fait part de tes
467 1643 1603 1736 demandes réitérées sur les diverses compositions de
473 1717 1589 1809 trousseaux, a bien voulu me donner les détails sui¬
478 1760 629 1833 vants :
697 1898 1369 1986 Trousseau de 5 à 6,000 francs.
566 2014 1212 2086 4 douzaines de chemises de toile.
553 2067 1097 2131 12 chemises de nuit garnies.
549 2114 927 2182 12 camisoles unies.
549 2156 967 2227 12 camisoles garnies.
556 2206 867 2275 12 jupons unis.
572 2258 899 2320 6 jupons brodés.
570 2302 994 2371 6 jupons de fantaisie.
580 2347 1272 2441 3 douzaines de mouchoirs de batiste.
573 2401 1211 2475 1 douzaine de mouchoirs de toile.
569 2465 1438 2532 1 douzaine de mouchoirs brodés ou festonnés.
572 2509 1171 2588 1 mouchoir riche avec dentelle.
548 2557 1077 2633 12 bonnets de nuit simples.
564 2600 1042 2681 6 bonnets de nuit garnis.
567 2649 965 2721 6 bonnets du matin.
570 2693 806 2760 6 peignoirs.
572 2735 1078 2814 6 parures piquées en toile.
569 2800 927 2863 6 parures brodées.
569 2841 971 2913 1 parure en dentelle.
572 2889 834 2961 2 chemisettes.
567 2940 1043 3012 1 pèlerine avec manches.
566 2988 1307 3072 2 douzaines de paires de bas ordinaires.
560 3041 1266 3120 1 douzaine de paires de bas très-fins.
567 3092 1016 3153 6 paires de bas à jours.
535 3119 1317 3206 12 paires de draps en toile pour maîtres.
538 3191 1472 3259 12 paires de draps en cretonne pour domestiques.
535 3240 1054 3305 12 taies d'oreiller simples.
562 3288 1054 3357 6 taies d'oreiller garnies.
562 3345 1259 3404 6 douzaines de serviettes deawoilette.
553 3398 1224 3472 6 douzaines de serviettes de table.
559 3436 923 3518 1 service damassé.
555 3491 752 3549 8 nappes.
542 3518 1183 3596 18 tabliers de femme de chambre.
532 3573 1463 3661 18 tabliers de valet de chambre ou de cuisiniire.
556 3630 1221 3693 4 douzaines de tabliers de cuisine.
557 3683 1027 3745 6 douzaines de torchons.
552 3736 1198 3815 2 douzaines de serviettes d'office.
1870 356 2635 426 Trousseau de 1,500 fr. à 3,000 fr.
1794 469 2434 546 2 douzaines de chemises en toile.
1794 528 2178 593 6 chemises de nuit.
1777 583 2190 642 12 camisoles variées.
1775 631 2135 700 12 jupons simples.
1792 683 2117 749 2 jupons brodés.
1792 697 2505 806 2 douzaines de mouchoirs de batiste.
1789 782 2440 838 1 douzaine de mouchoirs en toile.
1789 827 2450 899 6 mouchoirs brodés ou festonnés.
1767 879 2162 940 12 bonnets de nuit.
1785 926 2190 1010 4 bonnets du matin.
1788 975 2017 1040 6 peignoirs.
1791 999 2313 1092 6 parures piquées en toile,
1789 1075 2451 1140 6 parures brodées ou de fantaisie.
1784 1130 2210 1188 1 parure en dentelle.
1794 1169 2329 1236 1 chemisette avec manches.
1791 1226 2351 1293 2 douzaines de paires de bas.
1781 1274 2508 1344 6 paires de draps en toile de maître.
1782 1335 2607 1403 6 paires en madapolam pour domestiques.
1758 1373 2415 1451 12 taies d’oreiller dont 3 garnies.
1782 1425 2495 1485 4 douzaines de serviettes de toilette.
1784 1485 2450 1548 4 douzaines de serviettes de table.
1785 1520 1981 1582 6 nappes.
1764 1557 2437 1636 12 tabliers de femme de chambre.
1784 1629 2454 1685 3 douzaines de tabliers de cuisine.
1785 1677 2271 1744 4 douzaines de torchons.
1677 1883 2800 1964 Devis d'un trousseau ne se composant que de la lin¬
1821 1949 2664 2029 gerie, du prix de 1,800 fr. à 2,000 fr.
1782 2048 2416 2128 6 parures brodées en mousseline.
1835 2125 2408 2178 parures de fantaisie élégantes.
1836 2168 2173 2228 parures habillées.
1830 2227 2797 2288 parure soit en application, soit  en point d'Alençon.
1778 2276 2300 2330 6 parures piquées en toile.
1782 2322 2382 2398 6 parures de fantaisie simples.
1761 2364 2278 2444 12 bonnets de nuit variés.
1777 2409 2172 2478 4 bonnets du matin.
1773 2461 2241 2536 2 bonnets de déjeuner.
1777 2513 2093 2574 2 chemisettes.
1830 2554 2799 2624 pèlerine avec manches, soit en broderie, soir en
1825 2608 2333 2673 tulle et garnie de guipure.
1818 2660 2793 2725 barbe de dentelle noire pour coiffure ou pour tour
1822 2710 1966 2763 de cou,
1778 2760 2794 2846 6 mouchoirs brodés, dont un riche garni de dentelle.
1777 2804 2511 2893 2 mouchoirs moins élégants et garnis.
1771 2846 2242 2921 6 festonnés avec chiffre.
1764 2899 2121 2975 1 voilette blanche,
1768 2947 2079 3012 1 voilette noire.
1767 2999 2786 3074 1 châle de dentelle noire, ou une garniture en gul¬
1816 3048 2384 3120 pure pour châle ou mantelet.
1712 3158 2793 3232 Inutile d’ajouter que ces divers trousseaux doivent
1664 3211 2796 3288 être modifiés, rendus plus simples, ou plus riches
1667 3276 2799 3355 encore, suivant le goût et les habitudes du pays que
1667 3329 2790 3400 l’on habite, et surtout suivant la dépense que l’ on
1667 3388 2261 3467 peut raisonnablement faire.
1720 3449 2789 3521 Tu trouveras l’explication des rebus de novembre
1664 3497 2786 3558 et décembre à la table des matières du vingt-cinquième
1668 3551 2780 3634 volume ; ceci me fournirait une transition assez heu¬
1667 3613 2787 3672 reuse pour arriver à jeter un coup d’œil rétrospectif
1660 3669 2780 3731 sur cette année qui finit avec le numéro de décembre;
1668 3716 2780 3795 énumérer tout ce qu'il contient; vanter la saine mo¬
1667 3769 2787 3840 rale qui préside au choix des articles ; la richesse et la
1675 3830 2783 3892 variété des planches jaunes et bleues ; la perfection
1664 3894 2775 3949 et le fini des gravures noires; la beauté et la multi¬
