2946 4158
1655 134 1790 229 286
563 214 1659 306 sortes de manteaux, point de garnitures, si ce n'est
563 289 1662 343 un simple galon ou un velours posé à cheval. Quel
563 339 1659 415 que soit le genre du tien, fais-le très-long; notre
564 390 1660 464 modèle est pour une taille moyenne, mais, règle gé¬
561 443 1663 529 nérale, il faut que le bas de la robe ne dépasse ce
561 511 1660 574 manteau que de trente à trentes-cinq centimètres
565 558 1659 633 seulement; il en est de même pour les basquines
563 603 1655 686 impériales, que l'on porte toujours, soit en taffetas
561 660 1650 739 noir, soit en étoffe pareille à la robe; ces dernières,
577 725 1656 794 pour jeunes filles, complètent gracieusement la toi¬
567 769 1653 855 lette; juges-en plutôt par la gravure de ce jour;
560 824 1603 902 aussi cette mode ne passera-t-elle point de sitôt.
598 894 1653 948 Me souvenant de ta recommandation à l’endroit de
560 951 1649 1009 nos patrons, j’ajoute à ce qui précède qu’il faut, pour
550 996 1641 1058 faire le burnous en question, de cinq mètres à cin¬
550 1050 1645 1114 mètres cinquante centimètras de taffetas grande lar¬
558 1111 669 1176 geur.
596 1159 1653 1229 43 à 49, PARSON D'UNE RODE VICTORIA, pour petite
550 1220 1656 1285 fille de trois à cinq ans. Cette robe, qui accompagne le
553 1271 1649 1336 mantelet du mois dernier, est de chez madame Havez;
550 1325 1645 1399 elle est en cachemire uni, bleu de France; le cor¬
560 1378 1648 1444 sage, ainsi que te l’indique le croquis du n° 50, est
560 1444 1642 1501 décolleté, avec basques et revers; de petits velours
556 1486 1650 1546 nacarat, larges de huit lignes, forment plastron sur le
560 1546 1641 1599 devant du corsage, et se retrouvent sur le milieu des
553 1601 1643 1660 manches, où ils sont disposés en pyramides, chaque
556 1646 1643 1710 velours se terminant par un bouton grelot; un effilé
563 1698 1646 1765 Tom-Pouce, de même couleur que les velours, borde
560 1758 1643 1828 le revers et le bas des manches; on en met deux
553 1810 956 1888 rangs aux basques.
598 1843 1643 1937 Le patron de ce petit corsage étant très-fidèlement
553 1934 1643 1992 rendu, on peut l’exécuter sans crainte, en suivant
550 1972 1638 2037 exactement les lettres de repère; la manche, arron¬
553 2033 1643 2090 die légèrement sous le bras, doit être cousue jusqu’au
553 2085 1646 2156 bas de la ligne droite. Quant à la jupe, elle a de
553 2150 1639 2212 trente-six à quarante centimètres de hauteur, sur
550 2198 1645 2263 deux mètres cinquante de largeur; elle est ornée de
550 2252 1635 2308 chaque côté d’une quille formée par des velours
556 2295 1638 2358 semblables à ceux du corsage; cette quille a, dans le
547 2351 1638 2427 bas, trente centimètres de large et huit dans le haut;
556 2403 1631 2466 les velours posés à deux centimètres de distance peu¬
556 2464 1636 2527 vent être fixés aux extrémités par un petit bouton
549 2517 1638 2584 grelot en passementerie rappelant ceux des manches.
547 2570 1638 2633 Cette même forme de robe serait encore très-jolie
547 2615 1638 2693 dans d'autres couleurs et avec d’autres ornements,
550 2670 1628 2735 tels que des effilés, des galons ou une simple brode¬
545 2728 1639 2781 rie en soutache ; une chemisette et des manches suis¬
552 2784 1571 2836 sesses accompagnent ordinairement ces corsages.
591 2836 1137 2925 50, CROQUIS DE LA ROBE.
586 2885 1638 2980 51, TAPISSERIE PAR SIGNES représentant une couronne
538 2961 1632 3034 de pensées, pouvant être employée en écran, pelote,
545 3023 1632 3090 plomb, etc.; le canevas de soie est préférable. Ce des¬
539 3073 1632 3143 sin serait encore convenable pour coussin de divan,
539 3118 966 3200 tapis de pieds, etc.
574 3186 1635 3252 52, POUDRIÈRE DE CHASSE, à broder au passé, sur
535 3248 1625 3315 cuir de Russie ; les feuilles de lierre, en soie mi-torse
545 3295 1628 3366 vert olivre, avec nervures en or; la tige du milieu,
535 3352 1636 3411 en fine soutache d'or, et les petites fleurs, en soie
542 3408 1622 3465 rouge; quant au trophée, que l’on pourrait rempla¬
539 3460 1635 3521 cer par un chiffre assorti à la guirlande, il devra
539 3513 1627 3572 être en satin ou en velours épinglé, vert olivre, très¬
539 3569 1631 3637 soigneusement découpé; après avoir été collé sur le
545 3615 1631 3697 cuir de Russie, il sera maintenu, tout autour, par
538 3678 1631 3750 une petite soutache d'or; la cordelière en passemen¬
538 3722 1634 3829 terie rappellera les couleurs du dessin. Je ne te dis
1759 195 2861 283 rien de la monture de cet ouvrage, elle n'est pas de
1754 278 2132 341 notre compétence.
1793 311 2854 399 54, CROQUIS DU BONNET dont le dessin se trouve aux
1752 378 2580 447 nos 6 et 7 de notre planche de broderie.
1822 441 2858 510 CORDEILLE POUR BUREAU OU TABLE A Ouuarvrages. Je
1751 491 2847 556 t'ai déjà envoyé, il y a quelque temps, le modèle
1744 546 2855 621 d'une corbeille pour le bureau de ton père ; celle-ci,
1747 602 2848 667 un peu plus élégante, est destinée à parer ta cham¬
1751 653 2853 727 bre; l’idée nous en vient de madame Marie Soudant
1741 712 2844 779 et va te plaire, j’en suis sûre, puisque tu pourras,
1747 768 2853 825 sans frais, pour ainsi dire, confectionner bien vite
1741 827 2844 887 cette charmante nouveauté; cette corbeille se com¬
1741 882 2853 952 pose d’un simple carton, recouvert de quelque mor¬
1738 934 2858 989 ceau d'étoffe sans emploi, le tout couronné de fleurs
1747 979 2855 1051 en chenille ou en laine; tu commences par tailler un
1744 1050 2855 1097 morceau de carton un peu fort, dans les proportions
1741 1090 2844 1155 de la corbeille que tu auras choisie pour modèle,
1741 1148 2847 1209 quelle que soit sa forme; les dimensions que l’on pour¬
1738 1202 2844 1262 rait donner à la corbeille représentée sur notre plan¬
1744 1266 2840 1318 che, seraient de trente centimètres de hauteur et
1741 1310 2844 1377 vingt-cinq au diamètre de la circonférence supérieure.
1733 1366 2848 1437 Le carton une fois taillé dans les dimensions voulues,
1733 1419 2841 1481 et selon la forme choisie, nous le recouvrons de notre
1736 1472 2837 1540 étoffe; cette étoffe sera, par exemple, de la soie à
1738 1529 2840 1588 raies ou à petits bouquets; si tu n’avais à utiliser
1744 1581 2839 1648 qu’un morceau uni, tu pourrais disposer dessus quel¬
1741 1635 2840 1701 ques velours ou chenilles en raies droites ou en biais;
1741 1698 2840 1754 afin de te donner encore plus de latitude, je te dirai
1736 1745 2844 1805 que tu peux aussi faire un arlequin, c’est-à-dire
1740 1800 2837 1858 joindre ensemble deux morceaux différents. Il est
1726 1851 2837 1909 bien entendu qu'entre le carton et l'étoffe, tu auras
1726 1906 2829 1967 mis d'abord une ouate légère. L'ornement de ton cou¬
1736 1960 2836 2019 vercle, très-bombé et pouvant, au besoin, servir de
1738 2020 2829 2076 pelote, rappellera naturellement la corbeille; il se
1726 2073 2833 2128 fait à part et s’ajoute à la partie inférieure, lorsque
1730 2114 2839 2187 celle-ci a été garnie en dedans d'une doublure qui
1726 2182 2832 2240 devra être piquée et ouatée, si tu tiens à bien faire
1729 2228 2834 2304 les choses, sinon d’une simple marceline ou d‘une
1726 2284 2832 2350 très-modeste percaline, en rapport de couleur avec
1726 2337 2822 2399 le reste; pour l’intérieur du couvercle, même tra¬
1730 2392 2826 2459 vail. Les coutures de jonction, du couvercle à la
1726 2448 2822 2498 corbeille, seront cachées sous une ganse en passe¬
1729 2499 2826 2561 menterie. Maintenant, les fleurs; elles sont, comme
1726 2554 2827 2625 je te l'ai dit, soit en chenille, soi en laine, voire même
1726 2608 2829 2665 en étoffe, car avant tout il faut se servir de ce que
1720 2661 2832 2718 l'on a. La guirlande du tour et le bouquet du dessus
1724 2718 2820 2783 en pensées violettes et blanches seraient d’un joli effet;
1720 2770 2829 2827 les roses et les narcisses ne réussiraient pas moins
1720 2819 2826 2890 bien. Un petit ruban, posé en dessous de la guirlande
1720 2875 2819 2936 et du couvercle, te permettra de le soulever sans rien
1720 2931 2822 2989 chiffonner. Inutile d’ajouter qu'avec cet ingénieux
1726 2987 2818 3052 procédé, tu pourras confectionner une foule de jolis
1723 3044 2819 3104 petits ouvrages pour loteries et pour le jour de l'an.
1765 3095 2819 3156 56,zerètE.L. POUR FUSIL DE CHASSE. Ceci complète,
1716 3143 2819 3217 dans ses plus petits détails, les divers objets de chasse
1723 3202 2818 3262 que tu m’avais demandés pour ton frère. Ce dessin
1715 3257 2811 3315 s’exécute au crochet ou au filet, sur doublure de cuir
1713 3312 2819 3385 semblable au cuir de la gibecière du mois dernier. La
1717 3364 2813 3425 longueur de la bretelle est de 1 mètre 50 sur 7 cen¬
1724 3417 2811 3482 timètres de large; six boutonnières sont disposées
1713 3474 2097 3542 dans la longueur.
1762 3521 2819 3586 57, PANIER ORNÉ DE FLEURS EN Cuir. Nous avons, il
1712 3573 2813 3640 me semble, parlé souvent de ces sortes de fleurs,
1715 3646 2834 3694 mais je tiens à t'être agréable, et je réponds à tes
1720 3689 2811 3748 questions. Les peaux pour faire ces fleurs sont pré¬
1730 3756 2819 3838 parées et frappées à l'emporte-pièce : il ne reste donc
