2822 3966
1597 7 1705 107 146
546 70 1612 178 fond de la pièce. Mais malgré cette précaution, le
552 147 1597 231 petit oiseau ne venait pas, je le voyais toujours, vole¬
549 205 1610 263 tant de branche en branche; seulement son chant
545 260 1604 329 n’avait plus les mêmes notes, ce n’était plus un pré-
544 298 1609 374 lude d’une harmonie vague, indécise ; c’étaient des
550 364 1601 410 cris perçants, joyeux, répétés incessamment comme
542 406 1597 471 des cris d'appel. Peu à peu d’autres oiseaux vinrent,
544 469 1596 527 en effet, se percher auprès du petit pinson. Il vola
545 506 1597 565 alors vers ma fenêtre, mais d’arbre en arbre, par
535 560 1594 620 bonds successifs, y arriva enfin, et se mit à becqueter
535 618 1594 674 les miettes de pain et les graines, jouant plutôt qu’il
541 676 1593 739 ne mangeait et jetant toujours ces cris, auxquels vingt
531 723 1597 789 oiseaux avaient répondu... Peu à peu, un à un, ses
534 776 1587 834 compagnons vinrent le rejoindre; c’était plaisir de
522 832 1419 893 les voir tous ensemble, becquetant et criant.
564 875 1585 941 Lorsqu’ils eurent emporté le dernier grain et se
517 935 1583 990 furent tous envolés, je revins à ma fenêtre. Tous, à
514 985 1579 1045 peu près, étaient perchés sur les arbres les plus rap¬
517 1039 1577 1099 prochés. Ils semblaient vouloir me remercier par
511 1082 1585 1148 leurs chansons joyeuses. Comme j’eus honte alors
510 1145 1578 1210 d’avoir donné pour moi, et non pour eux! Pour un peu
511 1187 1566 1264 de pain et quelques graines, que de joies, me disais¬
514 1238 1571 1308 je, que de mercis à Dieu!... Et que serait-ce si c’é¬
521 1300 1575 1361 tait un de ces êtres que Dieu a appelés ses frères, qui
510 1354 1577 1418 dît à l’homme ces mercis pour une aumône, qui
510 1395 1570 1470 montrât cette joie?... Heureux sont ceux qui donnent!
511 1458 1574 1517 me dis-je... et tristement : Heureux surtout sont ceux
517 1504 990 1562 qui donnent leur cœur!
549 1552 1570 1623 Le lendemain et les jours suivants, pendant assez
498 1596 1558 1685 longtemps, je me levai à l’aube pour répondre aux
504 1651 1565 1724 premiers cris de mes oiseaux et leur donner à déjeu¬
492 1712 1559 1792 ner. Le petit pinson amenait chaque jour compagnie,
495 1752 1563 1826 et je ne craignais plus que mes dons devissent un encou¬
492 1814 1562 1890 ragement à la paresse, une cause à l’oisiveté. J’avais
492 1869 1559 1937 pu remarquer bientôt que chacun ne prenait que peu.
494 1914 1567 1991 Si mes ressources un jour étaient faibles, un petit
482 1979 1558 2039 nombre les partageait; si un autre jour je donnais
480 2008 1565 2091 beaucoup, la foule accourait de tous les arbres du
484 2076 1558 2154 voisinage. Puis, les dernières parcelles de pain, les
475 2115 1551 2201 dernières graines ramassées, je voyais les petits pau-
487 2171 1551 2256 vres chercher, les uns les chenilles sur les arbres
475 2225 1548 2302 fruitiers, et les autres glaner patiemment le grain
477 2281 1463 2358 oublié dans le sillon ou jeté çi et là par le vent.
510 2335 1550 2406 Je les aimais et il me semblait qu’eux me connais¬
469 2390 1550 2459 saient et m’aimaient aussi ; mais c’était mon fugitif
477 2434 1538 2530 que je chérissais entre tous, et il me le rendait, je
475 2487 1542 2576 vous assure. — En le retrouvant chaque matin sur
1687 107 2742 204 mes arbres, je n’avais pas craint longtemps qu’il
1690 154 2743 263 s’en allât bien loin et m’oubliât. Et lui, rassuré sans
1687 214 2749 314 doute sur mes intentions à l’égard de sa liberté, se
1687 271 2734 356 montra bientôt apprivoisé et confiant. Il venait sou¬
1687 321 2737 410 vent, et même lorsqu’il n’avait aucune graine à y re-
1682 367 2735 455 cueillir, se promener sur l’appui de ma fenêtre; plu¬
1682 428 2738 513 sieurs fois il s’enhardit à sauter dans la chambre, et
1685 483 2741 566 un jour même que j'étais immobile à rêver dans
1675 534 2737 616 mon vieux fauteuil, il osa, le charmant audacieux,
1687 584 2371 646 venir se percher sur mon épaule.
1720 624 2729 713 Bientôt aussi je pris plaisir à le voir ramasser brin-
1678 672 2734 771 à brin le crin et la laine que je jetois de temps en
1675 734 2729 823 temps dans le jardin, et se construire un nid sur le
1686 794 2719 874 pommier où je l’avais la première fois aperçu, trem¬
1666 852 2726 924 blant, blotti, malade. Son instinct lui avait-il révélé
1671 909 2726 972 ce que je voulais qu’il devinât, qu‘il serait plus heu¬
1664 966 2731 1032 reux là, sur cet arbre, dans ce jardin où il avait
1667 1006 2729 1084 souffert, ou bien avait-il compris que je l’aimais, et
1666 1053 2329 1124 voulait-il rester près de moi?...
1705 1102 2724 1187 Hélas! ce n’est pas lui qui est parti, mais moi. Il
1654 1165 2722 1242 avait pris une compagne parmi les oiselles du jardin,
1651 1210 2724 1288 il avait bâti son nid sur mes arbres. Plus tard, je
1652 1260 2718 1338 m'étais plu à voir les soins qu’il prodiguait à sa com¬
1660 1329 2723 1403 pagne pendant qu’elle couvait, et, en le voyant si
1659 1374 2719 1449 bon, mon affection pour lui avait redoublé. Plus tard
1652 1436 2724 1494 encore, j’avais été heureux d’interrompre de temps
1654 1474 2716 1548 en temps mes travaux pour placer sur ma fenêtre du
1654 1534 2719 1610 pain humecté de lait qu’il venait chercher pour la
1652 1587 2716 1659 couvée éclose. J’avais souri ensuite et applaudi aux
1654 1637 2716 1710 premiers essais que les pelits avaient faits de leurs
1645 1691 2718 1766 ailes, et un jour il m’avait fallu partir... Cher petit
1645 1736 2711 1817 pinson que j’aimais, à qui j‘avais appris à m’aimer,
1643 1799 2710 1861 et vous, ses joyeux compagnons, les charmants con¬
1650 1845 2704 1913 vives de mes pauvres festins, vous êtes tristes, n’est¬
1640 1910 2712 1973 ce pas, de voir ma fenêtre toujours fermée? vous ne
1635 1952 2711 2023 chantez plus si joyeusement sur mes arbres? vous
1635 2002 2702 2072 n’accourez plus le matin vous réunir sur les branches
1640 2045 2702 2126 du vieux pommier, où d’ailleurs le petit pinson ne
1643 2096 2689 2181 vous appelle plus sans doute?... Et l’hiver prochain,
1631 2155 2699 2235 si la neige couvre encore longtemps la terre... au
1633 2200 2696 2282 lieu de vos cris joyeux, vous jetterez autour de la
1631 2265 2698 2335 maison déserte des cris de détresse que je n’entendrai
1635 2314 2700 2383 plus... Je ne serai pas là pour balayer la neige et vous
1631 2374 2689 2437 jeter du grain, et si quelqu’un balaie à ma place la
1625 2426 2687 2486 neige et jette le grain, craignez un piége, fuyez!.....
1632 2480 2692 2555 vous y péririez, charmants petits oiseaux, cher petit
1627 2515 2042 2594 pinson que j’aimais!
2332 2530 2488 2598 EM. D.
1319 2963 1813 3089 Enigme Historique.
498 3175 1528 3283 Je trouvai dans mon propre frère un persécuteur,
464 3264 1528 3330 et l’ennemi le plus redoutable de ma nation devint
465 3300 1528 3399 pour moi un père. Né sous l’empire du croissant, la
1604 3230 2671 3326 croix devint mon asile. Fait pour commander à Cons-
1604 3294 2675 3369 tantinople, je vécus dans une captivité assez douce, à
1592 3335 2331 3438 Rome et en France..... Qui suis-je?
