2897 4318
1136 223 1247 311 159
79 308 1157 387 subir des Imodifications frappantes; les basques, mal¬
87 379 1165 449 gré la guerre que quelques couturières leur ont dé¬
84 434 1161 496 clarée, maintiennent leur suprématie; aussi les cor¬
84 485 1168 546 sages avec ceintures restent-ils toujours dans les
76 554 1167 607 excepions, et encore la plupart de ceux qui font leur
76 601 1164 657 apparition sont-ils, le plus souvent, terminés par un
82 651 1165 706 long effilé, ce qui rappelle singulièrement ce que l'on
84 702 1168 760 voudrait faire oublier. — Les robes à deux jupes ou
79 753 1167 816 les robes unies avec quilles sur les côtés se partagent
76 806 1164 867 la faveur avec les volants; dans plusieurs grandes
76 864 1164 924 maisons même, les volants sont un peu délaissés,
79 924 1165 975 à moins qu’il ne s’agisse d’étoffes d‘été très-légères;
76 962 1167 1030 il en est de même des volants de manches, dont on
79 1019 1164 1081 avait tant abusé; pour la soie, la forme simple pagode
76 1077 1157 1139 très-large, feudue jusqu’à la saignée, à peu près, et re¬
79 1124 1164 1189 couverte de garnitures semblables à celles de la jupe
79 1174 1161 1250 et du corsage, l’emportera sur toutes les autres.
123 1236 1161 1305 Comme robe de demi-toilette et de négligé, l’étoffe
76 1287 1164 1351 à la mode est celle que l'on appelle grisaille, nom
76 1340 1164 1412 qu’elle doit à ses nuances, composées toujours de
82 1392 1160 1459 blanc, de noir et de gris; ces robes se font encore en
82 1445 1160 1510 taffetas à carreaux, raies ou thinures; en foulard, en
84 1499 1154 1569 fantaisie laine et soie, et laineet coton; ces deux der¬
76 1559 1157 1620 nières sont très-bon marché, 3 et 4 francs le mètre,
84 1606 1161 1678 grande largeur; six mètres suffisent avec pèlerine
83 1659 1164 1731 pareille. — Pour robes habillées, il y a toujours les
76 1717 1160 1781 mousselines de soie qui, peu à peu, enterrent le cher
76 1778 1157 1826 barége; puis les organis et les mousselines, avec
84 1839 1161 1883 volants à dispositions. — Les mousselines blanches
76 1884 1168 1947 brodées ou unies, avec simple ourlet et dentelle au
76 1931 1160 1999 bord, se porteront aussi beaucoup, à ce que l’on dit,
82 1983 1160 2046 mais ce n’est point encore le moment de te fixer à cet
87 2039 213 2108 égard.
133 2068 1161 2154 De très-jolies petites robes simples et toutes nou¬
87 2150 1167 2205 velles sont des robes de jaconas fond blanc, avec
82 2198 1165 2273 petit semis, bleu, rose, lilas ou rouille, ayant de cha¬
82 2265 1170 2309 que côté de larges quilles formées par une guirlande
87 2310 1164 2357 de fleurs, ou par de simples bandes de la couleur des
84 2359 1154 2419 semis, disposées, soit en long, soiit en travers; le cor¬
84 2410 1161 2472 sage rappelle la jupe; je crois ces robes, par leur
88 2477 1164 2531 excessive simplicité et leur fraîcheur, appelées à un
93 2526 1163 2595 grand succès, d’autant plus qu’elles ne coûtent que
90 2570 409 2636 dix-huit francs!
123 2613 1170 2683 Les mantelets-châles, montants ou décolletés, à
87 2678 1164 2740 double ou simple rang, avec ou sans volants pareils,
90 2732 1170 2782 voilà la seule chose qui se portera cette saison; les
94 2782 1171 2849 jeunes femmes les auront brodés et les garniront de
90 2840 1170 2898 dentelles; les jeunes filles les feront avec volants ou
90 2892 1164 2965 seulement avec un biais de velours, surmonté de trois
100 2952 1156 3015 petites ruches de rubans de gaze; ces ruched se trou¬
102 3000 1167 3055 vent toutes prêtes, se posent par conséquent très-facile¬
94 3055 1160 3106 ment, et ne coûtent que 3 fr. 50 la pièce. Un petit man¬
94 3105 1168 3160 telet de jeune fille qui m'a paru assez joli formait
93 3152 1165 3225 châle décolleté et se trouvait complètement recouvert
98 3205 1170 3292 par une infinité de volants de huit à dix centimètres
97 3263 1161 3328 de hauteur; ces volants, déchiquetés en festons ar¬
93 3308 1170 3382 rondis , avaient dans chaque creux des dents un petit
95 3372 1165 3456 gland grelot; c’était charmant, et certes bien aisé à
94 3408 420 3470 faire soi-même.
134 3466 1170 3538 Les femmes très-élégantes remplaceront le mantelet
86 3513 1172 3601 de dentelle noire par des pointes que l'on garnit
1247 282 2357 376 aussi de un ou deux volants de dentelle; ces pointes
1253 353 2359 429 châles ne se font point toutes en vraie dentelle, grâce
1250 420 2349 491 à la fabrique de Cambrai, dont bien des femmes, quoi¬
1250 487 2356 535 que très-recherchées dans leur toilette, adoptent les
1255 539 1445 610 produits.
1294 557 2346 657 Les manches de lingerie se font presque toutes à
1246 643 2346 713 bouillonnés de mousseline, d'organdi ou de tulle; le
1247 700 2305 769 mois prochain t'en donnera un très-joli modèle.
1247 742 2345 810 Les cols sont de nouveau très-petits; ceux qui sont
1247 805 2335 877 en jaconas double, brodés au plumetis, sont bien
1261 864 2209 926 portés, même avec des toilettes assez élégantes.
1294 894 2338 983 Comme ombrelles, toujours les ombrelles duchesse,
1255 958 2328 1037 en moire antique, recouvertes de dentelles moire;
1251 1011 2331 1085 les jeunes filles suivent cette mode en substituant à
1254 1071 2328 1147 la dentelle un dessus fait au crochet avec du cor¬
1255 1132 2339 1199 donnet de soie; notre planche de ce jour t'en fournit
1255 1189 2320 1253 un modèle. On voit aussi, dans un genre plus sim¬
1255 1241 2328 1305 ple, les moires mouchetées avec un riche effilé ou une
1250 1308 2334 1365 guipure noire; les ombrelles avec larges nœuds dans
1248 1351 2271 1416 le haut ne sont pas, à mon avis, de très-bon goût.
1293 1388 2330 1489 Pour demi-toilettes toujours les gants de Suède à
1247 1441 1598 1503 doubles boutons.
1297 1483 2335 1566 Maintenant je vais te dire comment tu peux re¬
1247 1558 2341 1624 coudre tes dentelles en point d'Angleterre; la chose
1247 1612 2338 1666 est si simple que tu feras cela toi-même, aussi bien
1247 1666 2345 1720 que n’importe quelle ouvrière. Avant toute chose, il
1248 1716 2346 1783 faut du fil très-fin, que l’on appelle fil à dentelle,
1250 1775 2347 1832 150 ou 200; tu couperas tes aiguillées très-courtes, les
1248 1833 2338 1886 mouillant un peu, et n’exposant pas le reste du fil à
1250 1876 2331 1945 l’air, ce qui le ferait casser plus facilement; après
1247 1938 2335 2005 avoir piqué ton aiguille au bord extérieur de la fleur,
1250 1983 2339 2053 tu retiens sous ton pouce gauche l'autre extrémité de
1246 2043 2335 2110 l'aiguillée, et, pour la fixer, tu reviens faire dessus
1250 2093 2343 2151 deux ou trois points, repassant l'aiguille sous la bride
1247 2147 2338 2204 que forme le fil; tu continués ensuite comme si tu
1255 2204 2339 2258 voulais faire un cordonnet très-fin, suivant, sans serrer
1248 2247 2341 2320 le point, les sinuosités des fleurs et des feuilles, et
1247 2307 2341 2372 faisant bien attention de piquer l’aiguille très-près du
1247 2354 2325 2424 bord ou dans les petits réseaux qui s’y trouvent. Lors¬
1255 2412 2341 2482 qu’il s'agit d’une réapplication, on procède de la
1247 2466 2345 2520 même manière; seulement pour l'arrangement du
1255 2516 2335 2585 dessin, surtout si l’on veut faire un changement, il
1247 2578 2236 2642 faut que le goût seconde la patience et l’adresse.
1287 2603 2336 2689 Adieu, Florence; tu es contente, me dis-tu, de
1247 2675 2325 2740 notre mutation de peinture à l’huile: je le crois bien;
1255 2728 2328 2802 tu n’es pas la seule; il n‘est personne qui ne nous en
1247 2782 2338 2847 ait fait compliment. Tu es de celles qui ont reçu une
1253 2834 2338 2898 épreuve dont le vernis était gâté, eh bien, voici ce
1253 2891 2336 2946 que tu as à faire: Frempe un linge fin dans de l’esprit
1247 2954 2331 3029 de vin, essuie légèrement la peinture, laisse sécher le
1258 3008 2328 3064 papier, et ensuite remets avec un pinceau une autre
1248 3050 1948 3122 couche de vernis à l'esprit de vin.
1287 3111 2330 3166 A propos d’esprit de vin et de notre rébus d‘avril,
1248 3153 2328 3223 que j’allais oublier, je suis obsédée par un détestable
1253 3207 2331 3279 calembour, qu’il faut bien que tu subisses aussi : le
1253 3253 2324 3321 tien (ton esprit) l'a-t-il été assez (devin) pour voir
1250 3312 2187 3382 dans ce rébus : A œil malade la lumière nuit?
1294 3382 2332 3433 Mettre ton amitié à une aussi méchante épreuve,
1247 3424 2330 3483 n'est-ce pas assez te montrer toute mon affection?
1247 3481 2328 3535 aussi il me semble que je suis dispensée de chercher
1253 3520 2273 3600 une formule pour t'en assurer ; donc, toute à toi.
