2897 4318
1258 240 1328 325 297
205 343 1241 410 jour; si c'est dans les grandes, il y amènera des dis¬
201 390 1254 464 cussions scandaleuses. Le simple taquinage, dans telle
201 455 1033 514 circonstance donnée, peut aller jusque-là.
245 495 1254 562 » Supposez dans un homme la présomption jointe
201 561 1254 617 au défaut de jugement : on peut le dire, c’est un homme
205 610 1254 671 perdu. Supposez dans un autre le défaut d'ordre ou
201 668 1254 718 de mémoire, et avec cela de grandes affaires : c’est un
201 710 1254 775 homme ruiné. Ou bien, si c’est la mollesse endormie
201 767 1239 818 qui se réveille, on est sans précautions contre elle
205 817 1245 869 elle devient effroyable tout à coup et précipite quel¬
201 865 1254 920 quefois dans des chutes affreuses. Ou bien si c’est la
201 917 1254 976 légèreté et la dissipation qui dominent, on vit sans
196 958 1245 1030 règlement et sans ordre; le cœur se trouble, l’amour
199 1019 1239 1070 du monde l’emporte, toute vertu bientôt s’évanouit.
245 1081 1254 1140 » J’exagère peut-être les périks des défauts: non, les
208 1128 1246 1183 plus excusables sont toujours bien à craindre. Qu'on
201 1176 1233 1230 écoute Fénelon ; voici les sages avis qu’il croyait de¬
201 1229 1247 1286 voir donner au duc de Bourgogne, à l’occasion d’un
196 1269 1153 1332 défaut bien simple et bien ordinaire : l'humeur.
236 1336 1255 1390 » Ce sont les plus petits défauts qui diminuent et
196 1383 1255 1438 » défont les plus grands hommes, lui disait-il. soyez
201 1447 1235 1490 » surtout en garde contre votre humeur: c'est un en¬
196 1485 1249 1548 » nemi que vous porterez partout avec vous jusqu’à
194 1537 1245 1592 « la mort ; il entrera dans vos conseils et vous trahira
196 1595 1245 1647 » si vous l’écoutez. L’humeur fait perdre les occasions
199 1654 1242 1695 » les plus importantes ; elle donne des inclinations et
200 1697 1246 1749 » des aversions d’enfant, au préjudice des plus grands
199 1748 1247 1801 » intérêts ; elle fait décider les plus grandes affaires
199 1793 1247 1858 » par les plus petites raisons ; elle obscurcit tous les
199 1854 1233 1910 » talents, rabaisse le courage, rend un homme inégal
194 1907 1234 1980 » faible, vil et insupportable. Défiez-vous de cet en¬
196 1942 389 2009 » nemi. »
236 1970 1242 2070 » Il ne faut jamais, je ne dis pas flatter, mais né¬
204 2049 1247 2126 gliger un seul défaut, quel qu’il soit, quleque faible
200 2111 1230 2173 ou léger qu’il paraisse. Tout défaut flatte ou simple¬
201 2162 1241 2217 ment négligé, croît et grandit en paix, et finit néces¬
197 2210 1247 2276 sairement par devenir un défaut dominant. Les suites
194 2257 1247 2326 peuvent en être incalculables : j’en ai de bien tristes
192 2304 456 2375 exemples... »
239 2362 1230 2434 Nous voudrions étendre ces extraits, mais que choi¬
196 2414 1242 2479 sir dans un livre où chaque page serait à citer? Il faut
199 2468 1242 2534 nous borner, et recommander à toutes les familles où
196 2511 1223 2590 notre journal pénètre cet ouvrage excellent, que l’a
189 2570 1235 2636 mour de la jeunesse a inspiré, et qui, par sa tendresse
189 2630 1241 2684 et son onction, rappelle à la mémoire l’exclamation
188 2672 1241 2747 si connue de Fénelon : O pasteurs d'Israël ! élargissez
199 2723 1239 2786 vos entrailles ! soyez pères: ce n’est pas assez, soye¬
199 2767 1231 2853 méres ! Mgr. Dupanloup a réalisé ce vœu, et ses écrits,
189 2835 1104 2915 animés d’une si pure flamme, ne périront pas.
948 3075 1027 3173 (1)
390 3066 958 3199 PARIS NOUVEAU
468 3187 943 3295 Par Mme ADAM-BOISCONTIER
229 3397 1229 3503 Parmi les événements de notre époque, si féconde
185 3466 1225 3549 cependant en grands drames, il en est un qui s'ac¬
182 3503 1217 3616 complit tous les jours sous nos yeux, et qui a le
219 3643 1212 3766 (1) Chez Michel Lévy, rue Vivienne, 2 bis. Prix : 50 cen
182 3692 290 3760 times.
1345 294 2412 404 privilège d’occuper immensément l’opinion publi¬
1336 374 2409 453 que. C'est la transformation du Paris gothique, noir
1341 431 2414 496 et sombre, en une ville nouvelle, où le jour arrive,
1339 487 2410 550 où la lumière se fait, et d'oÙ les souvenirs du passé
1336 543 2409 616 s’enfuient à tire d’aile, comme des oiseaux de nuit
1336 609 2397 683 effrayés devant le soleil. Le décret de l’édilité pari¬
1329 655 2408 716 sienne, qui a voué au marteau vieux monument
1336 708 2401 766 et vieilles maisons, a eu son retentissement en Eu¬
1336 763 2402 824 rope, l’Europe dont Paris est la capitale, et il a
1336 817 2387 868 éveillé en France les esprits curieux du passé ou in¬
1336 868 2397 934 quiets de l’avenir. Quelques-uns, les archéologues,
1336 924 2385 974 ont recherché l’histoire de ces murs qui, debout de¬
1337 968 2397 1049 puis si longtemps, tombaient si vite sous le pic des
1329 1031 2401 1086 maçons, et leurs savantes recherches ont reconstruit
1329 1077 2382 1149 la vieille ville, qui s’en va, lambeau par lambeaut, de
1335 1136 2378 1191 puis les Thermes de Julien, jusqu’aux rues étroites
1336 1191 2390 1246 voisines du Louvre, qui ont vu les brillants favoris
1335 1222 2394 1316 des Valois, et les petits-maîtres qui suivaient le grand
1329 1300 2385 1352 Condé. D’autres, les poètes, ont salué d’un hymne
1339 1336 2387 1406 joyeux le soleil, visiteur nouveau qui apportait enfin
1329 1402 2395 1455 sa carte de visite à ces noirs carrefours, et une de nos
1333 1443 2387 1505 collaboratrices, dont l’aimable et spirituelle plume
1329 1502 2395 1571 nous est chère à tous, a vu, dans la transformation de
1328 1553 2401 1615 Paris, non-seulement l'avénement du soleil, mais
1328 1603 2390 1673 celui du progrès et de la pensée. Elle a écrit de verve
1336 1656 2395 1715 une pièce de vers, dans laquelle, sans dédaigner le
1336 1706 2385 1765 passé, elle exprime ses aspirations vers l’avenir. Elle
1332 1766 2099 1828 jette un coup d'œil sur le vieux Paris :
1392 1842 2251 1933 On l’aimait, sans nul doute, il en faut convenir,
1395 1905 2233 1970 Le Paris des vieux jours : on ne pouvait tenir,
1399 1956 2265 2005 Quatre, sinon pressés, dans ses sombres ruelles
1391 1998 2269 2060 A midi, maint bourgeois allumait ses chandelles,
1392 2052 2251 2110 Afin d’autner son drap ou compter ses sols d‘or ;
1390 2094 2197 2165 Mais, que fait le rayon à qui tient le trésor!
1380 2182 2375 2265 Elle le décrit avec un certain amour rétrospectif
1337 2249 2387 2324 ce vieux Paris, tout en le raillant un peu, comme on
1329 2318 2394 2377 raille ceux qu’on aime, et elle arrive à reconnaître
1329 2359 2387 2420 que les besoins de notre temps ne sont plus ceux du
1329 2414 2394 2471 moyen âge, et que cité et citoyens de nos jours ont
1332 2460 2385 2522 besoin d’air, de lumière et d‘espace. Elle énumère
1332 2514 2387 2586 les progrès : l’air qui arrive au plus pauvre, frais et
1329 2559 2053 2645 pur, tel que Dieu l’envoie; l‘eau qui
1387 2641 2107 2720 Court, jaillit et bondit, active, obéissante
1386 2715 2287 2771 Abreuvant le granit, lançant dans l’air ses pleurs,
1388 2751 2248 2830 Qui retombent sur nous en mousseuses vapeurs ;
1365 2829 2387 2911 Elle s’émerveille devant les monument respectés
1328 2904 2378 2975 et debout, et plus beaux depuis qu’on les a dégagés
1317 2957 2292 3027 des murs informes qui rampaient à leurs pieds
1713 3020 2138 3116 .... La Sainte-Chapelle,
1380 3084 2214 3148 Ce bijou, dont l’or pur, sur l‘ardoise, étincelle,
1380 3148 2078 3198 Où la pierre, soumise à l'habile ciseau,
1372 3192 2162 3258 Du ciel bleu, se détache en vumoreux réseau.
1372 3246 2186 3294 Et fait qu’on met en doute, à la voir si légère.
1372 3277 2224 3330 Que des vents, elle puisse affronter la colère?...
1371 3333 2323 3381 Et Saint-Germain d’Auxerre, et Saint-Eustache encor,
1377 3369 2074 3431 Et notre basilique, autre et rare trésor,
1365 3426 2190 3470 Dont les arceaux ont vu célébrer tant de fêtes,
1365 3458 2319 3525 Dont les cours à leurs pieds ont vu tant de tempètes
1364 3509 2263 3570 Et le vieux Saint-Gervais, rendant, à notre amour,
1365 3553 2088 3607 Ses chapitres ornés, sa façade et sa tour
1371 3596 2142 3672 Que d'ignobles maisons dérobaient à la vue;
1365 3662 2133 3730 Et la Bibliothèque, en rouge et blanc vêtue
1365 3707 2049 3764 Inépuisible mine, écrin à tous ouvert,
1364 3751 2205 3820 Pouvant, enfin, montrer ses flancs à découvert !
