2897 4318
1236 251 1347 358 291
205 340 1257 426 vous avez été et ce que vous êtes! » Un trait suffira
213 418 1257 488 pour achever de le peindre : dans les trois premières
202 472 1260 528 années de son règne, il ne condamna personne à
196 533 1248 593 mort. S’il fit usage de son pouvoir, ce fut pour rap¬
205 580 1254 648 peler les exilés, faire grâce aux coupables dont l'im¬
202 638 1258 693 punité ne tirait pas à conséquence, relever par ses
202 684 1254 734 libéralités les familles ruinées et remettre ce qui res¬
205 735 1254 789 tait à payer des anciennes contributions. Sa douceur
209 787 1262 857 envers ses sujets n’était égalée que par son énergie
205 835 1264 895 contre les Barbares, dont sans relâche il réprimait les
196 892 1258 958 incursions. Mais comme il faut que pour tous les
196 943 1252 998 hommes, pour ceux qui sont revêtus de la pourpre
197 998 1261 1055 aussi bien que pour les plus humbles sujets, les
196 1052 1254 1107 épreuves marchent à côté des prospérités, un cruel
198 1104 1254 1164 événement devait, en frappant Théodo e, le laisser
202 1146 1258 1213 isalé sur ce trône où il avait épuisé ses forces à com¬
196 1205 1253 1269 battre tour à tour les ennemis du dedans et ceux du
196 1249 1254 1314 dehors, les schismatiques aussi bien que les barbares.
196 1301 1254 1367 Sa bienfaisante compagne, cette Flaccille qui avait
196 1371 1248 1418 offert l’exemple vivant de toutes les vertus, succom¬
190 1400 1248 1475 bait à Scotume en Thrace, où elle était allée prendre
189 1456 579 1519 les eaux minérales.
239 1508 1250 1583 Toute la ville de Constantinople est dans un deuil
197 1561 1242 1639 profond. Les places, les rues sont encombrées par
184 1619 1248 1685 la foule. On n’entend que les exclamations du regret,
193 1669 1245 1732 on ne voit que les larmes des pauvres, tant aimés par
190 1721 1248 1788 Flaccille, des convalescents soignés par elle dans les
190 1770 1249 1846 hôpitaux et à qui elle rendit les plus humbles offices,
193 1826 1242 1882 des prisonniers qu'elle fit délivrer; et plus d’un in¬
190 1877 1248 1944 digent rappelle ces belles paroles prononcées par la
182 1925 1246 1992 sainte impératrice : « Ce que je donne aux pauvres
193 1986 1233 2043 est pour le compte de l’empereur, à qui l‘or et l‛ar¬
196 2036 1242 2093 gent appartiennent. Il ne me reste que le service de
184 2089 1240 2156 mes mains pour m’acquitter envers celui qui nous
184 2124 1246 2197 a donné l'empire et qui nous a transporté ses droits.»
233 2192 1237 2284 Théodose fit venir son fils Arcadius et le contempla
182 2222 821 2305 d’abord avec une gravité triste.
227 2284 1238 2349 « Vous régnerez un jour, lui dit-il. Rappelez-
186 2343 1237 2409 vous, par le souvenir de ce que peuvent souffrir
193 2391 1230 2463 ceux qui siégent sur la pourpre, quelle est l’instabi¬
182 2442 1238 2519 lité des choses de ce monde. Gratien qui me mit le
192 2495 1242 2566 diadème sur le front a péri, détrôné par l'usurpateur
189 2546 1242 2613 Maxime que je saurai châtier s’il plaît à Dieu. Les
182 2605 1240 2675 diadèmes sont lourds à porter. Partout s'élèvent des
184 2653 1236 2724 cris de détresse; partout les villes tombent sous le
186 2700 1230 2770 fer et le feu. Votre mère, ô mon fils, vivrait encore
189 2757 1236 2828 si les tourments du rang impérial n’avaient consumé
182 2800 1236 2885 la paix de son âme. Ayez toujours présent à la pensée
194 2856 1232 2941 son souvenir vénéré. Pour bien régner sur les autres,
182 2905 1224 2979 il faut savoir régner sur soi-même. C’est un devoir
192 2965 1237 3043 commun à tous les hommes, il est vrai; mais vous
193 3000 1232 3094 devez apprendre pour l’univers ce que les particuliers
189 3054 1230 3140 n'apprennent que pour eux-mêmes. Songez qu'un
189 3107 1229 3189 jour vous serez placé sur un théâtre éclatant de lu¬
182 3161 1224 3243 mière, et que là vous serez environné de regards per¬
194 3208 1230 3301 çants qui pénétreront jusque dans votre cœur. Et ne
184 3264 1232 3350 comptez pas que la renommée vous fasse aucune
189 3314 1226 3397 grâce : soyez clément comme Dieu même, prudent
189 3374 1224 3447 sans défiance, vrai et sincère; faites le bien que vous
182 3419 1225 3507 souhaitez qu’on dise de vous, sans vous inquiéter si
177 3463 1228 3551 l'on vous rend justice. L'amour de vos sujets sera
184 3517 706 3579 votre garde la plus sûre. »
223 3568 1222 3665 Ces sages paroles ne devaient que trop tôt recevoir
177 3618 1224 3720 un démenti de celui-là même qui les avait prononcées,
180 3673 1226 3757 tant les événements emportent l'esprit humain hors
180 3735 1228 3817 des règles qu'il s'est tracées ! Théodose avait cherché
1339 344 2401 459 une distinction à ses peines dans un voyage en Italie,
1341 411 2401 504 et il se trouvait à Milan avec son fils lorsqu'il reçut
1343 481 2397 555 une nouvelle terrible. Les habitants de Thessaloni¬
1343 520 2398 634 que s'étaient mutinés, sur un léger prétexte, et avaient
1345 577 1963 653 massacré plusieurs magistrats.
1393 616 2397 713 Théodose oublia qu’autrefois, à la suite d’une sé¬
1346 692 2403 781 dition plus grave peut-être, il avait pardonné aux
1342 735 1768 806 habitants d’Antioche.
1382 765 2397 862 C'est qu'alors il était guide, soutenu par les con¬
1338 821 2403 911 seils de Flaccille; tandis que maintenant, en face de
1335 886 2397 956 l’émeute insolente, il subissait les avis dangereux de
1335 940 2399 1013 Rufin, maître des offices dans le palais; Rufin l’un
1334 998 2405 1083 de ces ambitieux sortis de familles obscures et qui,
1343 1063 2394 1134 pour se faire auprès du maître un titre de leur zèle,
1338 1119 2403 1176 se donnent l'air d'être les plus ardents défenseurs de
1338 1156 1597 1222 son autorité.
1379 1202 2397 1291 Ambroise, le saint évêque de Milan, était accouru
1330 1257 2394 1363 vers Théodose. Il avait à la bouche des paroles de
1333 1311 1592 1375 miséricorde.
1381 1351 2394 1442 « Pardonnez, mon fils, pardonnez à des enfants
1335 1423 2395 1487 égarés. Soyez clément envers vos sujets comme le
1330 1480 2394 1533 Christ fut clément envers ses bourreaux. Je sais, et
1327 1519 2387 1588 j'enéeéeée de tres marcheurs nouvelles, toutes ne
1333 1588 2393 1643 ment sévère : ne laissez point tomber sur la tête des
1333 1639 2395 1690 coupables le glaive que vous tenez suspendu; et rap¬
1333 1692 2391 1745 pelez-vous que si malgré mes prières vous cédiez aux
1326 1734 2386 1826 instances de vos conseillers, vous ne tarderiez pas à
1333 1780 1720 1853 vous en repentir. »
1377 1823 2387 1913 Sitôt que l’évêque se fut éloigné, n’emportant que
1322 1877 2375 1956 des paroles vagues, Rufin se montra, tenant les tes¬
1330 1939 2381 2024 sères, ou tablettes, que l’Empereur devait sceller
1330 1988 2169 2050 pour les envoyer ensuite à Thessalonique.
1378 2042 2382 2131 « L'ordre est prêt, dit-il ; il n’y manque plus que
1321 2077 1720 2149 le cachet impérial.
1406 2135 2373 2232 Rufin, dit Théodose, ne précipitons rien. Am¬
1317 2200 1676 2282 broise sort d'ici...
1419 2218 2385 2339 Et sans doute la volonté de l'évêque sera plus
1321 2292 1811 2381 forte que celle de César
1426 2334 2385 2431 Ambroise n’a usé que de la prière; c’est la
1318 2410 1979 2463 seule arme de ce noble vieillard.
1398 2438 2369 2526 — Je le respecte, et je serais le premier à m’age¬
1321 2511 2373 2574 nouiller devant le prélat; mais il s'agit des affaires de
1311 2567 2370 2619 l'Etat, il s’agit de la plus odieuse sédition; et si l'Em¬
1319 2613 2366 2677 pereur venait à faiblir, n’y aurait il pas là un encou¬
1318 2669 2370 2725 ragement à d’autres révoltes ? Il faut que les habi¬
1318 2725 2374 2778 tants de Thessalonique expient leur crime d'une
1314 2776 2365 2856 manière exemplaire. Le silentiaire (1) est prêt à par¬
1311 2820 1423 2879 tir. »
1357 2871 2373 2959 Théodose confirma l’ordre, que Rufin emporta avec
1311 2923 1818 2994 une joie mal dissimulée.
1363 2958 2359 3039 Le soir même, ayant reçu une longue lettre d’Am¬
1309 3011 2365 3099 broise, qui le félicitait sur le changement de ses dis¬
1318 3087 2350 3147 positions, et l’engageait à y persévérer en lui rappe¬
1311 3136 2366 3199 lant la plupart des actes de clémence de son règne,
1311 3187 2342 3262 Théodose, se sentit percé de douleurs et de remords.
1347 3239 2358 3310 II envoya à la hâte deux nouveaux courriers pour
1309 3281 2273 3357 révoquer ses premiers ordres : il était trop tard.
1347 3369 2357 3454 Une course de Mars a été annoncée, à Thessaloni¬
1309 3441 2366 3505 que, pour le lendemain. Pendant la nuit, les soldats
1311 3479 2355 3570 préparent leurs armes. Le peuple court au cirque,
1299 3538 2362 3611 sans s'apercevoir du cercle de fer dont il est en¬
1309 3608 2365 3688 touré. A un signal donné, les soldats poussent un
1342 3729 2355 3838 (1) Officier du palais qu’on chargeait des messages secrets.
