2946 4158
1565 93 1767 197 320
1429 314 1920 446 ÉPHÉMÉRIDES.
1221 457 2155 579 24 Octobre 996. — Mort de Hugues Capet.
583 597 1633 676 Le triomphe de la féodalité en France avait gran¬
541 657 1644 736 dement amoindri la part des rois : le roi n'était plus
536 710 1640 804 qu'un grand seigneur au milieu de sept ou huit sei¬
548 791 1634 853 gneurs, presque aussi puissants que lui. Le dernier
538 843 1637 901 descendant couronné de la race de Charlemagne,
532 897 1637 944 Louis V, venait de mourir; les ducs et les évêques
529 935 1640 998 élurent pour lui succéder Hugues Capet, fils du comte
526 998 1641 1065 Hugues le Grand. « Cet avénement, dit Augustin
529 1046 1643 1115 » Thierry, fut d'une bien autre importance que celui
529 1097 1647 1163 » des rois de la seconde race. C'est à proprement
1721 572 2844 666 » parler, la fin du règne des Francs et la constitution
1719 669 2840 727 » d'une royauté nationale au gouvernement fondé par
1721 702 2847 788 » la conquête. Dès lors, notre histoire devient simple;
1729 761 2847 835 » c'est toujours le même peuple que l'on suit et que
1721 833 2847 882 » l'on reconnaît, malgré les changements qui survien¬
1723 882 2626 947 » nent dans les mœurs et la civilisation. »
1779 928 2850 996 L'histoire nous transmet peu de renseignements sur
1726 985 2850 1050 le règne de Hugues Capet; il mourut après avoir oc¬
1726 1043 2857 1099 cupé le trône pendant neuf ans, et transmit la royauté
1726 1088 2104 1170 à son fils Robert.
1520 1245 1852 1365 Mosaïque.
580 1378 1643 1462 Nous devons aux Romains la plupart de nos arbres
532 1448 1634 1513 à fruit, et eux-mêmes les avaient tirés de l’Orient.
545 1508 1654 1568 Les figuiers venaient des environs de Troie et de la
538 1564 1650 1615 Syrie; les citronniers de la Médie ; les noyers et les
548 1613 1650 1680 pêchers de la Perse ; le néflier et le cognassier de la
539 1677 1651 1740 Crète; les grenadiers d'Afrique ; les pommiers et les
548 1728 1650 1789 poiriers de l'Epire. Les premiers venaient d'Arménie.
539 1789 1650 1854 Lucullus apporta les cerises du royaume de Pont ; les
538 1831 1648 1902 pistaches furent apportées de Syrie par Vitellius ; les
543 1900 1640 1964 oliviers venaient également de l’Asie, et ils ne devin¬
532 1950 1637 2004 rent communs en Italie que vers le temps d’Auguste.
545 2012 1658 2093 quant aux vignes, elles étaient si rares sous les rois
1729 1365 2861 1479 de Rome, qu’on regardait un petit gobelet de vin
1735 1453 2813 1535 comme une magnifique offrande, digne des dieux.
1784 1511 2860 1582 C’est aussi aux conquêtes des Romains que nous
1731 1561 2867 1616 devons les humbles légumes servis aujourd'hui sur la
1732 1615 2867 1688 table du pauvre. Les oignons, la chicorée, venaient
1733 1671 2861 1736 d'Egypte et de Chypre; les navets, de la Grèce; les
1729 1731 2855 1794 choux, de Naples ; les cardons, de Carthage; les me¬
1732 1783 2858 1848 lons, de la Béotie; les échalottes, d’Ascalon en Judée.
1783 1852 2861 1947 Voulez-vous qu’on pense et qu‛on dise du bien de
1735 1934 2646 2028 vous? Ne dites jamais de mal de personne.
2389 2012 2751 2093 Mme DE LAMBERT.
1449 2193 1897 2228 REBUS
1230 3771 2142 3862 Paris. — de Typ. Morris et comp., rue Amelot, 64.
