2840 4318
185 328 1253 433 Les travaux du bâtiment étaient achevés; notre dé¬
153 418 1254 489 part devait bientôt s’effectuer et nous demandâmes
139 482 1260 542 au résident de Sourabaïa l’autorisation d’aller rendre
151 531 1260 588 visite au sultan de Bacalam. Cette formalité peut
138 587 1252 665 sembler singulière, elle était pourtant essentielle,
139 634 1261 709 nous allions en corps à Madure, et sans cette précaution
138 689 1252 760 nous eussions pu fort embarrasser notre illustre hôte.
187 751 1253 804 Le jour fixé, un officier de la marine hollandaise
131 785 1250 872 s’offrit ou plutôt fut désigné pour nous accompagner.
141 849 1242 910 A huit heures du matin, nous débarquions au vil¬
145 906 1239 969 lage de Camal sur la côte opposée à la rade de Sou¬
135 969 1250 1027 rabaïa; le chef du village et l’administrateur chinois
135 1023 1249 1079 nous reçurent officiellement. Ils nous conduisirent
145 1077 1242 1130 ensuite sous une varangue de forme légère et élé¬
148 1128 1249 1203 gante, entourée de palmiers et de magnolias en fleurs
146 1189 1245 1256 dont le' parfum pénétrant s'alliait délicieusement à
141 1247 1242 1298 celui des jasmins espagnols qui couvraient en guir¬
148 1289 1246 1360 landes capricieuses les colonnes du léger édifice. Un
145 1342 1243 1427 déjeuner excellent était servi; il se composait de thé,
145 1398 1245 1463 de café, de fruits, de confitures, de pâtisseries de
145 1459 1246 1521 toutes sortes ; debout derrière nous, le chef malais et
138 1512 1235 1582 le Chinois en faisaient les honneurs avec un empres¬
145 1568 1247 1628 sement plein d’hospitalité, empressement qui donnait
146 1628 1245 1699 un démenti à la réputation d’avarice des Chinois, car
134 1670 1242 1751 l’administrateur de Camal faisait tous les frais du
137 1725 270 1788 repas.
177 1785 1247 1847 En sortant de table, nous trouvâmes quatre voitures
137 1824 1242 1921 attelées chacune de quatre chevaux et envoyées par le
135 1893 1231 1965 sultan; les cochers et les laquais du carrosse d’hon¬
138 1951 1232 2015 neur étaient vêtus à l’européenne avec la livrée du
138 2008 1245 2081 sultan, les domestiques des autres portaient le costume
145 2054 294 2120 malais.
184 2106 1226 2190 Nous avions à parcourir douze milles pour arriver
138 2162 1235 2234 à Bacalam, la capitale; la route que nous suivions se
138 2224 1235 2291 déroulait au milieu de champs bien cultivés, qu’une
148 2279 1232 2344 végétation luxuriante ombrageait d’arbres inconnus à
141 2319 1224 2394 nos climats. D’immenses bouquets de baobabs, de ca¬
144 2381 1232 2452 quiers, d’ébéniers, de naucléas, d'érables, d yaccas
131 2445 1229 2517 gloriosas, de cactus, de palmiers, de bananiers, enfin
137 2491 1225 2571 toute la famille frileuse et magnifique de la flore in¬
132 2544 1224 2610 dienne bordait la route que nous parcourions, et lais¬
128 2595 1225 2682 sait à peine entrevoir, à demi cachés sous le feuillage,
137 2662 1226 2728 une pagode aux mille clochettes, des cabanes de
130 2701 1218 2771 bambous, l’aiguille élancée d’un minaret et des grou¬
141 2765 1221 2832 pes curieux qui s’approchaient pour nous voir passer.
128 2828 1224 2891 A mi-chemin, nous traversâmes un petit village où le
131 2874 1224 2949 relais était préparé. Une collation servie avec la même
137 2924 1228 2995 profusion que celle du Camal nous fut offerte par le
137 2974 1220 3045 chef du village et le Chinois; mais nous ne descendi¬
134 3037 1222 3104 mes même pas de voiture, et l’avare fermier se réjouit
134 3073 1222 3174 de voir son offre refusée. Nos chevaux furent échan¬
139 3139 1221 3211 gés avec une rapidité excessive, et nous continuâmes
131 3178 1222 3299 à nous diriger vers le château du sultan, où nous
135 3231 615 3321 arrivâmes à dix heures.
184 3295 1221 3390 La ville, ou, pour mieux dire, le grand village de
134 3348 1213 3445 Bacalam, consiste, comme tous ceux des indigènes,
134 3408 1217 3483 dans un grand chemin principal, large et bien entre-
131 3459 1218 3537 tenu, bordé d’arbres et de maisons et terminé à chaque
137 3511 1220 3603 extrémité par une sorte d’arc de triomphe; d‘autres
134 3567 1217 3661 voies plus petites le coupent à angles droits. Au centre,
131 3621 1213 3705 est une place spacieuse bien gazonnée; sur l’un des
131 3674 1214 3758 côtés se trouve le palais du prince : c’est un immense
127 3730 1206 3805 carré entouré de hautes murailles et d’un fossé; quel¬
132 3792 1220 3857 ques pièces d’artillerie sont placées à la tête du pont¬
130 3834 1224 3908 levis qui conduit à la porte d’entrée. L’intérieur de
132 3889 1226 3976 cette vaste enceinte, où habitent plus de quatre cents
1353 362 2460 432 personnes, est divisé en plusieurs cours qui ont cha¬
1348 421 2463 489 cune leur destination spéciale. Ces cours intérieures
1348 482 2461 538 laissaient apercevoir de belles pièces dont l’architec¬
1346 541 2454 612 ture bizarre et pleine de grandeur est parfaitement ap-
1356 592 2445 661 propriée au climat. Ce sont des toits de forme pyra-
1341 658 2452 715 midale, soutenus par des colonnes de bois, de marbre
1348 711 2452 769 ou de pierre, que des rideaux d’étoffes précieuses fer¬
1349 755 2446 838 ment à volonté; le parquet, de mosaïques précieu-
1345 815 2440 891 ses, est recouvert quelquefois de nattes odoriférantes;
1338 861 2447 952 d’ailleurs la mosaïque nue est rafraîchie par une eau
1353 921 1561 983 parfumée.
1388 974 2439 1054 Nous descendimes au bas d’un perron de marbre
1337 1044 2435 1115 rose, protégé par une véranda en bois de sandal,
1334 1102 2431 1171 sculpté à jour, sous laquelle nous attendaient le sul¬
1335 1151 2436 1225 tan, son frère et son fils, le prince héréditaire. Après
1339 1199 2435 1284 les compliments d’usage, ils nous introduisirent dans
1337 1254 2431 1339 la salle de réception ; nous passâmes pour y arriver
1328 1320 2429 1394 entre deux haies de gardes habillés à l’antique; le cas¬
1341 1373 2428 1433 que en tête, armés de lances de dix pieds et de larges
1328 1412 2427 1495 boucliers, enfin dans le costume des Horaces, du ta¬
1323 1476 2427 1537 bleau de Gérard, ils avaient une attitude véritable¬
1330 1518 1776 1596 ment belliqueuse (1).
1370 1571 2429 1656 Des fauteuils à l’européenne, moelleux et conforta¬
1321 1627 2436 1712 bles, nous furent offerts. Durant quelques moments
1331 1691 2427 1773 je jetai des regards curieux sur cette grande et magni¬
1328 1751 2431 1819 fique salle éclairée par un jour doux, mais clair; des
1323 1794 2427 1879 lustres très-riches et trè-beaux pendaient à la voûte,
1337 1859 2425 1932 que soutenaient de nombreuses colonnes de marbre,
1321 1919 2422 1989 ornées d’arabesque et de sculptures étranges, autour
1330 1960 2418 2032 desquelles s’enroulaient des guirlandes de fleurs.
1323 2018 2417 2096 D’immenses draperies de brocart rouge et blanc s’ou¬
1325 2088 2420 2151 vraient de tous côtés pour laisser arriver un air frais.
1327 2128 2418 2199 Des grands vases de la Chine placés sur des socles de
1323 2176 2107 2245 sandal ciselé étaient remplis de fleurs.
1362 2238 2408 2307 Pendant que j’admirais ce lieu enchanté, des servi¬
1325 2291 2414 2372 teurs du sultan nous présentèrent pour les ablutions
1316 2342 2411 2424 des aiguières d’or et d‘argent, et apportèrent des ra¬
1316 2399 1972 2470 fraîchissements de toute espèce.
1360 2450 2414 2520 Plusieurs d’entre nous parlant le malais, la con¬
1318 2517 2413 2583 versation devint bientôt facile et animée. Nous nous
1320 2571 2413 2629 étions bien attendus à trouver dans les manières du
1314 2623 2394 2691 sultan de Bacalam quelque chose d’européen, mais
1312 2679 2406 2733 nous n’avions pas compté sur cette politesse préve¬
1312 2732 2406 2789 nante, cette grâce, cette aisance qui dans nos mœurs
1312 2782 2408 2850 caractérisent un grand seigneur. Il portait, ainsi que les
1321 2831 2396 2907 personnes desa famille, un costume fortsimple, com¬
1317 2898 2396 2953 posé d’un camail ou morceau de mousseline de cou¬
1314 2948 2407 3016 leur, tourné autour des reins et formant une espèce de
1309 3001 2407 3070 jupe tombant jusqu’aux talons; le petit gilet et celui
1306 3056 2396 3118 de dessus différaient peu des nôtres; la tête était en¬
1317 3108 2400 3167 veloppée d’un turban de mousseline chinée, ne laissant
1317 3161 2393 3224 pas voir les cheveux, selon la coutume des mahomé¬
1312 3214 2393 3267 tans. Tous étaient armés de kris (2) placés derrière le
1309 3261 2397 3332 dos, le sultan seul ne portail pas d’armes, et son
1306 3316 2392 3412 sabre était tenu par un officier; seul aussi, et comme
1348 3500 2393 3576 (1) Costume bien arriéré sans doute pour notre époque,
1299 3548 2393 3624 et dernier vestige du passage des phalanges macédoniennes
1306 3608 2389 3670 qu’Alexandre conduisit dans l’Inde, ou peut-être de la con¬
1309 3653 2397 3735 quête presque fabuleuse de Bacchus.On le retrouve chez tous
1302 3692 1852 3765 les souverains de la Malaisie.
1351 3760 2393 3826 (2) Arme enusage dans l’Inde et dans les îles de la Sonde ;
1305 3813 2393 3880 la lame, tourmentée en forme de flamme, se porte sans
1305 3858 2385 3935 fourreau ; la blessure du kris est excessivement dangereuse,
1312 3905 2039 3982 à cause de la forme même de sa lame.
