2897 4318
1218 223 1348 323 231
163 329 1246 397 modèle à ce portrait? Mademoiselle Françoise, appui
169 399 1236 459 et consolation de Florence dans ses malheurs, est une
154 447 1238 504 heureuse création, et elle explique le retour de la
169 496 1240 560 jeune femme vers le bien; sa sagesse et sa charité
156 560 1228 618 amènent le dénouement paisible qui couronne heu¬
156 600 598 674 reusement l’ouvrage.
205 654 1238 728 Le livre de mademoiselle Gouraud, lecture utile et
156 696 1232 772 saine, peut être mis surtout entre les mains des per¬
156 768 1238 827 sonnes, trop nombreuses, qui cherchent à sortir de la
160 827 1238 889 position médiore que la Providence leur a faite. Le
156 869 1232 929 déclassement, né de la vanité et de l’ambition, n’est¬
158 925 1240 989 il pas la cause première de ces infortunes qui, chaque
160 969 1228 1043 jour, frappent nos regards? Le paysan quitte son
156 1035 1226 1105 village pour venir demander à la ville un plus large
150 1087 1226 1148 salaire et des plaisirs frelatés, et au bout de ses espé¬
158 1140 1230 1200 rances, il rencontre trop souvent la misère Conideuse
154 1190 1234 1260 qu'on ne connaît que dans les cités; l'ouvrier veut
158 1252 1232 1306 que son fils, que sa fille quittent le métier qui a fait
1322 301 2438 391 vivre honnêtement leur père, et presque toujours il
1314 385 2422 449 ne réussit qu'à faire des ingrats; la jeune fille rêve
1314 447 2408 518 un mariage qui la place au-dessus de ses parents,
1314 502 2397 578 elle renoncera à une position humble, mais solide
1316 562 2401 622 pour se lancer sur la mer des entreprises; si elle
1314 618 2401 682 réussit, l’ingratitude et l‘orgueil achèveront de dessé¬
1314 666 2395 738 cher son cœur; si elle échoue, elle reviendra, l'âme
1306 728 2399 790 flétrie par le chagrin, demander un asile à cette
1310 784 2391 845 maison modeste qu'elle quitta avec tant de joie, et ce
1304 839 2385 893 sera un nom de plus ajouté à la longue liste des vic¬
1308 885 2383 957 times que la vanité, la soif du luxe et des richesses
1302 933 2391 1015 font autour de nous. L'esquisse morale de mademoi¬
1302 985 2395 1063 selle Gouraud peint avec énergie et vérité les maux
1302 1057 2385 1115 qui résultent de cette fièvre ambitieuse qui travaille
1300 1089 2379 1170 la société, et si elle pouvait détourner de la tenta¬
1302 1138 2379 1228 tion et du péril quelque jeune âme encore flottante,
1310 1202 2385 1288 le livre aurait atteint son but, et l’auteur bénirait
1294 1250 1892 1336 Dieu qui l’a si bien inspirée.
2074 1268 2199 1328 M. F.
451 1519 2066 1639 SOUVENIRS D'UNE INSTITUTRICE
941 1729 1577 1836 HISTOIRE D'UNE AME.
1087 2093 1418 2181 (Premier article.)
792 2259 1017 2373 Paris, 18...
169 2385 1204 2466 Dimanche ! quel jour triste ! quelles longues heures
138 2440 1204 2516 monotones et pesantes! Nous voilà revenues des
138 2500 1202 2576 vêpres; il pleut, il fait froid, les élèves ne peuvent
140 2550 1196 2628 jouer ni dans les cours ni das le jardin; elles sont ras¬
132 2618 1204 2672 semblées dans la classe, groupées suivant l’âge et les
134 2668 1198 2724 caractères, les unes riant avec simplicité, les autres
126 2708 1202 2781 échangeant à demi-voix ces conf dences de quinze
128 2761 1198 2829 ans, qui, à dix-huit, paraissent si niaises; turbulentes
132 2817 1186 2883 pour la plupart, insolentes, moqueuses presque tou¬
128 2875 1192 2943 tes. Que je me sens mal à l’aise sous leurs regards
124 2915 1184 2997 curieux! Je baisse la tête, j’écris; une timidité péni¬
124 2971 1180 3052 ble glace, paralyse ma voix lorsque je veux leur im¬
130 3029 1194 3108 poser silence... Elles s'en aperçoivent, je crois... elles
118 3080 1192 3154 rient... Je suis au supplice... Et pourquoi? Je suise
126 3138 1186 3204 une jeune fille comme elles; à peine quelques années
126 3170 1188 3266 de plus m’ont-elles donné sur ces enfants le droit
126 3224 1182 3318 d'aînesse, je suis leur égale pour la naissance, car
126 3270 1184 3362 la plupart d’entre elles sont nées, comme moi, dans
124 3328 1182 3423 la région moyenne de la société ; je leur suis supé¬
120 3381 1178 3475 rieure par l’instruction, on m’a confié sur elles un
126 3427 1190 3519 droit d’autorité, et c’est moi qui les crains ! c‘est mois
126 3491 1180 3577 qui redoute les regards moqueurs, les mots déni¬
128 3549 1182 3619 grants de ces petites filles ! Pourquoi? Ah! je le sais...
118 3591 1168 3669 je suis pauvre... mon existence dépend de mon em¬
122 3655 1180 3720 ploi, elles le devinent, et c’est ce qui me rend si ti¬
114 3696 1178 3782 mide devant elles... C'est une lâcheté de mon cœur...
120 3746 1190 3850 je rougis de la position où Dieu m'a placée, de la
1290 2281 2361 2391 pauvreté et du travail, ah! c’est honteux!... Je ferai
1292 2375 2359 2438 un effort sur moi-même, je me surmonterai, j’ac¬
1284 2420 2369 2496 cepterai de bon cœur ce que Dieu veut, ce qu’il a
1286 2474 2359 2546 choisi pour moi, cette vie d’isolement et de labeur...
1278 2512 2357 2596 Mais l'isolement, c'est là ce qui me pèse plus que
1280 2578 2353 2640 tout le reste. Je suis toute seule ici, seule dans cette
1276 2640 2351 2696 maison, seule dans ce vaste Paris ; personne ne me
1278 2690 2349 2753 connaît, personne ne m’aime, personné ne pense à
1274 2737 2353 2807 moi. Pour madame Delacroix, la directrice de la
1276 2789 2341 2855 maison, je suis la maîtresse de la première classe;
1284 2841 2345 2909 pour les élèves, je suis mademoiselle tout court, je ne
1268 2903 2345 2959 suis Julie pour personne. Celles qui aiment la pauvre
1276 2939 2337 3011 Julie sont bien loin, ma mère et ma sœur ! Que font¬
1274 3001 2339 3054 elles en ce moment? Que nos soirées du dimanche
1276 3045 2341 3104 étaient douces ! L'été, nous nous promenions au bord
1274 3094 2335 3164 de la Loire; mon père (car nous étions quatre alors!)
1270 3152 2331 3216 donnait le bras à maman, Léonide et moi nous les
1270 3204 2333 3266 suivions, on causait doucement, on admirait les doux
1268 3254 2323 3318 paysages de ma chère Touraine; on jouissait du ciel,
1270 3314 2327 3362 de l'air pur, du frémissement du vent dans le feuil¬
1270 3360 2317 3423 lage, des murmures de l’eau et du soleil couchant
1262 3411 2327 3465 illuminant, dans sa royale splendeur, jusqu’aux vitres
1262 3461 2329 3525 des pauvres chaumières. On rentrait; le souper joyeux
1262 3513 2323 3573 nous rassemblait autour de la table de famille, et
1264 3571 2325 3639 après la prière, on allait se coucher, fatigués par¬
1262 3615 2323 3694 fois, mais si contents et si paisibles !... L'hiver, on li¬
1264 3675 2327 3746 sait, on causait, ou jouait autour du foyer; que de
1264 3724 2317 3790 bons livres, que de récits du passé sont venus là em¬
1254 3778 2321 3870 baumer notre mémoire ! que de témoignages de ten¬
