<?xml version="1.0" encoding="UTF-8" standalone="yes"?><PcGts xmlns="http://schema.primaresearch.org/PAGE/gts/pagecontent/2013-07-15"><Metadata><Creator>prov=READ-COOP:name=TrHtr:version=2.44.0:model_id=51170:date=15_06_2026_19:41</Creator><Created>2026-06-09T10:09:25.285335</Created><LastChange>2026-06-20T13:26:25.781+02:00</LastChange><TranskribusMetadata docId="14756063" pageId="115166692" pageNr="404" userId="187713" imgUrl="https://files.transkribus.eu/Get?fileType=view&amp;id=TYVTNZEJQGXEZDRLWJKFLLDM" imageId="97254500"/></Metadata><Page imageFilename="20144531_404.jpg" imageWidth="2939" imageHeight="4158"><TextRegion id="tr_1780992598" custom="readingOrder {index:0;} structure {type:page-number;score:0.99;}"><Coords points="1517,41 1642,41 1642,112 1517,112"/><TextLine id="tr_1780992598_tl_1" custom="readingOrder {index:0;}"><Coords points="1519,105 1532,104 1544,116 1565,102 1580,110 1599,102 1609,110 1616,104 1636,117 1653,107 1663,109 1665,49 1651,53 1634,46 1616,58 1588,44 1576,49 1553,37 1520,37"/><Baseline points="1528,89 1534,89 1579,92 1623,89 1668,86"/><TextEquiv><Unicode>374</Unicode></TextEquiv></TextLine><TextEquiv><Unicode></Unicode></TextEquiv></TextRegion><TextRegion id="tr_1780992597" custom="readingOrder {index:1;} structure {type:paragraph;score:0.99;}"><Coords points="380,113 1556,113 1546,1846 376,1847"/><TextLine id="tr_1780992597_tl_1" custom="readingOrder {index:0;}"><Coords points="414,187 1527,192 1527,124 1391,92 414,121"/><Baseline points="423,167 468,170 513,167 558,167 602,167 647,167 692,167 737,167 782,167 826,170 871,170 916,170 961,170 1005,170 1050,170 1095,173 1140,173 1185,176 1229,176 1274,179 1319,179 1364,176 1408,176 1453,176 1498,176 1531,173"/><TextEquiv><Unicode>que la main droite dérote à la main gauche, et par</Unicode></TextEquiv></TextLine><TextLine id="tr_1780992597_tl_2" custom="readingOrder {index:1;}"><Coords points="408,240 1531,251 1529,190 406,183"/><Baseline points="417,223 462,223 507,223 552,223 596,223 641,220 686,223 731,223 776,223 820,223 865,223 910,223 955,226 999,226 1044,226 1089,226 1134,229 1179,232 1223,232 1268,232 1313,232 1358,232 1402,232 1447,232 1492,232 1534,229"/><TextEquiv><Unicode>l'aumône publique, par le zèle, le dévouement dont</Unicode></TextEquiv></TextLine><TextLine id="tr_1780992597_tl_3" custom="readingOrder {index:2;}"><Coords points="404,297 1527,285 1451,245 403,240"/><Baseline points="414,277 459,277 504,277 549,277 594,277 638,274 683,277 728,277 773,277 817,277 862,277 907,277 952,283 996,283 1041,283 1086,286 1131,286 1176,289 1220,289 1265,286 1310,283 1355,286 1399,286 1444,283 1489,280 1531,277"/><TextEquiv><Unicode>l’exemple salutaire provoquera d’autres entraîne¬</Unicode></TextEquiv></TextLine><TextLine id="tr_1780992597_tl_4" custom="readingOrder {index:3;}"><Coords points="416,345 1305,367 1493,357 1527,302 414,301"/><Baseline points="426,334 456,331 501,334 546,331 591,331 635,331 680,331 725,334 770,334 814,334 859,337 904,337 949,337 993,340 1038,340 1083,343 1128,346 1173,346 1217,343 1262,343 1307,340 1352,340 1396,340 1441,334 1486,334 1531,331"/><TextEquiv><Unicode>ments généreux. Donner, se dévouer, faire tarir les</Unicode></TextEquiv></TextLine><TextLine id="tr_1780992597_tl_5" custom="readingOrder {index:4;}"><Coords points="414,403 1162,430 1531,396 1531,348 1468,343 1415,375 1352,343 414,347"/><Baseline points="423,388 468,388 513,388 558,388 602,391 647,388 692,385 737,385 782,388 826,391 871,394 916,394 961,396 1005,396 1050,396 1095,399 1140,402 1185,399 1229,396 1274,394 1319,391 1364,391 1408,388 1453,388 1498,388 1534,388"/><TextEquiv><Unicode>larmes amères, en faire couler de plus douces, c'est</Unicode></TextEquiv></TextLine><TextLine id="tr_1780992597_tl_6" custom="readingOrder {index:5;}"><Coords points="414,460 1527,454 1500,398 1099,431 414,403"/><Baseline points="423,444 456,444 501,441 546,444 591,444 635,444 680,444 725,444 770,444 814,447 859,450 904,450 949,453 993,453 1038,453 1083,453 1128,453 1173,450 1217,450 1262,444 1307,444 1352,441 1396,441 1441,441 1486,441 1531,441"/><TextEquiv><Unicode>là le vrai, l' unique bonheur de la vie! Ecoutez un</Unicode></TextEquiv></TextLine><TextLine id="tr_1780992597_tl_7" custom="readingOrder {index:6;}"><Coords points="420,523 1527,522 1527,464 420,465"/><Baseline points="429,501 456,498 501,498 546,498 591,498 635,495 680,498 725,501 770,504 814,507 859,507 904,510 949,510 993,510 1038,507 1083,504 1128,504 1173,501 1217,501 1262,498 1307,498 1352,495 1396,498 1441,498 1486,498 1531,495"/><TextEquiv><Unicode>prédicateur bien mondain, mais qui, en observant ce</Unicode></TextEquiv></TextLine><TextLine id="tr_1780992597_tl_8" custom="readingOrder {index:7;}"><Coords points="426,583 1529,578 1490,510 426,527"/><Baseline points="435,558 456,555 501,552 546,552 591,555 635,558 680,558 725,561 770,561 814,561 859,561 904,561 949,561 993,561 1038,558 1083,558 1128,555 1173,555 1217,555 1262,555 1307,555 1352,552 1396,555 1441,555 1486,552 1531,549"/><TextEquiv><Unicode>qui se passe autour de lui, a rencontré les accounts</Unicode></TextEquiv></TextLine><TextLine id="tr_1780992597_tl_9" custom="readingOrder {index:8;}"><Coords points="428,644 559,618 627,639 724,617 798,637 997,629 997,579 924,562 870,586 839,566 785,589 659,567 613,588 562,562 532,583 428,581"/><Baseline points="438,608 483,608 528,608 573,611 617,611 662,611 707,614 752,614 796,617 841,614 886,611 931,611 976,608 1002,608"/><TextEquiv><Unicode>purs et nobles de la vérité :</Unicode></TextEquiv></TextLine><TextLine id="tr_1780992597_tl_10" custom="readingOrder {index:9;}"><Coords points="465,676 1531,685 1508,595 1247,635 1108,593 955,635 465,637"/><Baseline points="474,662 519,662 564,668 608,668 653,668 698,665 743,665 788,665 832,665 877,665 922,665 967,662 1011,662 1056,662 1101,662 1146,662 1190,662 1235,662 1280,665 1325,662 1370,665 1414,665 1459,665 1504,665 1534,662"/><TextEquiv><Unicode>« Vous payez très-cher, dit-il, vous autres, pour</Unicode></TextEquiv></TextLine><TextLine id="tr_1780992597_tl_11" custom="readingOrder {index:10;}"><Coords points="416,734 1527,749 1527,685 1466,678 416,671"/><Baseline points="426,716 471,722 516,722 561,722 605,725 650,722 695,722 740,719 785,719 829,713 874,716 919,716 964,716 1008,719 1053,716 1098,716 1143,719 1188,719 1232,719 1277,719 1322,716 1367,719 1411,719 1456,722 1501,722 1531,722"/><TextEquiv><Unicode>» aller voir des tragédies rondement débitées par des</Unicode></TextEquiv></TextLine><TextLine id="tr_1780992597_tl_12" custom="readingOrder {index:11;}"><Coords points="414,788 1519,792 1520,749 416,746"/><Baseline points="426,776 471,776 516,779 561,779 605,776 650,773 695,773 740,770 785,770 829,770 874,773 919,773 964,773 1008,770 1053,773 1098,773 1143,773 1188,773 1232,773 1277,773 1322,773 1367,776 1411,773 1456,776 1501,776 1525,776"/><TextEquiv><Unicode>comédiens qui déclament des vers; l'argent que</Unicode></TextEquiv></TextLine><TextLine id="tr_1780992597_tl_13" custom="readingOrder {index:12;}"><Coords points="414,843 1527,858 1527,804 1378,783 414,810"/><Baseline points="423,829 468,826 513,829 558,829 602,826 647,823 692,823 737,823 782,823 826,823 871,826 916,826 961,826 1005,829 1050,829 1095,829 1140,829 1185,829 1229,829 1274,829 1319,829 1364,832 1408,829 1453,832 1498,832 1531,829"/><TextEquiv><Unicode>» vous dépensez sans plaisir à ce que vous appelez</Unicode></TextEquiv></TextLine><TextLine id="tr_1780992597_tl_14" custom="readingOrder {index:13;}"><Coords points="411,907 1515,912 1514,853 409,843"/><Baseline points="420,880 465,880 510,880 555,880 599,880 644,880 689,880 734,880 779,880 823,880 868,883 913,883 958,883 1002,883 1047,883 1092,883 1137,883 1182,883 1226,883 1271,883 1316,886 1361,886 1405,886 1450,886 1495,889 1519,886"/><TextEquiv><Unicode>» vos plaisirs, elle va le porter là-haut, tout près du</Unicode></TextEquiv></TextLine><TextLine id="tr_1780992597_tl_15" custom="readingOrder {index:14;}"><Coords points="408,945 1515,958 1514,919 406,905"/><Baseline points="417,937 462,937 507,937 552,937 596,934 641,934 686,931 731,934 776,937 820,937 865,934 910,934 955,937 999,937 1044,937 1089,937 1134,940 1179,940 1223,940 1268,940 1313,943 1358,943 1402,943 1447,937 1492,940 1519,937"/><TextEquiv><Unicode>» ciel, sous les toits où l’on brûle l‘été, oÙ l‛on gre¬</Unicode></TextEquiv></TextLine><TextLine id="tr_1780992597_tl_16" custom="readingOrder {index:15;}"><Coords points="408,1004 1531,1018 1517,948 408,946"/><Baseline points="417,988 462,990 507,990 552,990 596,988 641,990 686,988 731,988 776,990 820,990 865,990 910,993 955,993 999,993 1044,993 1089,993 1134,996 1179,993 1223,996 1268,996 1313,996 1358,996 1402,996 1447,996 1492,996 1534,996"/><TextEquiv><Unicode>» lotte en hiver. De ces hauteurs suprêmes, Dieu sait</Unicode></TextEquiv></TextLine><TextLine id="tr_1780992597_tl_17" custom="readingOrder {index:16;}"><Coords points="401,1065 1520,1079 1495,1009 401,1023"/><Baseline points="411,1044 456,1044 501,1044 546,1044 591,1044 635,1044 680,1041 725,1044 770,1044 814,1047 859,1047 904,1047 949,1047 993,1050 1038,1047 1083,1050 1128,1050 1173,1047 1217,1050 1262,1050 1307,1050 1352,1050 1396,1050 1441,1050 1486,1050 1525,1050"/><TextEquiv><Unicode>» si la dérote voit des drames cruels ; Dieu sait si elle</Unicode></TextEquiv></TextLine><TextLine id="tr_1780992597_tl_18" custom="readingOrder {index:17;}"><Coords points="408,1118 1164,1106 1289,1145 1520,1116 1485,1063 408,1062"/><Baseline points="417,1095 462,1098 507,1095 552,1098 596,1098 641,1098 686,1101 731,1101 776,1101 820,1095 865,1101 910,1104 955,1104 999,1104 1044,1104 1089,1104 1134,1104 1179,1104 1223,1104 1268,1107 1313,1107 1358,1107 1402,1107 1447,1107 1492,1107 1525,1104"/><TextEquiv><Unicode>» essuie des larmes véritables ! En ces lieux visités</Unicode></TextEquiv></TextLine><TextLine id="tr_1780992597_tl_19" custom="readingOrder {index:18;}"><Coords points="408,1184 1527,1177 1471,1114 408,1126"/><Baseline points="417,1152 462,1155 507,1155 552,1155 596,1155 641,1155 686,1155 731,1155 776,1158 820,1158 865,1155 910,1158 955,1161 999,1158 1044,1158 1089,1158 1134,1161 1179,1161 1223,1161 1268,1161 1313,1161 1358,1164 1402,1164 1447,1164 1492,1161 1531,1158"/><TextEquiv><Unicode>» par elle, et par Dieu, elle se sent bénie, aimée, ho¬</Unicode></TextEquiv></TextLine><TextLine id="tr_1780992597_tl_20" custom="readingOrder {index:19;}"><Coords points="411,1226 1517,1238 1517,1184 1475,1170 411,1179"/><Baseline points="420,1211 465,1211 510,1208 555,1208 599,1211 644,1211 689,1211 734,1211 779,1211 823,1214 868,1211 913,1214 958,1214 1002,1214 1047,1214 1092,1214 1137,1217 1182,1214 1226,1214 1271,1214 1316,1217 1361,1217 1405,1217 1450,1217 1495,1214 1522,1217"/><TextEquiv><Unicode>» norée et louée, et les larmes qu’elle répand sont si</Unicode></TextEquiv></TextLine><TextLine id="tr_1780992597_tl_21" custom="readingOrder {index:20;}"><Coords points="411,1293 1522,1289 1498,1233 409,1228"/><Baseline points="420,1268 465,1265 510,1265 555,1265 599,1265 644,1268 689,1268 734,1271 779,1271 823,1271 868,1268 913,1268 958,1271 1002,1271 1047,1271 1092,1274 1137,1274 1182,1274 1226,1274 1271,1274 1316,1274 1361,1277 1405,1277 1450,1277 1495,1274 1525,1280"/><TextEquiv><Unicode>» douces ! Allez donc à vos fètes, à voe spectacles, à</Unicode></TextEquiv></TextLine><TextLine id="tr_1780992597_tl_22" custom="readingOrder {index:21;}"><Coords points="408,1335 1520,1362 1520,1301 1464,1289 408,1293"/><Baseline points="417,1319 462,1319 507,1322 552,1322 596,1322 641,1322 686,1322 731,1325 776,1322 820,1325 865,1325 910,1325 955,1328 999,1325 1044,1325 1089,1328 1134,1331 1179,1331 1223,1328 1268,1328 1313,1331 1358,1334 1402,1334 1447,1334 1492,1331 1525,1331"/><TextEquiv><Unicode>» vos expositions, à vos tueries, et rapportez-en des</Unicode></TextEquiv></TextLine><TextLine id="tr_1780992597_tl_23" custom="readingOrder {index:22;}"><Coords points="401,1386 1517,1398 1471,1340 401,1347"/><Baseline points="411,1376 456,1379 501,1379 546,1376 591,1379 635,1379 680,1379 725,1379 770,1379 814,1379 859,1379 904,1382 949,1382 993,1382 1038,1382 1083,1382 1128,1385 1173,1387 1217,1385 1262,1385 1307,1385 1352,1385 1396,1387 1441,1385 1486,1387 1522,1387"/><TextEquiv><Unicode>» larmes stériles, des pitiés de toile peinte et des</Unicode></TextEquiv></TextLine><TextLine id="tr_1780992597_tl_24" custom="readingOrder {index:23;}"><Coords points="408,1446 1524,1464 1524,1417 406,1388"/><Baseline points="417,1429 462,1432 507,1429 552,1429 596,1432 641,1432 686,1432 731,1432 776,1435 820,1435 865,1435 910,1435 955,1438 999,1438 1044,1438 1089,1438 1134,1441 1179,1441 1223,1441 1268,1441 1313,1441 1358,1441 1402,1441 1447,1441 1492,1441 1528,1438"/><TextEquiv><Unicode>» cœurs brisés par l’ophycléide et le tam-tam de l‘or¬</Unicode></TextEquiv></TextLine><TextLine id="tr_1780992597_tl_25" custom="readingOrder {index:24;}"><Coords points="408,1500 1524,1520 1524,1464 1471,1454 408,1463"/><Baseline points="417,1486 462,1489 507,1486 552,1489 596,1486 641,1489 686,1489 731,1489 776,1489 820,1489 865,1489 910,1492 955,1492 999,1492 1044,1492 1089,1492 1134,1492 1179,1492 1223,1492 1268,1495 1313,1495 1358,1495 1402,1495 1447,1495 1492,1498 1528,1498"/><TextEquiv><Unicode>» chestre en ébullition!... et la nuit venue, au lieu</Unicode></TextEquiv></TextLine><TextLine id="tr_1780992597_tl_26" custom="readingOrder {index:25;}"><Coords points="408,1566 1524,1559 1493,1512 1194,1498 408,1520"/><Baseline points="417,1540 462,1540 507,1537 552,1540 596,1540 641,1540 686,1540 731,1537 776,1540 820,1540 865,1540 910,1543 955,1543 999,1543 1044,1546 1089,1546 1134,1546 1179,1546 1223,1546 1268,1549 1313,1549 1358,1549 1402,1549 1447,1549 1492,1549 1528,1546"/><TextEquiv><Unicode>» de voir en ses rêves des tyrans de mélodrames, ar¬</Unicode></TextEquiv></TextLine><TextLine id="tr_1780992597_tl_27" custom="readingOrder {index:26;}"><Coords points="408,1619 960,1597 1430,1638 1520,1627 1519,1565 406,1566"/><Baseline points="417,1593 462,1593 507,1593 552,1593 596,1593 641,1593 686,1593 731,1593 776,1596 820,1593 865,1596 910,1596 955,1596 999,1599 1044,1596 1089,1596 1134,1599 1179,1599 1223,1599 1268,1599 1313,1602 1358,1602 1402,1605 1447,1605 1492,1608 1525,1605"/><TextEquiv><Unicode>» més de poignards et de coupes pleines de poison,</Unicode></TextEquiv></TextLine><TextLine id="tr_1780992597_tl_28" custom="readingOrder {index:27;}"><Coords points="411,1673 1517,1670 1497,1619 411,1626"/><Baseline points="420,1647 465,1647 510,1647 555,1644 599,1644 644,1647 689,1650 734,1650 779,1650 823,1650 868,1650 913,1650 958,1650 1002,1653 1047,1653 1092,1656 1137,1656 1182,1656 1226,1656 1271,1656 1316,1656 1361,1656 1405,1656 1450,1659 1495,1659 1522,1659"/><TextEquiv><Unicode>» elle rêve des malheureux qu'elle a secourus ; elle</Unicode></TextEquiv></TextLine><TextLine id="tr_1780992597_tl_29" custom="readingOrder {index:28;}"><Coords points="408,1716 1524,1734 1524,1683 1430,1670 408,1675"/><Baseline points="417,1701 462,1701 507,1704 552,1704 596,1704 641,1704 686,1704 731,1704 776,1707 820,1707 865,1707 910,1707 955,1707 999,1710 1044,1707 1089,1710 1134,1710 1179,1710 1223,1710 1268,1713 1313,1710 1358,1713 1402,1716 1447,1716 1492,1716 1528,1716"/><TextEquiv><Unicode>» revoit la mère de famille dont elle a sauvé l'enfant,</Unicode></TextEquiv></TextLine><TextLine id="tr_1780992597_tl_30" custom="readingOrder {index:29;}"><Coords points="411,1768 1522,1799 1522,1736 1476,1728 411,1726"/><Baseline points="420,1755 465,1758 510,1758 555,1758 599,1758 644,1761 689,1758 734,1761 779,1761 823,1761 868,1764 913,1764 958,1764 1002,1764 1047,1767 1092,1764 1137,1764 1182,1767 1226,1767 1271,1767 1316,1767 1361,1770 1405,1770 1450,1770 1495,1770 1525,1764"/><TextEquiv><Unicode>» elle entend la bénédiction du vieillard ! Voilà des</Unicode></TextEquiv></TextLine><TextLine id="tr_1780992597_tl_31" custom="readingOrder {index:30;}"><Coords points="408,1841 532,1824 625,1865 1060,1857 1058,1779 1009,1807 963,1779 776,1770 406,1785"/><Baseline points="417,1811 462,1811 507,1811 552,1808 596,1811 641,1814 686,1814 731,1814 776,1814 820,1817 865,1817 910,1817 955,1820 999,1820 1044,1823 1062,1820"/><TextEquiv><Unicode>» rêves ! voilà des drames !... »</Unicode></TextEquiv></TextLine><TextEquiv><Unicode></Unicode></TextEquiv></TextRegion><TextRegion id="r" custom="readingOrder {index:2;} structure {type:paragraph;}"><Coords points="1574,1791 1615,126 2794,129 2791,1791 2565,1874 2363,1874"/><TextLine id="r_tl_1" custom="readingOrder {index:0;}"><Coords points="1656,199 2066,168 2730,195 2730,151 2597,92 2460,76 1974,88 1850,143 1656,105"/><Baseline points="1665,164 1710,170 1755,167 1799,167 1844,164 1889,167 1934,167 1979,167 2023,164 2068,164 2113,167 2158,167 2202,167 2247,170 2292,167 2337,167 2381,167 2426,170 2471,170 2516,170 2561,173 2605,176 2650,179 2695,182 2734,182"/><TextEquiv><Unicode>De qui ces lignes charmantes ! de monsieur Jules</Unicode></TextEquiv></TextLine><TextLine id="r_tl_2" custom="readingOrder {index:1;}"><Coords points="1610,246 2735,248 2735,207 2604,187 1610,194"/><Baseline points="1620,226 1665,226 1710,223 1755,223 1799,223 1844,223 1889,223 1934,220 1979,220 2023,220 2068,220 2113,223 2158,223 2202,220 2247,223 2292,223 2337,223 2381,223 2426,223 2471,226 2516,226 2561,226 2605,232 2650,235 2695,235 2740,238"/><TextEquiv><Unicode>Janin, qui n’a jamais si bien parlé; écoutez-le, ma</Unicode></TextEquiv></TextLine><TextLine id="r_tl_3" custom="readingOrder {index:2;}"><Coords points="1610,296 2735,318 2735,250 2682,245 1610,241"/><Baseline points="1620,280 1665,280 1710,277 1755,277 1799,277 1844,277 1889,277 1934,277 1979,277 2023,277 2068,277 2113,277 2158,277 2202,277 2247,277 2292,280 2337,277 2381,277 2426,277 2471,280 2516,280 2561,280 2605,283 2650,286 2695,289 2740,286"/><TextEquiv><Unicode>chère enfant, et cherchez ce bonheur et ces plaisirs</Unicode></TextEquiv></TextLine><TextLine id="r_tl_4" custom="readingOrder {index:3;}"><Coords points="1617,350 2733,362 2694,302 2536,289 1616,299"/><Baseline points="1626,334 1671,334 1716,331 1761,331 1805,334 1850,334 1895,334 1940,331 1984,331 2029,331 2074,331 2119,334 2164,331 2208,334 2253,334 2298,334 2343,334 2387,334 2432,337 2477,334 2522,337 2567,337 2611,340 2656,343 2701,343 2737,340"/><TextEquiv><Unicode>qu’il décrit si bien. Mais pour être charitable, sou¬</Unicode></TextEquiv></TextLine><TextLine id="r_tl_5" custom="readingOrder {index:4;}"><Coords points="1624,394 2735,414 2733,372 1622,353"/><Baseline points="1632,382 1677,388 1722,385 1767,385 1811,385 1856,388 1901,388 1946,388 1990,385 2035,385 2080,385 2125,388 2170,391 2214,388 2259,388 2304,388 2349,391 2393,391 2438,391 2483,391 2528,394 2573,394 2617,394 2662,396 2707,399 2740,399"/><TextEquiv><Unicode>venez-vous toujours qu’il faut être économe, et qu‘on</Unicode></TextEquiv></TextLine><TextLine id="r_tl_6" custom="readingOrder {index:5;}"><Coords points="1609,452 2733,472 2732,411 1607,413"/><Baseline points="1617,441 1662,441 1707,441 1752,441 1796,441 1841,441 1886,441 1931,444 1976,441 2020,441 2065,441 2110,441 2155,441 2199,441 2244,444 2289,444 2334,444 2378,444 2423,447 2468,447 2513,447 2558,447 2602,450 2647,450 2692,453 2737,450"/><TextEquiv><Unicode>ne donne pas longtemps lorsqu’on ne sait pas se pri¬</Unicode></TextEquiv></TextLine><TextLine id="r_tl_7" custom="readingOrder {index:6;}"><Coords points="1617,518 2738,537 2738,469 2687,462 1617,471"/><Baseline points="1626,498 1671,498 1716,498 1761,498 1805,498 1850,498 1895,498 1940,498 1984,498 2029,498 2074,498 2119,495 2164,498 2208,498 2253,498 2298,501 2343,501 2387,501 2432,501 2477,501 2522,504 2567,504 2611,507 2656,507 2701,510 2743,507"/><TextEquiv><Unicode>ver, et retrancher parfois sur les douceurs de la table</Unicode></TextEquiv></TextLine><TextLine id="r_tl_8" custom="readingOrder {index:7;}"><Coords points="1610,572 2733,581 2703,518 1610,530"/><Baseline points="1620,555 1665,552 1710,552 1755,552 1799,555 1844,555 1889,555 1934,552 1979,555 2023,552 2068,555 2113,555 2158,552 2202,555 2247,555 2292,555 2337,555 2381,555 2426,558 2471,558 2516,561 2561,558 2605,561 2650,561 2695,564 2737,564"/><TextEquiv><Unicode>ou les élégances de la boilette. Je pense aussi, après</Unicode></TextEquiv></TextLine><TextLine id="r_tl_9" custom="readingOrder {index:8;}"><Coords points="1610,622 2730,630 2730,589 2633,574 1610,572"/><Baseline points="1620,608 1665,608 1710,608 1755,608 1799,608 1844,608 1889,608 1934,608 1979,605 2023,608 2068,608 2113,608 2158,605 2202,608 2247,608 2292,608 2337,608 2381,611 2426,611 2471,611 2516,614 2561,617 2605,617 2650,617 2695,617 2734,614"/><TextEquiv><Unicode>expérience, qu'il est nécessaire de fixer, en son bud¬</Unicode></TextEquiv></TextLine><TextLine id="r_tl_10" custom="readingOrder {index:9;}"><Coords points="1612,688 2737,703 2735,630 1610,622"/><Baseline points="1620,671 1665,668 1710,668 1755,668 1799,665 1844,665 1889,665 1934,665 1979,665 2023,665 2068,665 2113,665 2158,665 2202,665 2247,665 2292,665 2337,668 2381,668 2426,668 2471,671 2516,671 2561,671 2605,674 2650,674 2695,674 2740,671"/><TextEquiv><Unicode>get, la part des pauvres, somme inaliénable, destinée</Unicode></TextEquiv></TextLine><TextLine id="r_tl_11" custom="readingOrder {index:10;}"><Coords points="1612,734 2679,756 2732,703 1610,688"/><Baseline points="1620,719 1665,722 1710,722 1755,722 1799,722 1844,722 1889,722 1934,722 1979,722 2023,722 2068,722 2113,722 2158,719 2202,719 2247,719 2292,719 2337,725 2381,725 2426,725 2471,725 2516,728 2561,728 2605,731 2650,731 2695,731 2737,728"/><TextEquiv><Unicode>aux bonnes œuvres, aux quêtes, aux charités journa¬</Unicode></TextEquiv></TextLine><TextLine id="r_tl_12" custom="readingOrder {index:11;}"><Coords points="1607,795 2735,814 2735,742 1607,730"/><Baseline points="1617,776 1662,776 1707,776 1752,779 1796,776 1841,776 1886,776 1931,776 1976,776 2020,773 2065,773 2110,776 2155,776 2199,776 2244,776 2289,776 2334,779 2378,779 2423,779 2468,779 2513,779 2558,785 2602,788 2647,788 2692,788 2737,788 2740,788"/><TextEquiv><Unicode>lières, aux charités imprévues. Si on ne prend pas</Unicode></TextEquiv></TextLine><TextLine id="r_tl_13" custom="readingOrder {index:12;}"><Coords points="1607,853 2730,863 2730,810 2441,787 1607,795"/><Baseline points="1617,829 1662,829 1707,829 1752,829 1796,832 1841,832 1886,832 1931,832 1976,832 2020,832 2065,832 2110,832 2155,832 2199,829 2244,832 2289,832 2334,835 2378,835 2423,835 2468,835 2513,838 2558,838 2602,838 2647,841 2692,844 2734,838"/><TextEquiv><Unicode>cette précaution contre soi-même, la dîme des pau¬</Unicode></TextEquiv></TextLine><TextLine id="r_tl_14" custom="readingOrder {index:13;}"><Coords points="1619,902 2738,922 2738,863 2552,849 1619,858"/><Baseline points="1629,883 1674,880 1719,886 1764,886 1808,886 1853,886 1898,886 1943,886 1987,889 2032,889 2077,886 2122,889 2167,886 2211,889 2256,889 2301,889 2346,889 2390,889 2435,889 2480,892 2525,892 2570,892 2614,895 2659,895 2704,898 2743,898"/><TextEquiv><Unicode>vres sera des plus minces, car on s'abus facilement et</Unicode></TextEquiv></TextLine><TextLine id="r_tl_15" custom="readingOrder {index:14;}"><Coords points="1602,951 2738,973 2738,922 2633,905 1602,912"/><Baseline points="1611,943 1656,943 1701,943 1746,943 1790,940 1835,943 1880,943 1925,943 1970,943 2014,940 2059,943 2104,943 2149,943 2193,943 2238,943 2283,946 2328,946 2373,943 2417,943 2462,946 2507,946 2552,949 2596,949 2641,949 2686,949 2731,952 2743,952"/><TextEquiv><Unicode>sur sa générosité et sur ses dons nombreux. Quelques</Unicode></TextEquiv></TextLine><TextLine id="r_tl_16" custom="readingOrder {index:15;}"><Coords points="1614,1023 2698,1036 2738,1029 2737,973 1612,963"/><Baseline points="1623,999 1668,999 1713,999 1758,999 1802,996 1847,999 1892,999 1937,999 1981,1002 2026,999 2071,999 2116,999 2161,999 2205,999 2250,1002 2295,1002 2340,1002 2384,1002 2429,1002 2474,1002 2519,1002 2564,1002 2608,1002 2653,1005 2698,1005 2743,1008"/><TextEquiv><Unicode>pièces de cinq francs nous font illusion, et il vaut</Unicode></TextEquiv></TextLine><TextLine id="r_tl_17" custom="readingOrder {index:16;}"><Coords points="1605,1072 2738,1091 2738,1036 2638,1018 1605,1023"/><Baseline points="1614,1053 1659,1053 1704,1053 1749,1056 1793,1056 1838,1056 1883,1056 1928,1056 1973,1056 2017,1056 2062,1056 2107,1056 2152,1056 2196,1056 2241,1056 2286,1056 2331,1056 2376,1056 2420,1059 2465,1059 2510,1059 2555,1059 2599,1059 2644,1062 2689,1062 2734,1062 2743,1062"/><TextEquiv><Unicode>mieux, pour le paiement d'une dette aussi sacrée, se</Unicode></TextEquiv></TextLine><TextLine id="r_tl_18" custom="readingOrder {index:17;}"><Coords points="1614,1128 2733,1131 2733,1089 2492,1067 1614,1069"/><Baseline points="1623,1107 1668,1107 1713,1107 1758,1110 1802,1110 1847,1110 1892,1110 1937,1113 1981,1110 2026,1113 2071,1113 2116,1113 2161,1113 2205,1113 2250,1113 2295,1113 2340,1116 2384,1113 2429,1113 2474,1116 2519,1116 2564,1116 2608,1119 2653,1116 2698,1119 2737,1119"/><TextEquiv><Unicode>fixer une somme selon sa fortune, un dixième, par</Unicode></TextEquiv></TextLine><TextLine id="r_tl_19" custom="readingOrder {index:18;}"><Coords points="1610,1177 2735,1191 2687,1135 1610,1128"/><Baseline points="1620,1164 1665,1167 1710,1167 1755,1164 1799,1164 1844,1167 1889,1170 1934,1167 1979,1167 2023,1167 2068,1170 2113,1167 2158,1167 2202,1170 2247,1170 2292,1170 2337,1170 2381,1170 2426,1170 2471,1170 2516,1170 2561,1173 2605,1173 2650,1173 2695,1173 2740,1173"/><TextEquiv><Unicode>exemple; somme qu’on peut augmenter, mais à la¬</Unicode></TextEquiv></TextLine><TextLine id="r_tl_20" custom="readingOrder {index:19;}"><Coords points="1612,1237 2728,1257 2740,1194 1610,1177"/><Baseline points="1620,1220 1665,1220 1710,1220 1755,1220 1799,1220 1844,1220 1889,1223 1934,1220 1979,1223 2023,1223 2068,1223 2113,1220 2158,1226 2202,1226 2247,1226 2292,1226 2337,1226 2381,1226 2426,1226 2471,1226 2516,1223 2561,1226 2605,1226 2650,1226 2695,1229 2740,1229 2746,1229"/><TextEquiv><Unicode>quelle on ne retranchera rien. Que voulez-vous, mon</Unicode></TextEquiv></TextLine><TextLine id="r_tl_21" custom="readingOrder {index:20;}"><Coords points="1602,1301 2733,1303 2733,1257 2572,1233 1602,1237"/><Baseline points="1611,1277 1656,1277 1701,1274 1746,1277 1790,1277 1835,1277 1880,1277 1925,1280 1970,1280 2014,1280 2059,1280 2104,1280 2149,1280 2193,1280 2238,1280 2283,1283 2328,1283 2373,1280 2417,1283 2462,1283 2507,1280 2552,1283 2596,1283 2641,1283 2686,1286 2731,1286 2737,1283"/><TextEquiv><Unicode>Albertine? le cœur humain est faible aux tentations,</Unicode></TextEquiv></TextLine><TextLine id="r_tl_22" custom="readingOrder {index:21;}"><Coords points="1605,1347 2738,1371 2738,1298 1605,1298"/><Baseline points="1614,1334 1659,1331 1704,1334 1749,1334 1793,1334 1838,1334 1883,1334 1928,1337 1973,1337 2017,1337 2062,1337 2107,1337 2152,1334 2196,1337 2241,1337 2286,1337 2331,1337 2376,1337 2420,1337 2465,1337 2510,1337 2555,1340 2599,1337 2644,1334 2689,1337 2734,1337 2743,1337"/><TextEquiv><Unicode>il s'endurcit quelquefois aux misères des autres : il</Unicode></TextEquiv></TextLine><TextLine id="r_tl_23" custom="readingOrder {index:22;}"><Coords points="1610,1425 2730,1430 2708,1361 2422,1342 2363,1374 1609,1367"/><Baseline points="1620,1387 1665,1387 1710,1390 1755,1390 1799,1390 1844,1387 1889,1390 1934,1393 1979,1390 2023,1390 2068,1390 2113,1387 2158,1390 2202,1393 2247,1393 2292,1393 2337,1393 2381,1393 2426,1393 2471,1393 2516,1393 2561,1393 2605,1393 2650,1396 2695,1396 2734,1396"/><TextEquiv><Unicode>est bon de prendre des précautions contre soi-même.</Unicode></TextEquiv></TextLine><TextLine id="r_tl_24" custom="readingOrder {index:23;}"><Coords points="1651,1492 2737,1488 2713,1429 1649,1424"/><Baseline points="1659,1474 1704,1474 1749,1474 1793,1477 1838,1477 1883,1477 1928,1477 1973,1480 2017,1480 2062,1480 2107,1480 2152,1480 2196,1480 2241,1480 2286,1483 2331,1483 2376,1483 2420,1483 2465,1483 2510,1483 2555,1483 2599,1483 2644,1483 2689,1483 2734,1480 2740,1480"/><TextEquiv><Unicode>Adieu, mon enfant chérie, je souhaite que vous ai¬</Unicode></TextEquiv></TextLine><TextLine id="r_tl_25" custom="readingOrder {index:24;}"><Coords points="1605,1546 2730,1556 2730,1500 2672,1488 1605,1488"/><Baseline points="1614,1525 1659,1528 1704,1528 1749,1528 1793,1528 1838,1531 1883,1531 1928,1531 1973,1531 2017,1531 2062,1531 2107,1534 2152,1534 2196,1531 2241,1534 2286,1534 2331,1537 2376,1537 2420,1540 2465,1540 2510,1537 2555,1540 2599,1540 2644,1540 2689,1540 2734,1540 2737,1537"/><TextEquiv><Unicode>miez les misérables et qu'ils vous aiment, et que l'on</Unicode></TextEquiv></TextLine><TextLine id="r_tl_26" custom="readingOrder {index:25;}"><Coords points="1605,1590 2726,1604 2725,1553 1604,1546"/><Baseline points="1614,1579 1659,1582 1704,1582 1749,1582 1793,1582 1838,1584 1883,1584 1928,1584 1973,1587 2017,1584 2062,1582 2107,1587 2152,1587 2196,1587 2241,1590 2286,1590 2331,1590 2376,1590 2420,1593 2465,1593 2510,1590 2555,1590 2599,1593 2644,1593 2689,1590 2731,1590"/><TextEquiv><Unicode>dise de vous : Elle est si bonne pour les pauvres!</Unicode></TextEquiv></TextLine><TextLine id="r_tl_27" custom="readingOrder {index:26;}"><Coords points="1602,1646 2555,1675 2733,1658 2733,1609 1600,1595"/><Baseline points="1611,1635 1656,1632 1701,1632 1746,1638 1790,1638 1835,1641 1880,1638 1925,1641 1970,1641 2014,1641 2059,1644 2104,1644 2149,1644 2193,1641 2238,1644 2283,1647 2328,1647 2373,1644 2417,1647 2462,1647 2507,1650 2552,1650 2596,1650 2641,1650 2686,1650 2731,1647 2737,1647"/><TextEquiv><Unicode>C’est un éloge et une bénédiction que je demande</Unicode></TextEquiv></TextLine><TextLine id="r_tl_28" custom="readingOrder {index:27;}"><Coords points="1605,1723 1711,1697 1770,1724 1853,1704 2105,1719 2105,1675 2035,1649 1950,1666 1605,1655"/><Baseline points="1614,1698 1659,1695 1704,1695 1749,1695 1793,1698 1838,1698 1883,1698 1928,1698 1973,1698 2017,1698 2062,1698 2107,1701"/><TextEquiv><Unicode>pour vous au bon Dieu.</Unicode></TextEquiv></TextLine><TextLine id="r_tl_29" custom="readingOrder {index:28;}"><Coords points="2388,1862 2453,1872 2465,1862 2484,1864 2494,1852 2518,1848 2546,1857 2545,1755 2531,1755 2521,1767 2472,1765 2456,1775 2426,1758 2402,1765 2385,1758"/><Baseline points="2396,1829 2441,1832 2486,1832 2531,1832 2549,1832"/><TextEquiv><Unicode>M. M.</Unicode></TextEquiv></TextLine><TextEquiv><Unicode></Unicode></TextEquiv></TextRegion><TextRegion id="r_1" custom="readingOrder {index:3;} structure {type:heading;}"><Coords points="801,2339 1065,2308 1997,2308 2260,2339 2260,2719 801,2719"/><TextLine id="r_1_tl_1" custom="readingOrder {index:0;}"><Coords points="1108,2436 1153,2424 1247,2470 1308,2443 1488,2468 1614,2424 1908,2450 1938,2441 1937,2375 1855,2332 1665,2331 1609,2361 1563,2331 1311,2329 1233,2361 1104,2329"/><Baseline points="1116,2411 1161,2414 1205,2417 1250,2414 1295,2414 1340,2414 1385,2414 1429,2417 1474,2420 1519,2420 1564,2423 1608,2417 1653,2423 1698,2420 1743,2423 1787,2426 1832,2426 1877,2429 1922,2429 1943,2426"/><TextEquiv><Unicode>LE PROGRÈS MUSIAL.</Unicode></TextEquiv></TextLine><TextLine id="r_1_tl_2" custom="readingOrder {index:1;}"><Coords points="861,2570 2151,2602 2227,2594 2227,2541 860,2524"/><Baseline points="871,2561 916,2564 961,2564 1005,2564 1050,2561 1095,2564 1140,2564 1185,2564 1229,2564 1274,2567 1319,2564 1364,2567 1408,2567 1453,2570 1498,2570 1543,2570 1587,2570 1632,2570 1677,2573 1722,2573 1767,2573 1811,2573 1856,2573 1901,2575 1946,2575 1990,2575 2035,2578 2080,2578 2125,2581 2170,2581 2214,2581 2229,2578"/><TextEquiv><Unicode>CATALOGUES GÉNÉRAUX DU PROGRÈS MUSIAL.</Unicode></TextEquiv></TextLine><TextLine id="r_1_tl_3" custom="readingOrder {index:2;}"><Coords points="1486,2689 1510,2699 1536,2691 1561,2704 1580,2696 1605,2710 1612,2703 1646,2706 1646,2643 1631,2645 1595,2623 1570,2640 1539,2640 1532,2633 1485,2640"/><Baseline points="1495,2680 1540,2677 1584,2680 1629,2680 1650,2680"/><TextEquiv><Unicode>No 12.</Unicode></TextEquiv></TextLine><TextEquiv><Unicode></Unicode></TextEquiv></TextRegion><TextRegion id="tr_1780992595" custom="readingOrder {index:4;} structure {type:paragraph;score:0.99;}"><Coords points="347,2734 1544,2762 1540,3463 347,3467"/><TextLine id="tr_1780992595_tl_1" custom="readingOrder {index:0;}"><Coords points="442,2820 1481,2839 1519,2779 438,2728"/><Baseline points="450,2799 495,2799 540,2799 585,2802 629,2802 674,2802 719,2802 764,2805 808,2805 853,2805 898,2808 943,2808 988,2808 1032,2811 1077,2811 1122,2811 1167,2814 1211,2814 1256,2817 1301,2814 1346,2817 1390,2817 1435,2814 1480,2817 1525,2817"/><TextEquiv><Unicode>Nous n’entreprendrons pas de faire l’analyse détaillée des</Unicode></TextEquiv></TextLine><TextLine id="tr_1780992595_tl_2" custom="readingOrder {index:1;}"><Coords points="406,2866 1498,2890 1515,2828 404,2818"/><Baseline points="414,2847 459,2847 504,2847 549,2847 594,2850 638,2850 683,2850 728,2850 773,2853 817,2853 862,2853 907,2856 952,2859 996,2859 1041,2859 1086,2862 1131,2862 1176,2862 1220,2862 1265,2865 1310,2865 1355,2865 1399,2865 1444,2865 1489,2865 1519,2865"/><TextEquiv><Unicode>morceaux dont se compose notre Catalogue de décembre;</Unicode></TextEquiv></TextLine><TextLine id="tr_1780992595_tl_3" custom="readingOrder {index:2;}"><Coords points="404,2912 1517,2927 1515,2881 1466,2873 403,2867"/><Baseline points="414,2898 459,2895 504,2895 549,2895 594,2895 638,2898 683,2895 728,2895 773,2898 817,2901 862,2901 907,2904 952,2907 996,2907 1041,2910 1086,2910 1131,2913 1176,2913 1220,2913 1265,2913 1310,2913 1355,2910 1399,2913 1444,2913 1489,2916 1522,2916"/><TextEquiv><Unicode>ces divers ouvrages ayant paru dans le courant de l’année:</Unicode></TextEquiv></TextLine><TextLine id="tr_1780992595_tl_4" custom="readingOrder {index:3;}"><Coords points="399,2959 1520,2975 1495,2924 399,2905"/><Baseline points="408,2946 453,2946 498,2946 543,2946 588,2946 632,2943 677,2946 722,2946 767,2946 811,2949 856,2952 901,2955 946,2955 990,2958 1035,2958 1080,2961 1125,2961 1170,2961 1214,2964 1259,2964 1304,2964 1349,2964 1393,2964 1438,2967 1483,2964 1525,2961"/><TextEquiv><Unicode>nous donnerons seulement un aperçu succint des nouveautés</Unicode></TextEquiv></TextLine><TextLine id="tr_1780992595_tl_5" custom="readingOrder {index:4;}"><Coords points="399,3014 1492,3046 1531,2981 398,2971"/><Baseline points="408,2993 453,2993 498,2993 543,2993 588,2996 632,2996 677,2996 722,2999 767,2999 811,2999 856,3002 901,2999 946,3002 990,3002 1035,3005 1080,3008 1125,3011 1170,3011 1214,3014 1259,3014 1304,3014 1349,3017 1393,3014 1438,3014 1483,3014 1528,3014 1534,3014"/><TextEquiv><Unicode>que nous nous proposons d'offrir à nos abonnées pour le</Unicode></TextEquiv></TextLine><TextLine id="tr_1780992595_tl_6" custom="readingOrder {index:5;}"><Coords points="416,3059 482,3070 503,3059 586,3073 724,3063 722,3019 698,3007 639,3020 620,3010 595,3024 569,3008 528,3025 506,3010 414,3017"/><Baseline points="423,3041 468,3038 513,3044 558,3044 602,3044 647,3044 692,3047 728,3053"/><TextEquiv><Unicode>1er janvier 1858.</Unicode></TextEquiv></TextLine><TextLine id="tr_1780992595_tl_7" custom="readingOrder {index:6;}"><Coords points="440,3117 1529,3126 1527,3078 1437,3066 440,3065"/><Baseline points="450,3095 495,3095 540,3095 585,3098 629,3098 674,3101 719,3101 764,3098 808,3101 853,3101 898,3101 943,3101 988,3101 1032,3104 1077,3104 1122,3104 1167,3107 1211,3110 1256,3110 1301,3110 1346,3110 1390,3113 1435,3113 1480,3113 1525,3113 1531,3113"/><TextEquiv><Unicode>Boutons de roses des jeunes pianistes, par les meilleurs</Unicode></TextEquiv></TextLine><TextLine id="tr_1780992595_tl_8" custom="readingOrder {index:7;}"><Coords points="408,3166 1525,3183 1524,3122 408,3107"/><Baseline points="417,3140 462,3146 507,3146 552,3149 596,3149 641,3152 686,3149 731,3152 776,3152 820,3152 865,3155 910,3152 955,3155 999,3155 1044,3155 1089,3155 1134,3155 1179,3158 1223,3158 1268,3158 1313,3158 1358,3158 1402,3161 1447,3161 1492,3161 1528,3164"/><TextEquiv><Unicode>compositeurs, est une collection charmante de trente petits</Unicode></TextEquiv></TextLine><TextLine id="tr_1780992595_tl_9" custom="readingOrder {index:8;}"><Coords points="396,3207 1510,3234 1515,3175 394,3158"/><Baseline points="405,3193 450,3196 495,3196 540,3196 585,3196 629,3199 674,3199 719,3199 764,3199 808,3199 853,3202 898,3202 943,3205 988,3205 1032,3205 1077,3205 1122,3205 1167,3205 1211,3205 1256,3205 1301,3205 1346,3208 1390,3208 1435,3208 1480,3211 1519,3205"/><TextEquiv><Unicode>morceaux faciles qui sont particulièrement recommandés</Unicode></TextEquiv></TextLine><TextLine id="tr_1780992595_tl_10" custom="readingOrder {index:9;}"><Coords points="399,3257 1520,3262 1464,3223 399,3211"/><Baseline points="408,3244 453,3247 498,3244 543,3247 588,3247 632,3247 677,3247 722,3250 767,3250 811,3250 856,3253 901,3253 946,3253 990,3256 1035,3256 1080,3256 1125,3256 1170,3253 1214,3256 1259,3256 1304,3256 1349,3256 1393,3256 1438,3256 1483,3259 1525,3253"/><TextEquiv><Unicode>aux débutants dans l’étude de la musique. Erliska, polka¬</Unicode></TextEquiv></TextLine><TextLine id="tr_1780992595_tl_11" custom="readingOrder {index:10;}"><Coords points="401,3304 1520,3318 1520,3270 401,3268"/><Baseline points="411,3295 456,3295 501,3295 546,3298 591,3298 635,3298 680,3295 725,3298 770,3298 814,3301 859,3304 904,3304 949,3304 993,3304 1038,3307 1083,3307 1128,3307 1173,3307 1217,3307 1262,3307 1307,3307 1352,3307 1396,3307 1441,3304 1486,3307 1525,3298"/><TextEquiv><Unicode>mazurka, divertissements sur la Gazza ladra, fantaisies sur-</Unicode></TextEquiv></TextLine><TextLine id="tr_1780992595_tl_12" custom="readingOrder {index:11;}"><Coords points="398,3360 1517,3369 1515,3333 1418,3314 396,3304"/><Baseline points="405,3343 450,3346 495,3346 540,3346 585,3346 629,3346 674,3346 719,3349 764,3352 808,3352 853,3355 898,3355 943,3355 988,3355 1032,3355 1077,3358 1122,3358 1167,3355 1211,3358 1256,3358 1301,3358 1346,3358 1390,3358 1435,3358 1480,3358 1522,3358"/><TextEquiv><Unicode>l'Euryanthe de Weber, plusieurs morceaux d'apres la Norma,</Unicode></TextEquiv></TextLine><TextLine id="tr_1780992595_tl_13" custom="readingOrder {index:12;}"><Coords points="399,3413 1210,3452 1520,3421 1500,3367 399,3360"/><Baseline points="408,3393 453,3396 498,3396 543,3399 588,3399 632,3399 677,3399 722,3399 767,3399 811,3402 856,3405 901,3402 946,3405 990,3405 1035,3408 1080,3408 1125,3408 1170,3411 1214,3411 1259,3411 1304,3411 1349,3411 1393,3411 1438,3411 1483,3408 1525,3402"/><TextEquiv><Unicode>l'Elisire d'Amore, et sur différents opéras de Dalayrac, par</Unicode></TextEquiv></TextLine><TextEquiv><Unicode></Unicode></TextEquiv></TextRegion><TextRegion id="tr_1780992593" custom="readingOrder {index:5;} structure {type:paragraph;score:0.99;}"><Coords points="1601,2756 2761,2777 2762,3455 1597,3447"/><TextLine id="tr_1780992593_tl_1" custom="readingOrder {index:0;}"><Coords points="1605,2832 2691,2861 2726,2808 1604,2754"/><Baseline points="1614,2817 1659,2820 1704,2820 1749,2820 1793,2820 1838,2820 1883,2820 1928,2820 1973,2820 2017,2823 2062,2823 2107,2823 2152,2823 2196,2823 2241,2826 2286,2823 2331,2826 2376,2826 2420,2826 2465,2829 2510,2829 2555,2832 2599,2835 2644,2835 2689,2835 2731,2829"/><TextEquiv><Unicode>Moniot, qui depuis longtemps a pris ses lettres de natura¬</Unicode></TextEquiv></TextLine><TextLine id="tr_1780992593_tl_2" custom="readingOrder {index:1;}"><Coords points="1609,2876 2451,2913 2509,2883 2723,2922 2732,2852 1607,2832"/><Baseline points="1617,2865 1662,2868 1707,2868 1752,2865 1796,2868 1841,2868 1886,2868 1931,2868 1976,2868 2020,2868 2065,2871 2110,2871 2155,2871 2199,2871 2244,2874 2289,2877 2334,2877 2378,2877 2423,2877 2468,2877 2513,2880 2558,2880 2602,2880 2647,2883 2692,2883 2737,2883"/><TextEquiv><Unicode>lisation dans le monde musica, telles sont les œuvres que</Unicode></TextEquiv></TextLine><TextLine id="tr_1780992593_tl_3" custom="readingOrder {index:2;}"><Coords points="1607,2937 1707,2920 2241,2939 2239,2883 2089,2898 1666,2876 1607,2895"/><Baseline points="1617,2916 1662,2913 1707,2916 1752,2913 1796,2916 1841,2916 1886,2916 1931,2916 1976,2919 2020,2919 2065,2919 2110,2919 2155,2919 2199,2922 2244,2925"/><TextEquiv><Unicode>nous devrons à M. l'éditeur Paté.</Unicode></TextEquiv></TextLine><TextLine id="tr_1780992593_tl_4" custom="readingOrder {index:3;}"><Coords points="1646,2988 2732,2993 2730,2941 1644,2929"/><Baseline points="1653,2964 1698,2964 1743,2964 1787,2967 1832,2964 1877,2964 1922,2967 1967,2967 2011,2964 2056,2967 2101,2970 2146,2970 2190,2972 2235,2972 2280,2975 2325,2975 2370,2978 2414,2978 2459,2978 2504,2978 2549,2981 2593,2984 2638,2981 2683,2981 2728,2984 2734,2981"/><TextEquiv><Unicode>Nous ajouterons à ce recueil intéressant beaucoup de</Unicode></TextEquiv></TextLine><TextLine id="tr_1780992593_tl_5" custom="readingOrder {index:4;}"><Coords points="1602,3025 2726,3044 2725,2998 2594,2988 1602,2976"/><Baseline points="1611,3011 1656,3014 1701,3014 1746,3014 1790,3014 1835,3014 1880,3014 1925,3014 1970,3017 2014,3017 2059,3017 2104,3020 2149,3020 2193,3023 2238,3023 2283,3026 2328,3026 2373,3026 2417,3026 2462,3026 2507,3029 2552,3029 2596,3029 2641,3032 2686,3032 2731,3032"/><TextEquiv><Unicode>compositions de tous genre, au nombre desquelles il faut</Unicode></TextEquiv></TextLine><TextLine id="tr_1780992593_tl_6" custom="readingOrder {index:5;}"><Coords points="1602,3082 2730,3093 2730,3056 2580,3037 1602,3039"/><Baseline points="1611,3062 1656,3062 1701,3062 1746,3062 1790,3062 1835,3065 1880,3065 1925,3065 1970,3065 2014,3068 2059,3071 2104,3071 2149,3068 2193,3071 2238,3074 2283,3077 2328,3077 2373,3074 2417,3077 2462,3077 2507,3077 2552,3080 2596,3080 2641,3080 2686,3080 2731,3080 2734,3080"/><TextEquiv><Unicode>citer quarante méladies pour violon en quatre cahiers sur</Unicode></TextEquiv></TextLine><TextLine id="tr_1780992593_tl_7" custom="readingOrder {index:6;}"><Coords points="1607,3129 2723,3149 2723,3095 1605,3082"/><Baseline points="1617,3110 1662,3110 1707,3113 1752,3113 1796,3113 1841,3113 1886,3113 1931,3116 1976,3116 2020,3116 2065,3119 2110,3122 2155,3122 2199,3125 2244,3125 2289,3125 2334,3125 2378,3125 2423,3125 2468,3128 2513,3128 2558,3128 2602,3128 2647,3131 2692,3134 2728,3134"/><TextEquiv><Unicode>des motifs de Schubert ; la Perle d'Aquitaine, de Kremer;</Unicode></TextEquiv></TextLine><TextLine id="tr_1780992593_tl_8" custom="readingOrder {index:7;}"><Coords points="1604,3182 2723,3207 2733,3156 1602,3124"/><Baseline points="1611,3161 1656,3164 1701,3161 1746,3161 1790,3158 1835,3164 1880,3164 1925,3169 1970,3167 2014,3169 2059,3169 2104,3172 2149,3169 2193,3169 2238,3172 2283,3175 2328,3175 2373,3172 2417,3175 2462,3175 2507,3178 2552,3178 2596,3181 2641,3181 2686,3181 2731,3181 2737,3181"/><TextEquiv><Unicode>le Quatuor des Puritains, par Descombes ; Frivole, valse due</Unicode></TextEquiv></TextLine><TextLine id="tr_1780992593_tl_9" custom="readingOrder {index:8;}"><Coords points="1605,3231 2726,3253 2725,3204 2660,3194 1605,3182"/><Baseline points="1614,3208 1659,3211 1704,3211 1749,3208 1793,3211 1838,3211 1883,3214 1928,3217 1973,3217 2017,3220 2062,3220 2107,3223 2152,3220 2196,3220 2241,3223 2286,3223 2331,3223 2376,3226 2420,3226 2465,3226 2510,3226 2555,3229 2599,3229 2644,3229 2689,3226 2728,3226"/><TextEquiv><Unicode>au talent de M. Vienot ; Retour en Crimée, marche de Fer¬</Unicode></TextEquiv></TextLine><TextLine id="tr_1780992593_tl_10" custom="readingOrder {index:9;}"><Coords points="1604,3279 2589,3309 2726,3287 2726,3253 1602,3231"/><Baseline points="1611,3259 1656,3259 1701,3259 1746,3262 1790,3265 1835,3268 1880,3265 1925,3268 1970,3268 2014,3271 2059,3271 2104,3274 2149,3271 2193,3271 2238,3274 2283,3274 2328,3274 2373,3277 2417,3277 2462,3277 2507,3280 2552,3277 2596,3280 2641,3280 2686,3280 2731,3274"/><TextEquiv><Unicode>rand de Caire; et enfin, bon nombre de compositions char¬</Unicode></TextEquiv></TextLine><TextLine id="tr_1780992593_tl_11" custom="readingOrder {index:10;}"><Coords points="1599,3319 2582,3372 2726,3341 2726,3285 2443,3314 1599,3279"/><Baseline points="1608,3310 1653,3310 1698,3313 1743,3313 1787,3313 1832,3316 1877,3316 1922,3319 1967,3319 2011,3319 2056,3319 2101,3322 2146,3322 2190,3322 2235,3325 2280,3325 2325,3328 2370,3325 2414,3328 2459,3325 2504,3328 2549,3328 2593,3328 2638,3331 2683,3331 2728,3331 2731,3331"/><TextEquiv><Unicode>mantes qu’il serait trop long d’énumérer, et que met à</Unicode></TextEquiv></TextLine><TextLine id="tr_1780992593_tl_12" custom="readingOrder {index:11;}"><Coords points="1595,3379 1988,3381 2023,3414 2283,3386 2281,3338 2244,3333 1869,3326 1799,3347 1643,3319 1595,3338"/><Baseline points="1605,3361 1650,3364 1695,3364 1740,3366 1784,3366 1829,3366 1874,3366 1919,3369 1964,3369 2008,3369 2053,3372 2098,3372 2143,3372 2187,3372 2232,3375 2277,3375 2286,3375"/><TextEquiv><Unicode>notre disposition M. l’éditeur Petit.</Unicode></TextEquiv></TextLine><TextEquiv><Unicode></Unicode></TextEquiv></TextRegion></Page></PcGts>