2822 3966
1604 84 1688 169 92
583 150 1598 233 35 et 36, GARNITURES de petits rideaux de vitre, se
544 211 960 289 brodant au plumetis.
590 266 1158 340 37, ENTRE-DEUX, application.
583 321 1578 380 38, GARNTURE application, pouvant également ser¬
544 373 1586 439 vir pour encadrement de rideaux, manches ou bonnet.
583 432 1444 498 39, SEMÉ POUR MANCHES bouillons, plumetis.
587 476 1585 531 40, Ce col, dont j'ai vu le modèle chez l'une de nos
542 531 1584 588 plus habiles lingères, est la dernière nouveauté qui ait
542 587 1585 655 paru, aussi n'ai-je point voulu laisser échapper la
535 635 1588 700 bonne occasion de t'en envoyer un échantillon.
542 687 1573 753 Prends du tulle crêpe ou autre, selon ton goût ; ap
542 748 1589 807 plique dessus du nansouk, sur lequel tu placeras ton
535 805 1584 851 dessin ; tu brodera's ensuite tous ces petits bouquets au
535 845 1578 905 plumetis ; puis, autour des médaillons ou des feuilles,
530 896 1573 956 si mieux tu aimes, tu feras à l'extérieur et à l’inté¬
530 948 1573 1004 rieur un petit point de feston, aussi fin que possible
530 1003 1572 1058 et pour terminer, tu découperas en levant le nansouk
532 1046 1582 1099 excepté entre les deux petits festons des médaillons.
530 1098 1572 1153 Comme tu le vois, avec peu d’ouvrage, tu te trou¬
532 1153 1576 1206 veras posséder un fort joli col. Chez les lingères, le
524 1205 1588 1260 tulle est remplacé par de la valencienne, et le petit
524 1260 1582 1315 feston par un point de piqure, mais il faut pour cela
532 1309 1584 1374 préparer chaque partie séparément; c'est un travail
532 1366 1574 1420 au-dessus de nos moyens, je ne t’en parle que pour
532 1410 1558 1473 ton instruction. Quant à nous, nous nous contente
524 1465 1570 1525 rons de garnir notre col de deux rangs de petite den¬
530 1513 824 1582 telle tuyautée.
571 1574 1181 1629 41, MANCHETTE assortie au col.
580 1622 1582 1677 42, Bas de JUPON, plumetis, feston, feuilles de rose
524 1668 884 1735 et œillets ombrés.
575 1724 1584 1795 43, DESSIN DE SOUTACHE pour costumes d'enfants.
568 1778 1018 1842 44, Valérie, plumetis.
567 1831 1570 1899 45, QUART D'UN MOUCHOIR dont le dessin peut se re¬
527 1879 1570 1945 produire de trois manières différentes : 1° en le bro¬
518 1934 1582 2000 dant tel qu’il est dessiné, au plumetis ; 2° en plaçant
527 1990 1573 2040 une double batiste sur la guirlande du bord, et 3e en
518 2045 1574 2109 mettant sous les médaillons seulement une batiste
528 2084 670 2143 double
564 2128 952 2200 46, SEMÉ, plumetis.
566 2189 1576 2248 47, MOUCHOIR QUATRE FACES. TU peux avec ce dessin
520 2235 1561 2300 composer bien des mouchoirs de dispositions différen¬
518 2284 1568 2349 tes; la chose est trop facile pour que je te l'explique.
518 2341 1576 2409 Je te dirai seulement qu'il est mélangé de plumetis, de
519 2408 1566 2465 point de plume, d'œillets ombrés et de feston feuilles
512 2445 1570 2510 de rose. Si ce mouchoir devaitfigurer, ainsi que tu me
514 2501 1570 2579 l'as dit, je crois, dans une corbeille de mariée, je
520 2551 1558 2622 t'engagerais à substituer un entre-deux de valen
512 2612 1562 2675 cienne au ruban d'œillets; dans ce cas, une valen¬
511 2644 1577 2722 cienne devrait aussi terminer le bord. Tu ne pourrais
519 2698 1557 2775 offrir à ton amie un plus élégant cadeau, ayant sur¬
511 2755 1257 2829 tout le mérite d’avoir été fait par toi.
558 2813 1564 2877 48 à 52.—DEVANT, DOS, MANCHES, VOLANT DE LA MANCHE
504 2870 1570 2941 ET BERTHE d'une robe pour petite fille de trois à quatre
506 2930 1561 2984 ans ; cette robe, dont le croquis se trouve au n° 54,
506 2980 1558 3031 est une des plus jolies nouveautés de la maison Ha¬
514 3021 1566 3091 vez ; elle se fait en popeline de deux couleurs avec
504 3076 1561 3142 broderie en soutache ; celle que j'ai vue dans cette
506 3132 1547 3199 maison m'a paru si charmante que je vais te la dé
515 3178 1565 3250 crire : le corsage (48 et 49) était en popeline unie,
512 3218 1561 3300 bleu de France, ainsi que le haut de la petite manche
515 3278 1561 3361 (n° 50); au bord de cette manche, était posé à plis
520 3337 1562 3407 plats le volant du n° 51, dont la broderie en soutache
511 3381 1560 3467 bleu de France se détachait sur de la popeline grise
510 3425 1564 3519 cendrée de rose ; toutes ces parties sont, bien entendu,
507 3494 1556 3578 rapportées, et leur jonction cachée par une soutache ;
506 3535 1570 3639 la berthe du n° 52 terminait ce petit corsage; quant
1676 156 2719 254 à la jupe, qui avait à peu près 40 centimètres de hau¬
1680 221 2723 301 teur, elle était composée de sept raies de popeline bleue
1679 285 2720 353 unie et de septraies de popeline grise ; sur ces dernières
1676 328 2723 404 se trouvait le dessin du n° 53. Sur toute leur lon¬
1681 387 2718 459 gueur, chacune de ces raies ou bandes avait quinze
1671 439 2719 506 centimètres de largeur. Maintenant disons un mot de
1679 484 2716 558 la broderie qui est, je te le répète, composée de sou¬
1669 548 2719 611 tache de soie très-fine, bleu de France ; les carreaux
1673 594 2719 654 du milieu de l’écusson sont formés on par un point
1669 658 2719 717 de poste, ou, ce qui est plus joli, par un cordonnet fait
1671 705 2728 765 avec de la soie un peu grosse ; dans ces carreaux, on
1673 758 2723 817 place ou une perle de jais, ou bien l'on y fait un point
1677 813 2716 865 grainé; ce point, qui se trouve dans beaucoup de
1665 856 2728 923 broderies au passé, se fait généralement au métier,
1671 900 2719 968 mais, pour un si petit ouvrage, on peut encore, avec
1676 960 2723 1027 quelque soin, le réussir à la main. Il faut prendre
1671 1007 2720 1077 une très-grande aiguillée de soie, solidement arrêtée
1665 1063 2723 1125 en dessous; on sort l'aiguille en dessus; puis, on
1665 1095 2728 1177 forme à plat, sur l'étoffe, une boucle, dans le milieu
1665 1165 2715 1235 de laquelle on passe l'aiguille que l'on pique en de¬
1668 1213 2716 1276 hors du côté gauche; le nœud ainsi formé, on le sou¬
1665 1271 2728 1329 tient de la main droite, le faisant glisser, au fur et à
1668 1324 2714 1380 mesure que la main gauche, placée en dessous de l’ou¬
1671 1368 2716 1436 vrage, tire l'aiguillée de soie. Ces points grainés ou
1664 1427 2727 1489 nœuds sont, comme tu le vois, très-faciles à faire et
1665 1474 2716 1534 produisent un bon effet. Inutile d'ajouter à cette des¬
1668 1534 2718 1588 cription que la robe, dont nous venons de parler, se¬
1658 1573 2716 1652 rait encore fort jolie dans beaucoup d’autres cou¬
1657 1628 2622 1695 leurs, bleu de ciel et noir, rose et noire, etc., etc.
1712 1679 2159 1736 54. Croques de la robe.
1701 1736 2719 1803 Si madame Havez pense aux petites filles, tu vas voir
1665 1786 2716 1863 qu'elle n'oublie pas non plus leurs petits contempo¬
1661 1836 1783 1894 rains.
1712 1893 2719 1958 55, 56 et 57. DEVANT, DOS et MANCHES d'une veste
1664 1941 2728 2012 hongroise pour petit garçon de quatre à cinq ans. Cette
1667 1998 2719 2058 veste, ouverte sur le devant et très-courte, puisqu’elle
1658 2041 2728 2123 laisse au bas de la taille la place d'une écharpe qui
1661 2113 2711 2167 se noue sur le côté, se fait, le plus souvent, en ve¬
1665 2144 2720 2210 lours noir. Les nœuds hongrois sont formés par une
1652 2204 2719 2263 soutache de même couleur; à chaque pointillé se
1653 2256 2708 2321 trouve une perle de jais. La petite jupe, qui accom¬
1661 2306 2720 2369 pagne la veste, se fait en popeline écossaise, ou en
1653 2361 2723 2425 toute autre étoffe du même genre; elle se pose à gros
1658 2420 2716 2476 plis crevés, sur une petite ceinture; comme largeur,
1652 2469 2723 2533 il faut à peu près trois lés de popeline; la longueur
1654 2529 2723 2587 est de trente-cinq à quarante centimètres, mais cette
1654 2569 2724 2635 mesure doit, très-nécessairement, varier, suivant la
1653 2627 2718 2684 taille de l'enfant. L'écharpe, pareille à l'étoffe de la
1652 2674 2719 2739 jupe, doit avoir trente centimètres de large sur un
1648 2726 2706 2793 mètre vingt-cinq de long; on la garnit d’un petit ef¬
1660 2770 2607 2848 filé Pom Touce assorti aux couleurs de la jupe.
1704 2831 2358 2897 58, CROQUIS DU COSTUME HONGROIS.
1693 2877 2707 2956 59, PATRON ET DESSIN D'UN BAVOIR, se brodant au plu¬
1653 2938 2714 3003 metis sur du piqué très-fin ; aux deux pattes du haut,
1653 2992 2711 3050 se trouve une boutonnière, et à celles du bas un bou¬
1654 3043 2714 3102 ton ; ces pattes viennent se rejoindre sous le bras.
1654 3084 2714 3158 Derrière le cou, deux boutonnières et deux bouts
1649 3144 2723 3207 achèvent ce bavoir, dont la forme produit, pour ainsi
1654 3193 2270 3270 dire, l'effet d'un petit corsage.
1700 3245 2144 3313 60, Idaline, plumetis.
1695 3297 2165 3372 61, Albertine, plumetis
1700 3352 2379 3423 62, COURONNE DE BARON, plumetis.
1704 3413 2406 3473 63, COURONNE DE VICOMTE, plumetis.
1701 3469 2377 3522 64, COURONNE DE COMTE, plumetis.
1703 3518 2406 3593 65, COURONNE DE MARQUIS, plumetis.
1704 3576 2319 3653 66, COURONNE DE DUC, plumetis.
