2897 4318
1182 211 1363 302 375
765 491 1869 628 ÉDUCATION MUSICALE
221 795 1212 857 DE L’ÉTABLISSEMENT DE L‘OPÈRA ITALIEN A LONDRES.
576 975 847 1050 HAENDEL.
443 1061 974 1137 (Deuxième et dernier article.)
224 1170 1242 1238 Les discussion que Haendel avait eues avec une
195 1219 1233 1290 partie de la noblesse de Londres lui avaient fait beau¬
182 1260 1246 1329 coup d'ennemis. Ceux-ci voulurent se venger de son
189 1314 1241 1386 humeur hautaine et établirent en concurrence avec
184 1363 1241 1441 lui un second opéra italien qu’ils firent diriger par
186 1419 1238 1493 Porpora, venu exprès d’Italie, et dans lequel on en¬
184 1467 1240 1545 tendit Senesimo, la Cuzzoni, Montagna, Segotti et
185 1514 1234 1600 Bertolli. La lutte devint encore plus pénible l’année
181 1577 1237 1648 suivante, car Farinelli fut engagé pour le théâtre qui
184 1632 1235 1703 était hostile à Haendel, et l’effet que produisit ce
184 1689 1234 1744 chanteur surpassa tout ce qu’on avait vu jusque-là,
185 1725 1227 1809 Ce fut un véritable délire auquel on ne peut compa¬
176 1779 1238 1864 rer que celui qui s’empara de la nation anglaise
176 1832 1225 1916 lorsqu’elle entendit la Catalani. Haendel n’avait au¬
177 1899 1233 1968 cun chanteur qu’il pût opposer à Farinelli : son génie
174 1946 1230 2012 seul le soutint ; mais l’excès du travail altéra sa santé.
181 1990 1230 2057 Cette lutte continua jusqu’en 1737, époque à laquelle
180 2035 1226 2108 Farinelli quitta l’Angleterre pour aller en Espagne.
170 2091 1230 2160 L’arrivée de cet artiste incomparable à la cour de
180 2139 1233 2219 Philippe V fut l’origine d’une fortune dont il y a eu
177 2193 1226 2269 très-peu d’exemples. Farinelli, par le charme de sa
181 2252 1219 2328 voix, s’empara de la faveur du prince et devint pre¬
166 2297 1218 2365 mier ministre, dignité qu’il conserva sous les deux
171 2354 1230 2426 règnes suivants. Le second opéra de Londres fut
173 2409 865 2461 fermé après le départ de Farinelli.
213 2463 1223 2529 Haendel, fatigué par les prodiges d’activité qu’il
170 2511 1226 2585 avait faits pendant toute cette guerre musicale, fut
176 2563 1225 2633 obligé d'aller aux eaux d'Aix-la-Chapelle pour y réta¬
171 2612 1223 2688 blir sa santé. De retour à Londres, il y forma une
166 2656 1222 2726 nouvelle
169 2726 1218 2796 nommé Heidegger, pour l’exploitation de l‘opéra ita¬
169 2766 1219 2840 lien au théâtre de Hay-Market. Les associés engagè¬
165 2822 1223 2891 rent Caffarelli, considéré à juste titre comme un des
171 2880 1218 2939 premiers chanteurs de l’Italie. Ils lui adjoignirent
165 2928 1218 2993 trois autres artistes remarquables nommés Merighi,
165 2970 1220 3041 la Francisina et madame Marchesina; la nouvelle
169 3029 1209 3085 troupe fit son début le 7 janvier 1738 dans le Pha¬
166 3081 1218 3131 ramond , de Haendel. Cette entreprise fut désas¬
171 3124 1219 3195 treuse : l’associé de Haendel était insolvable ; toutes
166 3180 1220 3242 les charges, qui étaient énormes, retombèrent sur le
166 3231 1220 3303 compositeur, et celui-ci se trouva ruiné à la fin de
1331 799 2371 873 cette saison. Heureusement le génie du grand homme
1330 850 2374 927 vint encore à son secours. Ce fut à cette époque qu’il
1329 898 2374 990 conçut le plan de ses oratorios, qui sont ses plus
1322 945 2364 1038 beaux titres de gloire et qui firent sa fortune. L'idée
1331 996 2371 1081 heureuse qu’il avait eue de composer ces ouvrages
1321 1046 2367 1140 sur des paroles anglaises, flatta la nation; et bientôt
1319 1105 2354 1185 il acquit une regularité jusqu’alors sans précédent.
1322 1146 2359 1245 Le premier essai de ces oratorios eut lieu au théâtre
1316 1204 2363 1303 de Hay-Market, en 1739, et le produit des recettes fut
1319 1249 2356 1342 immense. Il ne diminua point pendant les années
1316 1310 2360 1395 suivantes, et Haendel put réparer avec usure les per¬
1319 1353 1925 1430 tes qu'il avait faites à l'Opéra.
1362 1414 2359 1495 Après lui, l'opéra italien fut alternativement dans
1310 1469 2353 1550 une situation prospère ou fâcheuse; mais en défini¬
1319 1511 2356 1598 tive il causa très-fréquemment la ruine ou la banque¬
1311 1573 2360 1646 Comte des directeurs. Cependant la noblesse anglaise
1310 1628 2359 1706 aime ce spectacle, parce qu’il n’appartient en quelque
1310 1674 2352 1758 sorte qu’à elle; mais on ne peut l’y attirer qu‘en lui
1315 1728 2353 1800 faisant entendre les artistes les plus célèbres, et les
1308 1788 2357 1848 sommes énormes qu’il faut accorder à ceux-ci, sont
1310 1832 2349 1896 une cause perpétuelle de ruine et de faillites pour
1318 1881 2346 1954 ceux qui ont l’imprudence de se hasarder dans cette
1304 1943 2345 2012 entreprise. L’Opéra-Italien de Londres est peut-être le
1304 1981 2339 2056 théâtre où l'on a entendu le plus de grands chan¬
1314 2027 2342 2117 teurs; cependant c'est celui dont le produit a été le
1304 2094 2341 2167 plus faible en le comparant à la dépense. Successive¬
1304 2141 2341 2212 ment, après Caffarelli, on y vit paraître Guadagni,
1308 2187 2338 2261 la Kingotti, de Amicis, Sabelloni, Millico, Rauzzini,
1300 2250 2337 2313 la Sestini, Pacchiarotti, Viganoni, Tenducei, Crescen¬
1307 2301 2346 2375 tini, Rubinelli, la Mara, la Storace, Marchesi, la
1300 2339 2337 2408 Banti, mesdames Bellington, Grossini, Catalani, Fo¬
1305 2409 2335 2455 dor, Pasta, Pisaroni, et postérieurement mademoi¬
1300 2453 2332 2520 selle Sontag, mesdames Malibran, Damoreau; Labla¬
1307 2508 2337 2574 che, Rubini, Tamburini, Ronconi, Marie, mesdames
1311 2552 2338 2612 Persiani, Grisi, Henry Lind, Alboni, enfin tout ce que
1300 2599 2341 2668 l’Italie, l’Allemagne, la France et l‘Angleterre ont
1308 2655 2328 2711 produit de plus parfait, sans que le charme de ces ar¬
1300 2710 2335 2764 tistes de premier ordre pût garantir les directeurs de
1293 2753 2331 2817 l’Opéra contre les revers par lesquels se sont terminées
1305 2808 2332 2865 toutes les entreprises, et, ce qu’il y a de plus remar¬
1301 2859 2330 2921 quable, sans que le goût de la nation anglaise s’en
1296 2911 2330 2973 améliorât; mais elles n’en furent pas moins utiles,
1303 2961 2326 3024 puisqu’elles popularisèrent la musique italienne dans
1300 3015 2335 3062 cette nation jusqu’alors rebelle à l’art et à la science
1299 3052 2328 3121 de la musique. Haendel, né à Halle (Saxe) en 1684,
1293 3113 2328 3168 est mort à Londres et a été inhumé à Westminster
1296 3161 1480 3242 en 1759.
1880 3213 2231 3280 MARIE LASSAVEUR.
