2897 4318
1244 220 1371 325 229
187 298 1261 379 tient à grand'peine de Louis XI un faible secours d’ar¬
187 376 1258 437 gent, retourne en Angleterre, et de château en châ¬
189 431 1259 492 teau, de village en village, elle cherche des partisans
177 481 1258 545 à son royal époux. Au printemps de 1463, elle risque
176 544 1258 606 encore un grand combat à Exham. Encore une défaite
180 598 1259 655 sanglante ! Henri est entraîné par ses amis loin du
176 648 1265 711 champ de bataille, Marguerite fuit, son fils dans ses
180 697 1255 764 bras. Seule, égarée dans une forêt, après avoir long¬
184 745 1258 802 temps erré, elle se trouva en face d’un homme armé
181 807 1255 862 d’une épée. Son âme héroïque l’inspire alors; elle
172 856 1254 922 s’avance vers cet homme, et lui présentant le jeune
184 903 1251 968 prince avec cette dignité qui lui subjuguait tous les
172 967 1160 1020 cœurs : « Sauvez, dit-elle, le fils de votre roi ! »
218 1009 1252 1081 Cet homme était un lancastrien fidèle : il offrit un
165 1074 1242 1120 asile à Marguerite, et parvint à la réunir à quelques¬
172 1117 1252 1177 un de ses amis qui la cherchaient; mais les jours de
164 1160 1242 1239 la reine étaient mis à prix; on poursuivait en elle le
169 1224 1251 1286 bras et la tête, le conseil et la force du parti royal, le
170 1279 1242 1350 Cœur-de-lion de Lancastre, et comprenant qu’elle ne
181 1328 1240 1398 pouvait plus rien, que sa présence compromettait ceux
181 1390 1239 1440 qui lui donnaient un furtif asile, poursuivie de toutes
170 1431 1229 1503 parts sur cette terre où elle avait régné, elle cher¬
174 1495 1239 1550 cha son salut dans la fuite, et parvint heureusement
172 1543 1236 1608 dans les États du duc Philippe le Bon. Il la reçut
162 1592 1232 1641 avec cette hospitalité brillante et généreuse qu’il ai¬
158 1645 1236 1712 mait surtout à prodiguer aux infortunés; mais les
158 1708 1227 1760 délices de cette cour somptueuse, ces jeux, cts tour¬
162 1751 1233 1812 nois, ces fêtes, ne convenaient pas à la tristesse de
160 1802 1232 1868 Marguerite. Elle quitta la Bourgogne, et pendant
160 1862 1229 1923 cinq ans, elle erra, tantôt à la cour du roi Réné, son
165 1910 1229 1973 père, tautôt en Lorraine, chez sa sœur Yelande; à
154 1973 1225 2025 Amboise, à la cour de Louis XI, travaillant toujours
160 2014 1229 2088 au succès de sa cause et à la délivrance de son époux,
160 2075 1231 2132 Captif à la tour de Londres et tenu au secret le plus
157 2127 1225 2192 rigoureux. Elle élevait son fils et en faisait un jeune
153 2169 1228 2247 homme accompli, qui eût fait le bonheur de l'Angle¬
156 2219 1217 2294 terre, si le glaive qui, durant trente années, mois¬
154 2280 1224 2347 sonnaGoses rouges et roses blanches, ne l’eût abattu
146 2321 383 2387 à son tour.
203 2389 1217 2460 Cinq ans se passèrent ainsi. La fortune changeante
150 2440 1220 2513 avait enlevé à Édourd IV l’amour de ses partisans;
146 2479 1217 2563 les espérances de Marguerite refleurissaient; Louis XI,
154 2544 1216 2613 qui, en politique, voyait assez loin, la traitait avec
157 2598 1219 2662 déférence, et un des plus puissants seigneurs de
141 2650 1213 2719 l’Angleterre, Warwick, se talliait à la rose rouge.
141 2700 1212 2769 Édouard est chassé de Londres, et Henri replacé sur
146 2744 1217 2823 le trône; Marguerite quitte la France, et en dépit de
146 2800 1216 2884 la tempête qui, trois fois, rejette son vaisseau sur la
147 2861 1209 2931 côte, elle arrive enfin en Angleterre avec son fils,
146 2905 864 2973 âgé alors de quatorze à quinze ans.
184 2965 1209 3031 La guerre recommence aussitôt, la guerrre, si fu¬
142 3016 1205 3093 neste à Marguerite et aux siens. Elle voit, dans la fa¬
146 3065 1210 3153 tale journée de Barnet, succomber Warwick; Hen-
1339 319 2421 419 ri VI est de nouveau renfermé à la Tour ; à peu de
1355 377 2420 467 jours de là, à Tewkesbury, nouvelle défaite, et plus
1350 440 2416 529 cruelle pour le cœur maternel. Son fils, son Edouard,
1343 483 2418 575 est fait prisonnier. On conduit le jeune prince devant
1340 537 2412 628 le roi Edouard IV, qui l’interroge avec dureté : « Qui
1343 592 2412 682 t'a rendu si hardi de venir en Angleterre, bannières
1342 665 2410 728 déployées, contre moi? — Je suis venu défendre la
1343 709 2414 770 couronne de mon père et mon propre héritage, » ré¬
1343 756 1731 829 pondit l'adolescent.
1378 810 2412 880 A ce mot, le sauvage vainqueur le frappa au vi¬
1344 867 2410 929 sage de son gantelet de fer. Ce fut un signal, les che¬
1342 916 2418 990 valiers de la suite du roi se ruèrent sur le jeune
1334 968 2407 1039 Edouard, qui tomba percé de coups et mourut sur-le¬
1339 1021 1500 1087 champ.
1384 1071 2414 1150 Marguerite fut emmenée prisonnière, et elle apprit
1332 1128 2386 1202 de la bouche même des vainqueurs la mort san¬
1334 1189 2402 1255 glante de son enfant. Cette mère infortunée maudit
1330 1243 2399 1308 Edouard IV, et souhaita que ses fils fussent frappés
1328 1281 2401 1367 dans leur enfance comme son fils l’avait été à la
1323 1338 2397 1415 fleur de ses ans. Malédiction terrible et qui fut exau¬
1330 1388 1419 1449 cés.
1369 1444 2397 1504 La malheureuse captive orna le triomphe du vain¬
1323 1484 2399 1568 queur : elle entra dans Londres, exposée à la vue de
1324 1553 2399 1623 tous, sur un chariot, derrière le superbe cheval qui
1323 1599 2402 1672 portait Édouard IV ; mais cette humiliation, qu’on
1316 1662 2398 1724 lui avait réservée, ne la touchait pas; la douleur
1317 1706 1802 1774 l’absorbait tout entière.
1359 1758 2379 1830 Enfermée à la tour de Londres, elle apprit le len
1312 1811 2387 1873 demain la mort de son époux, assassiné par les mê¬
1312 1879 2387 1937 mes mains qui lui avaient ravi son fils. Elle resta
1312 1929 2382 1980 seule, sans espérance, et avec les plus affreux sou¬
1323 1984 2382 2049 venirs. Plusieurs années s’écoulèrent ainsi. Enfin,
1315 2026 2375 2088 Louis XI, à qui le roi Réné venait de céder la Pro¬
1312 2087 2379 2145 vence, paya la rançon de la malheureuse reine d’An¬
1312 2141 2386 2201 gleterre (1475). Elle se retira à Angers, auprès de
1305 2191 2382 2249 son père. Mais ni la liberté, ni l’air de la patrie, ne
1312 2244 2379 2307 purent lui rendre une ombre de tranquillité. Elle se
1300 2302 2380 2353 retournait sans cesse vers le passé, et la religion seule
1309 2349 2380 2421 adoucissait ses peines. Son sang aigri se décomposa;
1309 2407 2379 2457 une terrible maladie, la lèpre, acheva de défigurer ce
1302 2453 2379 2522 beau visage, altéré par les ans et par l’in fortune, et
1300 2513 2374 2566 de plus en plus accablée par les maux du corps et
1300 2560 2380 2629 les angoisses de l'âme, elle mourut en 1482, à l'àge
1300 2627 2364 2673 de cinquante-trois ans. Elle avait employé ses der¬
1300 2667 2371 2723 nières ressources à fonder des messes pour le repos
1300 2717 2038 2767 de l’âme de son époux et de son fils.
1342 2759 2374 2838 Telle fut Marguerite d'Anjou. Ses malheurs et la
1300 2821 2363 2884 grandeur de son caractère n'ont peut-être été dépas¬
1293 2878 2374 2931 sés que par les infortunes et le courage d'une autre
1293 2923 2374 2990 reine, de Marie-Antoinette. A travers les siècles, une
1309 2982 2370 3050 parenté secrète unit ces deux femmes, si belles aux
1305 3034 2366 3093 jours de la prospérité, si fières dans les plus affreux
1288 3086 1450 3169 revers.
885 3289 1622 3420 BIBLIOGRAPHIE.
381 3434 983 3552 FLORENCE RAYMOND
448 3521 914 3611 Par Mlle JULIE GOURAUD (1).
187 3585 1206 3682 Mademoiselle Julie Gouraud est un charmant au¬
185 3698 1205 3818 (1) Chezorsy, Paris, 66, rue des Saints-Pères. 1 volume
137 3752 510 3821 in-12, prix 2 fr. 50.
1290 3430 2360 3521 teur, bien connu de l’enfance, à qui elle a offert des
1288 3502 2356 3565 contes pleins de fraîcheur et de sentiment. Elle a
1293 3560 2349 3638 publié aussi l’histoire d’une pauvre servante, Ma¬
1288 3629 2361 3673 rianne aubry, que l'Académie a jugée digne d'un prix
1290 3672 2361 3746 Monthyon; on lui doit également, sous une forme
1290 3711 2364 3776 attachante, un tableau des différentes bonnes œuvres
1290 3773 2368 3841 de Paris, et elle a écrit pour la jeunesse un roman
